{"host":"fj5i6t4nkss7815d","time":1612926699,"event":{"mods":["AchievementEnabler","BaseMod","Minty Spire (QoL Compilation)","Quick Restart","Relic Stats"],"gold_per_floor":[369,383,8,0,18,349,349,374,453,453,464,475,495,509,509,581,581,594,594,608,658,4,4,19,44,56,68,80,105,117,117],"floor_reached":30,"language":"ENG","playtime":2119,"items_purged":[],"score":536,"play_id":"49777537-eaf1-4afd-9181-2239de58b1f2","local_time":"20210209191139","is_ascension_mode":true,"campfire_choices":[{"floor":7.0,"key":"REST"},{"floor":10.0,"key":"REST"},{"floor":15.0,"key":"REST"},{"floor":23.0,"key":"REST"}],"circlet_count":0,"master_deck":["AscendersBane","Strike_G","Strike_G","Strike_G","Strike_G","Strike_G","Defend_G","Defend_G","Defend_G","Defend_G","Defend_G","Survivor","Neutralize","Blade Dance","Underhanded Strike","Skewer","Unload","Slice","Cloak And Dagger","Venomology","Tactician","Prepared"],"relics":["Ring of the Snake","Tough Bandages","Old Coin","Centennial Puzzle","Blue Candle","HoveringKite","WarpedTongs","Chemical X","Mango","MealTicket","MawBank","Eternal Feather"],"acts_visited":["Exordium","TheCity"],"potions_floor_usage":[30,30],"damage_taken":[{"damage":1.0,"enemies":"Small Slimes","floor":1.0,"turns":3.0},{"damage":3.0,"enemies":"Jaw Worm","floor":2.0,"turns":6.0},{"damage":0.0,"enemies":"Cultist","floor":5.0,"turns":3.0},{"damage":9.0,"enemies":"Lagavulin","floor":6.0,"turns":5.0},{"damage":43.0,"enemies":"Gremlin Nob","floor":8.0,"turns":5.0},{"damage":4.0,"enemies":"Exordium Thugs","floor":11.0,"turns":3.0},{"damage":0.0,"enemies":"Looter","floor":12.0,"turns":2.0},{"damage":3.0,"enemies":"Red Slaver","floor":13.0,"turns":2.0},{"damage":2.0,"enemies":"Exordium Wildlife","floor":14.0,"turns":3.0},{"damage":33.0,"enemies":"The Guardian","floor":16.0,"turns":16.0},{"damage":16.0,"enemies":"3 Byrds","floor":18.0,"turns":7.0},{"damage":8.0,"enemies":"Chosen","floor":20.0,"turns":3.0},{"damage":7.0,"enemies":"Centurion and Healer","floor":24.0,"turns":6.0},{"damage":36.0,"enemies":"Slavers","floor":25.0,"turns":7.0},{"damage":1.0,"enemies":"Snecko","floor":29.0,"turns":5.0},{"damage":40,"enemies":"Book of Stabbing","floor":30,"turns":5}],"seed_played":"-5538576427500832351","potions_obtained":[{"floor":2.0,"key":"Explosive Potion"},{"floor":6.0,"key":"GamblersBrew"},{"floor":12.0,"key":"LiquidBronze"},{"floor":13.0,"key":"DuplicationPotion"},{"floor":18.0,"key":"FearPotion"},{"floor":29.0,"key":"EssenceOfSteel"}],"is_trial":false,"path_per_floor":["M","M","$","?","M","E","R","E","T","R","M","M","M","M","R","B",null,"M","?","M","?","$","R","M","E","T","?","$","M","E"],"character_chosen":"THE_SILENT","items_purchased":["Tough Bandages","AttackPotion","Chemical X","Mango","MealTicket"],"campfire_rested":4,"item_purchase_floors":[3,3,22,22,22],"current_hp_per_floor":[43,40,40,40,40,31,50,7,7,26,22,22,19,17,36,3,50,34,34,26,26,40,64,57,21,21,21,36,35,0,0],"gold":117,"neow_bonus":"TWO_FIFTY_GOLD","is_daily":false,"chose_seed":false,"campfire_upgraded":0,"win_rate":0.0,"timestamp":1612926699,"path_taken":["M","M","$","?","M","E","R","E","T","R","M","M","M","M","R","BOSS","M","?","?","?","$","R","M","E","T","?","$","M","E"],"items_purchased_type":["Relic","Potion","Relic","Relic","Relic"],"build_version":"2020-12-22","purchased_purges":0,"victory":false,"max_hp_per_floor":[66,66,66,66,66,66,66,66,66,66,66,66,66,66,66,66,66,66,66,66,66,80,80,80,80,80,80,80,80,80,80],"relic_stats":{"Tough Bandages":[180],"Centennial Puzzle":[30],"counters":[16,81],"Blue Candle":[8],"HoveringKite":[16],"MealTicket":15,"Eternal Feather":0,"Chemical X":[8],"MawBank":60,"obtain_stats":[{"Tough Bandages":3,"Centennial Puzzle":8,"Blue Candle":9,"HoveringKite":17,"Mango":22,"MealTicket":22,"Eternal Feather":26,"Chemical X":22,"MawBank":25,"Ring of the Snake":0,"Old Coin":6,"WarpedTongs":19},{"Tough Bandages":2,"Centennial Puzzle":5,"Blue Candle":5,"HoveringKite":10,"Mango":12,"MealTicket":12,"Eternal Feather":14,"Chemical X":12,"MawBank":14,"Ring of the Snake":0,"Old Coin":4,"WarpedTongs":11},{"Tough Bandages":9,"Centennial Puzzle":22,"Blue Candle":22,"HoveringKite":48,"Mango":58,"MealTicket":58,"Eternal Feather":71,"Chemical X":58,"MawBank":71,"Ring of the Snake":0,"Old Coin":17,"WarpedTongs":55}],"Ring of the Snake":[32],"WarpedTongs":[26]},"card_choices":[{"not_picked":["Dodge and Roll","Outmaneuver","Footwork"],"picked":"SKIP","floor":1.0},{"not_picked":["Finisher","Dodge and Roll"],"picked":"Blade Dance","floor":2.0},{"not_picked":["Flying Knee","Poisoned Stab"],"picked":"Underhanded Strike","floor":5.0},{"not_picked":["Tactician","Backstab"],"picked":"Skewer","floor":6.0},{"not_picked":["Accuracy","Deflect"],"picked":"Unload","floor":8.0},{"not_picked":["Sucker Punch","Backflip"],"picked":"Slice","floor":11.0},{"not_picked":["Catalyst","Crippling Poison","Backflip"],"picked":"SKIP","floor":12.0},{"not_picked":["Finisher","Flying Knee","Footwork"],"picked":"SKIP","floor":13.0},{"not_picked":["Deflect","Slice"],"picked":"Cloak And Dagger","floor":14.0},{"not_picked":["Malaise","Burst"],"picked":"Venomology","floor":16.0},{"not_picked":["Skewer","Escape Plan","Noxious Fumes"],"picked":"SKIP","floor":18.0},{"not_picked":["Finisher","Backflip","Bane"],"picked":"SKIP","floor":20.0},{"not_picked":["Outmaneuver","Concentrate","Blade Dance"],"picked":"SKIP","floor":24.0},{"not_picked":["Deadly Poison","Sucker Punch"],"picked":"Tactician","floor":25.0},{"not_picked":["Dagger Throw","Quick Slash"],"picked":"Prepared","floor":29.0}],"player_experience":1026115,"relics_obtained":[{"floor":6.0,"key":"Old Coin"},{"floor":8.0,"key":"Centennial Puzzle"},{"floor":9.0,"key":"Blue Candle"},{"floor":25.0,"key":"MawBank"},{"floor":26.0,"key":"Eternal Feather"}],"event_choices":[{"damage_healed":0.0,"max_hp_gain":0.0,"max_hp_loss":0.0,"gold_gain":0.0,"event_name":"World of Goop","player_choice":"Left Gold","floor":4.0,"gold_loss":8.0,"damage_taken":0.0},{"damage_healed":0.0,"max_hp_gain":0.0,"max_hp_loss":0.0,"gold_gain":0.0,"event_name":"Accursed Blacksmith","player_choice":"Rummage","floor":19.0,"gold_loss":0.0,"damage_taken":0.0,"relics_obtained":["WarpedTongs"],"cards_obtained":["Pain"]},{"damage_healed":0.0,"max_hp_gain":0.0,"max_hp_loss":0.0,"gold_gain":50.0,"event_name":"Nest","player_choice":"Stole From Cult","floor":21.0,"gold_loss":0.0,"damage_taken":0.0},{"cards_removed":["Pain"],"damage_healed":0.0,"max_hp_gain":0.0,"max_hp_loss":0.0,"gold_gain":0.0,"event_name":"Purifier","player_choice":"Purged","floor":27.0,"gold_loss":0.0,"damage_taken":0.0}],"is_beta":false,"boss_relics":[{"not_picked":["Pandora\u0027s Box","Coffee Dripper"],"picked":"HoveringKite"}],"items_purged_floors":[],"is_endless":false,"potions_floor_spawned":[2,6,12,13,18,29],"killed_by":"Book of Stabbing","ascension_level":19}}