{"host":"it04jaz8eul1eh3d","time":1612950198,"event":{"mods":["AchievementEnabler","BaseMod","Colored Map","DeckTracker","Keyboard Shortcuts","Minty Spire (QoL Compilation)","SuperFastMode"],"gold_per_floor":[117,117,21,21,36,63,23,42,42,42,69,100,117,117,117,216,216,236,125,125,25,25,25,25,35,114,114,148,148,248,78,78,183,183,195,212,212,16,0,0,0,0,0,12,28,28,46,46,46,46],"floor_reached":51,"language":"KOR","playtime":1617,"items_purged":["Endless Agony+1","Strike_G","Writhe"],"score":767,"play_id":"28a62ba5-c7d0-4a6e-8517-76cfc0c51a1b","local_time":"20210210184318","is_ascension_mode":false,"campfire_choices":[{"data":"Crippling Poison","floor":10.0,"key":"SMITH"},{"floor":15.0,"key":"REST"},{"data":"Accuracy","floor":23.0,"key":"SMITH"},{"data":"Blade Dance","floor":27.0,"key":"SMITH"},{"floor":32.0,"key":"REST"},{"data":"Apotheosis","floor":40,"key":"SMITH"},{"floor":49,"key":"REST"}],"circlet_count":0,"master_deck":["Strike_G","Strike_G","Defend_G","Defend_G","Defend_G","Defend_G","Survivor","Neutralize","Terror","Blade Dance+1","Backflip+1","Prepared+1","Poisoned Stab","Crippling Poison+1","Well Laid Plans","Blade Dance","Underhanded Strike+1","Blade Dance","Accuracy+1","Blade Dance","Apotheosis+1","Phantasmal Killer","Blade Dance+1","Infinite Blades","Doubt","Parasite","Panache","Metamorphosis"],"relics":["Ring of the Snake","NeowsBlessing","Sundial","Strawberry","Kunai","Centennial Puzzle","Orichalcum","Astrolabe","Ninja Scroll","Darkstone Periapt","Art of War","Lizard Tail","InkBottle","Red Mask","Bird Faced Urn"],"acts_visited":["Exordium","TheCity","TheBeyond"],"potions_floor_usage":[50],"damage_taken":[{"damage":0.0,"enemies":"Cultist","floor":1.0,"turns":1.0},{"damage":0.0,"enemies":"2 Louse","floor":5.0,"turns":1.0},{"damage":0.0,"enemies":"Lagavulin","floor":6.0,"turns":1.0},{"damage":3.0,"enemies":"Jaw Worm","floor":8.0,"turns":3.0},{"damage":15.0,"enemies":"3 Sentries","floor":12.0,"turns":11.0},{"damage":3.0,"enemies":"Exordium Wildlife","floor":13.0,"turns":3.0},{"damage":31.0,"enemies":"Hexaghost","floor":16.0,"turns":11.0},{"damage":4.0,"enemies":"Shell Parasite","floor":18.0,"turns":4.0},{"damage":14.0,"enemies":"Spheric Guardian","floor":25.0,"turns":4.0},{"damage":10.0,"enemies":"Gremlin Leader","floor":28.0,"turns":3.0},{"damage":21.0,"enemies":"Colosseum Slavers","floor":30.0,"turns":5.0},{"damage":6.0,"enemies":"Colosseum Nobs","floor":30.0,"turns":3.0},{"damage":47,"enemies":"Champ","floor":33,"turns":7},{"damage":28,"enemies":"3 Shapes","floor":35,"turns":4},{"damage":16,"enemies":"3 Darklings","floor":36,"turns":5},{"damage":20,"enemies":"Jaw Worm Horde","floor":44,"turns":3},{"damage":27,"enemies":"Writhing Mass","floor":45,"turns":6},{"damage":30,"enemies":"Maw","floor":47,"turns":5},{"damage":85,"enemies":"Time Eater","floor":50,"turns":10}],"seed_played":"6450236346858728186","potions_obtained":[{"floor":1.0,"key":"BlessingOfTheForge"},{"floor":5.0,"key":"EssenceOfSteel"},{"floor":12.0,"key":"ColorlessPotion"},{"floor":28.0,"key":"Strength Potion"},{"floor":33,"key":"FairyPotion"},{"floor":36,"key":"PowerPotion"}],"is_trial":false,"path_per_floor":["M","?","$","?","M","E","$","M","T","R","T","E","M","?","R","B",null,"M","$","?","$","?","R","$","M","T","R","E","?","?","$","R","B",null,"M","M","?","$","?","R","?","?","T","M","M","$","M","?","R","B",null],"character_chosen":"THE_SILENT","items_purchased":["Blade Dance","Backflip","Crippling Poison","Accuracy","Apotheosis","Infinite Blades"],"campfire_rested":3,"item_purchase_floors":[3,3,7,19,31,38],"current_hp_per_floor":[70,75,75,68,68,75,75,72,72,72,72,57,54,38,62,31,82,78,78,78,78,78,78,78,64,64,64,54,54,27,27,51,4,82,54,38,38,38,38,38,38,84,84,68,53,53,29,24,51,27],"gold":46,"neow_bonus":"THREE_ENEMY_KILL","is_daily":false,"chose_seed":false,"campfire_upgraded":4,"win_rate":0.0,"timestamp":1612950198,"path_taken":["M","?","$","?","M","E","?","?","T","R","?","E","?","?","R","BOSS","M","$","?","$","?","R","$","M","T","R","E","?","?","?","R","BOSS","M","M","?","$","?","R","?","?","T","M","M","?","?","?","R","BOSS"],"items_purchased_type":["Card","Card","Card","Card","Card","Card"],"build_version":"2020-12-22","purchased_purges":3,"victory":true,"max_hp_per_floor":[70,75,75,75,75,82,82,82,82,82,82,82,82,82,82,82,82,82,82,82,82,82,82,82,82,82,82,82,82,82,82,82,82,82,82,82,78,78,78,78,78,84,84,84,90,90,90,90,90,90],"card_choices":[{"not_picked":["Deadly Poison","Flying Knee"],"picked":"Terror","floor":1.0},{"not_picked":["Deflect","Dagger Throw"],"picked":"Prepared","floor":5.0},{"not_picked":["Masterful Stab","Terror"],"picked":"Poisoned Stab","floor":6.0},{"not_picked":["Underhanded Strike","Sucker Punch"],"picked":"Well Laid Plans","floor":8.0},{"not_picked":["Deflect","Bouncing Flask","Leg Sweep"],"picked":"SKIP","floor":12.0},{"not_picked":["Outmaneuver","Flechettes"],"picked":"Blade Dance","floor":13.0},{"not_picked":["Acrobatics","Flying Knee"],"picked":"Blade Dance","floor":18.0},{"not_picked":["PiercingWail+1","Footwork+1"],"picked":"Blade Dance","floor":25.0},{"not_picked":["Poisoned Stab","Quick Slash","Unload"],"picked":"SKIP","floor":28.0},{"not_picked":["Wraith Form v2","After Image"],"picked":"Phantasmal Killer","floor":33},{"not_picked":["Bane+1","Cloak And Dagger"],"picked":"Blade Dance+1","floor":35},{"not_picked":["Cloak And Dagger+1","Dodge and Roll+1","Flying Knee+1"],"picked":"SKIP","floor":36},{"not_picked":["Leg Sweep","Sucker Punch","Prepared"],"picked":"SKIP","floor":44},{"not_picked":["Underhanded Strike+1","Quick Slash+1","Sucker Punch"],"picked":"SKIP","floor":45},{"not_picked":["Concentrate","Expertise+1","Deflect+1"],"picked":"SKIP","floor":47},{"not_picked":["Good Instincts","Jack Of All Trades"],"picked":"Panache","floor":48},{"not_picked":["Good Instincts","Finesse"],"picked":"Metamorphosis","floor":48}],"player_experience":158975,"relics_obtained":[{"floor":6.0,"key":"Strawberry"},{"floor":9.0,"key":"Kunai"},{"floor":11.0,"key":"Centennial Puzzle"},{"floor":12.0,"key":"Orichalcum"},{"floor":26.0,"key":"Darkstone Periapt"},{"floor":28.0,"key":"Art of War"},{"floor":30.0,"key":"Lizard Tail"},{"floor":30.0,"key":"InkBottle"},{"floor":43,"key":"Bird Faced Urn"}],"event_choices":[{"damage_healed":0.0,"max_hp_gain":5.0,"max_hp_loss":0.0,"gold_gain":0.0,"event_name":"Big Fish","player_choice":"Donut","floor":2.0,"gold_loss":0.0,"damage_taken":0.0},{"damage_healed":0.0,"max_hp_gain":0.0,"max_hp_loss":0.0,"gold_gain":0.0,"event_name":"Scrap Ooze","player_choice":"Success","floor":4.0,"gold_loss":0.0,"damage_taken":7.0,"relics_obtained":["Sundial"]},{"damage_healed":0.0,"max_hp_gain":0.0,"max_hp_loss":0.0,"gold_gain":0.0,"event_name":"Shining Light","player_choice":"Entered Light","floor":14.0,"gold_loss":0.0,"damage_taken":16.0,"cards_upgraded":["Prepared","Backflip"]},{"cards_removed":["Masterful Stab"],"damage_healed":0.0,"max_hp_gain":0.0,"max_hp_loss":0.0,"gold_gain":0.0,"event_name":"Back to Basics","player_choice":"Elegance","floor":20.0,"gold_loss":0.0,"damage_taken":0.0},{"damage_healed":0.0,"max_hp_gain":0.0,"max_hp_loss":0.0,"gold_gain":0.0,"event_name":"The Mausoleum","player_choice":"Opened","floor":22.0,"gold_loss":0.0,"damage_taken":0.0,"relics_obtained":["Ninja Scroll"],"cards_obtained":["Writhe"]},{"damage_healed":0.0,"max_hp_gain":0.0,"max_hp_loss":0.0,"gold_gain":0.0,"event_name":"Vampires","player_choice":"Ignored","floor":29.0,"gold_loss":0.0,"damage_taken":0.0},{"damage_healed":0.0,"max_hp_gain":0.0,"max_hp_loss":0.0,"gold_gain":0.0,"event_name":"Colosseum","player_choice":"Fight","floor":30.0,"gold_loss":0.0,"damage_taken":0.0},{"damage_healed":0.0,"max_hp_gain":0.0,"max_hp_loss":0.0,"gold_gain":0.0,"event_name":"Colosseum","player_choice":"Fought Nobs","floor":30.0,"gold_loss":0.0,"damage_taken":0.0},{"damage_healed":0,"gold_gain":0,"player_choice":"Max HP","damage_taken":0,"max_hp_gain":0,"max_hp_loss":4,"event_name":"Winding Halls","floor":37,"gold_loss":0},{"damage_healed":0,"gold_gain":0,"player_choice":"Paid","damage_taken":0,"relics_obtained":["Red Mask"],"max_hp_gain":0,"max_hp_loss":0,"event_name":"Tomb of Lord Red Mask","floor":39,"gold_loss":16},{"damage_healed":0,"gold_gain":0,"player_choice":"Ignored","damage_taken":0,"max_hp_gain":0,"max_hp_loss":0,"event_name":"The Moai Head","floor":41,"gold_loss":0},{"damage_healed":40,"gold_gain":0,"player_choice":"Heal","damage_taken":0,"max_hp_gain":0,"max_hp_loss":0,"event_name":"MindBloom","floor":42,"gold_loss":0,"cards_obtained":["Doubt"]},{"damage_healed":0,"gold_gain":0,"player_choice":"Memory 2","damage_taken":5,"max_hp_gain":0,"max_hp_loss":0,"event_name":"SensoryStone","floor":48,"gold_loss":0}],"is_beta":false,"boss_relics":[{"not_picked":["Sozu","Tiny House"],"picked":"Astrolabe"},{"not_picked":["Velvet Choker","Coffee Dripper","Busted Crown"]}],"items_purged_floors":[19,21,38],"is_endless":false,"potions_floor_spawned":[1,5,12,18,25,28,33,36,45,47],"ascension_level":0}}