{"host":"pdq28s6637cpsst2","time":1612991055,"event":{"mods":["BaseMod","Colored Map","Highlight Path","Minty Spire (QoL Compilation)","Quick Restart"],"gold_per_floor":[110,128,203,203,203,230,230,263,263,277,311,327,347,347,347,447,447],"floor_reached":16,"language":"ENG","playtime":1300,"items_purged":[],"score":205,"play_id":"3887a734-c6bf-42c4-b600-ffef01e3329f","local_time":"20210210160415","is_ascension_mode":true,"campfire_choices":[{"data":"Eruption","floor":7,"key":"SMITH"},{"data":"DevaForm","floor":15,"key":"SMITH"}],"circlet_count":0,"master_deck":["Strike_P","Strike_P","Strike_P","Defend_P","Defend_P","Defend_P","Defend_P","Eruption+1","Vigilance","EmptyFist","WindmillStrike","ReachHeaven","Consecrate","DeceiveReality","DevaForm+1","SashWhip","Dark Shackles","LessonLearned"],"relics":["PureWater","NeowsBlessing","FossilizedHelix","Matryoshka","Bag of Preparation","Lantern"],"acts_visited":["Exordium"],"potions_floor_usage":[8,10,16],"damage_taken":[{"damage":0,"enemies":"Small Slimes","floor":1,"turns":1},{"damage":0,"enemies":"2 Louse","floor":2,"turns":1},{"damage":0,"enemies":"Lagavulin","floor":6,"turns":1},{"damage":27,"enemies":"Gremlin Nob","floor":8,"turns":5},{"damage":0,"enemies":"Jaw Worm","floor":10,"turns":2},{"damage":13,"enemies":"3 Sentries","floor":11,"turns":6},{"damage":0,"enemies":"Looter","floor":12,"turns":1},{"damage":0,"enemies":"Red Slaver","floor":13,"turns":3},{"damage":9,"enemies":"Hexaghost","floor":16,"turns":9}],"seed_played":"7314531358650145802","potions_obtained":[{"floor":1,"key":"LiquidBronze"},{"floor":6,"key":"Regen Potion"},{"floor":12,"key":"AttackPotion"}],"is_trial":false,"path_per_floor":["M","M","?","?","?","E","R","E","T","M","E","M","M","?","R","B"],"character_chosen":"WATCHER","items_purchased":[],"campfire_rested":0,"item_purchase_floors":[],"current_hp_per_floor":[72,72,61,61,54,54,54,32,32,32,19,19,19,19,19,10,10],"gold":447,"neow_bonus":"THREE_ENEMY_KILL","is_daily":false,"chose_seed":false,"campfire_upgraded":2,"win_rate":0.0,"timestamp":1612991055,"path_taken":["M","M","?","?","?","E","R","E","T","M","E","?","M","?","R","BOSS"],"items_purchased_type":[],"build_version":"2020-12-22","purchased_purges":0,"victory":false,"max_hp_per_floor":[72,72,72,72,72,72,72,72,72,72,72,72,72,72,72,72,72],"card_choices":[{"not_picked":["Perseverance","BowlingBash"],"picked":"EmptyFist","floor":1},{"not_picked":["SandsOfTime","WaveOfTheHand","DeceiveReality"],"picked":"SKIP","floor":2},{"not_picked":["ThirdEye","WaveOfTheHand"],"picked":"WindmillStrike","floor":6},{"not_picked":["FlyingSleeves","Prostrate"],"picked":"ReachHeaven","floor":8},{"not_picked":["EmptyFist","FollowUp"],"picked":"Consecrate","floor":10},{"not_picked":["LikeWater","Crescendo"],"picked":"DeceiveReality","floor":11},{"not_picked":["FollowUp","Swivel"],"picked":"DevaForm","floor":12},{"not_picked":["Consecrate","Halt"],"picked":"SashWhip","floor":13},{"not_picked":["Brilliance","DevaForm"],"picked":"LessonLearned","floor":16}],"player_experience":94116,"relics_obtained":[{"floor":6,"key":"FossilizedHelix"},{"floor":8,"key":"Matryoshka"},{"floor":9,"key":"Bag of Preparation"},{"floor":11,"key":"Lantern"}],"event_choices":[{"damage_healed":0,"gold_gain":75,"player_choice":"Gather Gold","damage_taken":11,"max_hp_gain":0,"max_hp_loss":0,"event_name":"World of Goop","floor":3,"gold_loss":0},{"damage_healed":0,"gold_gain":0,"player_choice":"Ignored","damage_taken":0,"max_hp_gain":0,"max_hp_loss":0,"event_name":"Liars Game","floor":4,"gold_loss":0},{"cards_removed":["Strike_P"],"damage_healed":0,"gold_gain":0,"player_choice":"Card Removal","damage_taken":7,"max_hp_gain":0,"max_hp_loss":0,"event_name":"Golden Wing","floor":5,"gold_loss":0},{"damage_healed":0,"gold_gain":0,"player_choice":"1 cards matched","damage_taken":0,"max_hp_gain":0,"max_hp_loss":0,"event_name":"Match and Keep!","floor":14,"gold_loss":0,"cards_obtained":["Dark Shackles"]}],"is_beta":false,"boss_relics":[],"items_purged_floors":[],"is_endless":false,"potions_floor_spawned":[1,6,12],"killed_by":"Hexaghost","ascension_level":1}}