{"host":"ki5kvxn974a96omm","time":1612918605,"event":{"mods":["BaseMod","Colored Map","Colored Powertips","Downfall","Highlight Path","Minty Spire (QoL Compilation)","Relic Sorter","Relic Stats","StSLib"],"gold_per_floor":[99,117,128,144,144,158,158,333,333,483,518,533,44,70,85,190,190,190,207,207,407,407,421,444,569,369,21,21,35,35,69,89,187,187,187,205,296,313,359,359,359,409,434,434,434,464,364,5,23,23,23,49,14,14,14,14],"floor_reached":57,"language":"ENG","playtime":6636,"items_purged":["Doubt","downfall:Icky"],"score":1488,"play_id":"419ec2a6-7c1c-4741-be26-1104f1781fb5","local_time":"20210209195645","is_ascension_mode":false,"campfire_choices":[{"data":"sneckomod:Unknown","floor":1,"key":"SMITH"},{"data":"sneckomod:QuickBite","floor":9,"key":"SMITH"},{"floor":18,"key":"RECALL"},{"floor":26,"key":"REST"},{"data":"sneckomod:SerpentMind","floor":30,"key":"SMITH"},{"data":"sneckomod:UnknownUncommonPower","floor":35,"key":"SMITH"},{"data":"sneckomod:UnknownX","floor":40,"key":"SMITH"},{"floor":45,"key":"REST"},{"floor":47,"key":"REST"},{"data":"Panache","floor":54,"key":"SMITH"}],"circlet_count":0,"master_deck":["sneckomod:Defend","sneckomod:Defend","sneckomod:SnekBite","sneckomod:Unknown+1","sneckomod:Unknown","sneckomod:Unknown0Cost","sneckomod:UnknownUncommonPower+1","sneckomod:QuickBite+1","sneckomod:SoulDraw","sneckomod:SoulExchange","sneckomod:ImprovisedAttack+1","sneckomod:UnknownBlock","sneckomod:UnknownExhaust","sneckomod:SerpentMind+1","sneckomod:UnlimitedRolls+1","sneckomod:WideSting+1","sneckomod:UnknownCommonSkill+1","sneckomod:UnknownDexterity","downfall:Haunted","sneckomod:UnknownStrength+1","sneckomod:UnknownX+1","sneckomod:IronFang+1","sneckomod:IronFang+1","J.A.X.","sneckomod:UnknownDraw","Good Instincts","sneckomod:QuickBite+1","sneckomod:Unknown0Cost","sneckomod:TrashToTreasure+1","sneckomod:SoulExchange","sneckomod:UnknownCommonSkill+1","sneckomod:UnknownRareAttack+1","sneckomod:UnknownBlock+1","sneckomod:MasterEye+1","sneckomod:SoulDraw+1","sneckomod:SnakeSap+1","sneckomod:UnknownBlock","Shame","sneckomod:Nope","Panache+1","sneckomod:Nope+1","sneckomod:Unknown3Cost","sneckomod:ImprovisedGuard"],"relics":["sneckomod:SneckoSoul","Lizard Tail","hexamod:CandleOfCauterizing","Molten Egg 2","Toolbox","Pocketwatch","Astrolabe","downfall:RedIOU","MutagenicStrength","downfall:HeartBlessingRed","downfall:HeartBlessingBlue","Oddly Smooth Stone","sneckomod:SneckoTalon","Matryoshka","Centennial Puzzle","sneckomod:ConfusingCodex","Gambling Chip","Mummified Hand","downfall:ExtraCursedKey","Sundial","downfall:HeartBlessingGreen","Omamori","Eternal Feather"],"acts_visited":["Exordium","TheCity","TheBeyond","TheEnding"],"potions_floor_usage":[11,16,25,25,31,33,33,33,43,55,56],"damage_taken":[{"damage":0,"enemies":"Cultist","floor":2,"turns":3},{"damage":6,"enemies":"2 Louse","floor":3,"turns":3},{"damage":0,"enemies":"Small Slimes","floor":4,"turns":2},{"damage":8,"enemies":"3 Louse","floor":6,"turns":3},{"damage":8,"enemies":"Lagavulin","floor":11,"turns":4},{"damage":0,"enemies":"2 Fungi Beasts","floor":12,"turns":5},{"damage":3,"enemies":"downfall:FleeingMerchant","floor":13,"turns":4},{"damage":15,"enemies":"3 Sentries","floor":14,"turns":3},{"damage":6,"enemies":"Large Slime","floor":15,"turns":3},{"damage":6,"enemies":"SI_SHIV_ARCHETYPE","floor":16,"turns":9},{"damage":9,"enemies":"Spheric Guardian","floor":19,"turns":4},{"damage":6,"enemies":"Centurion and Healer","floor":23,"turns":5},{"damage":62,"enemies":"downfall:Augmenter","floor":25,"turns":6},{"damage":3,"enemies":"downfall:FleeingMerchant","floor":27,"turns":4},{"damage":4,"enemies":"Snake Plant","floor":29,"turns":3},{"damage":21,"enemies":"Book of Stabbing","floor":31,"turns":3},{"damage":4,"enemies":"Cultist and Chosen","floor":32,"turns":5},{"damage":6,"enemies":"DF_ARCHETYPE_CLAW","floor":33,"turns":2},{"damage":9,"enemies":"3 Darklings","floor":36,"turns":6},{"damage":23,"enemies":"downfall:FleeingMerchant","floor":37,"turns":3},{"damage":15,"enemies":"Orb Walker","floor":38,"turns":3},{"damage":0,"enemies":"4 Shapes","floor":39,"turns":5},{"damage":0,"enemies":"4 Shapes","floor":42,"turns":4},{"damage":41,"enemies":"Reptomancer","floor":43,"turns":5},{"damage":8,"enemies":"Giant Head","floor":46,"turns":2},{"damage":0,"enemies":"3 Darklings","floor":49,"turns":3},{"damage":6,"enemies":"IC_BLOCK_ARCHETYPE","floor":50,"turns":1},{"damage":6,"enemies":"downfall:CharBossMerchant","floor":52,"turns":3},{"damage":0,"enemies":"downfall:NeowBoss","floor":55,"turns":9},{"damage":47,"enemies":"downfall:NeowBossFinal","floor":56,"turns":7}],"seed_played":"-2875596675923939868","potions_obtained":[{"floor":4,"key":"SkillPotion"},{"floor":12,"key":"FearPotion"},{"floor":15,"key":"PowerPotion"},{"floor":16,"key":"sneckomod:MuddlingPotion"},{"floor":19,"key":"FearPotion"},{"floor":23,"key":"sneckomod:DiceRollPotion"},{"floor":28,"key":"CultistPotion"},{"floor":32,"key":"SmokeBomb"},{"floor":33,"key":"CultistPotion"},{"floor":38,"key":"Weak Potion"},{"floor":46,"key":"Strength Potion"}],"is_trial":false,"path_per_floor":["R","M","M","M","?","M","T","?","R","?","E","M","$","E","M","B",null,"R","M","?","?","?","M","T","?","R","$","?","M","R","E","M","B",null,"R","M","?","M","M","R","T","?","E","?","R","E","R","$","M","B",null,"E","$","R","B","B",null],"character_chosen":"THE_SNECKO","items_purchased":["Question Card","Toolbox","sneckomod:UnknownDraw","EntropicBrew","Good Instincts","Matryoshka","Panache","Omamori","Energy Potion","sneckomod:ImprovisedGuard"],"campfire_rested":3,"item_purchase_floors":[13,13,27,27,27,37,48,48,48,53],"current_hp_per_floor":[63,63,57,57,57,49,49,49,49,49,41,48,45,30,24,18,90,90,81,81,81,81,75,75,20,60,57,57,53,53,32,28,22,100,100,98,75,70,70,70,70,70,29,34,65,57,88,88,88,82,105,99,99,105,105,58],"gold":14,"neow_bonus":"ONE_RARE_RELIC","is_daily":false,"chose_seed":false,"campfire_upgraded":6,"win_rate":0.0,"timestamp":1612918605,"path_taken":["R","M","M","M","?","?","T","?","R","?","E","M","$","E","M","BOSS","R","M","?","?","?","M","T","?","R","?","?","M","R","E","M","BOSS","R","M","?","M","M","R","T","?","E","?","R","E","R","$","M","BOSS","E","$","R","BOSS","BOSS"],"items_purchased_type":["Relic","Relic","Card","Potion","Card","Relic","Card","Relic","Potion","Card"],"build_version":"2020-12-22","purchased_purges":2,"victory":true,"max_hp_per_floor":[90,90,90,90,90,90,90,90,90,90,90,90,90,90,90,90,90,90,90,90,90,90,90,90,90,100,100,100,100,100,100,100,100,100,100,100,100,100,100,100,100,100,100,105,105,105,105,105,105,105,105,105,105,105,105,105],"relic_stats":{"Lizard Tail":0,"Centennial Puzzle":[12],"counters":[30,122],"Mummified Hand":[49],"Sundial":[4],"Astrolabe":["sneckomod:UnlimitedRolls","sneckomod:WideSting","sneckomod:UnknownCommonSkill"],"Gambling Chip":[8],"Eternal Feather":6,"obtain_stats":[{"hexamod:CandleOfCauterizing":7,"downfall:HeartBlessingRed":26,"Astrolabe":17,"Oddly Smooth Stone":31,"downfall:HeartBlessingGreen":47,"Eternal Feather":52,"Omamori":48,"sneckomod:SneckoSoul":0,"Question Card":13,"sneckomod:SneckoTalon":34,"Lizard Tail":0,"Centennial Puzzle":41,"Matryoshka":37,"downfall:HeartBlessingBlue":26,"sneckomod:ConfusingCodex":41,"Mummified Hand":43,"Sundial":46,"MutagenicStrength":25,"Gambling Chip":42,"Toolbox":13,"Molten Egg 2":11,"downfall:RedIOU":20,"downfall:ExtraCursedKey":44,"Pocketwatch":14},{"hexamod:CandleOfCauterizing":4,"downfall:HeartBlessingRed":13,"Astrolabe":10,"Oddly Smooth Stone":16,"downfall:HeartBlessingGreen":25,"Eternal Feather":28,"Omamori":25,"sneckomod:SneckoSoul":0,"Question Card":7,"sneckomod:SneckoTalon":18,"Lizard Tail":0,"Centennial Puzzle":22,"Matryoshka":20,"downfall:HeartBlessingBlue":13,"sneckomod:ConfusingCodex":22,"Mummified Hand":24,"Sundial":25,"MutagenicStrength":13,"Gambling Chip":23,"Toolbox":7,"Molten Egg 2":5,"downfall:RedIOU":11,"downfall:ExtraCursedKey":24,"Pocketwatch":8},{"hexamod:CandleOfCauterizing":11,"downfall:HeartBlessingRed":54,"Astrolabe":39,"Oddly Smooth Stone":64,"downfall:HeartBlessingGreen":99,"Eternal Feather":106,"Omamori":99,"sneckomod:SneckoSoul":0,"Question Card":24,"sneckomod:SneckoTalon":71,"Lizard Tail":0,"Centennial Puzzle":88,"Matryoshka":80,"downfall:HeartBlessingBlue":54,"sneckomod:ConfusingCodex":88,"Mummified Hand":97,"Sundial":99,"MutagenicStrength":54,"Gambling Chip":92,"Toolbox":24,"Molten Egg 2":15,"downfall:RedIOU":43,"downfall:ExtraCursedKey":97,"Pocketwatch":27}],"Pocketwatch":[21]},"card_choices":[{"not_picked":["sneckomod:UnknownStrike","sneckomod:WideSting","sneckomod:Unknown1Cost"],"picked":"SKIP","floor":2},{"not_picked":["sneckomod:UnknownCommonSkill","sneckomod:UnknownCommonAttack"],"picked":"sneckomod:Unknown0Cost","floor":3},{"not_picked":["sneckomod:SlitherStrike","sneckomod:UnknownCommonSkill"],"picked":"sneckomod:UnknownUncommonPower","floor":4},{"not_picked":["sneckomod:SoulRoll","sneckomod:CheapStock"],"picked":"sneckomod:QuickBite","floor":6},{"not_picked":["sneckomod:Unknown2Cost","sneckomod:UnknownExhaust"],"picked":"sneckomod:SoulDraw","floor":11},{"not_picked":["sneckomod:WideSting+1","sneckomod:UnknownUncommonPower"],"picked":"sneckomod:SoulExchange","floor":12},{"not_picked":["sneckomod:SerpentIdol","sneckomod:Unknown1Cost"],"picked":"sneckomod:ImprovisedAttack+1","floor":13},{"not_picked":["sneckomod:Unknown1Cost","sneckomod:DiceCrush+1","sneckomod:QuickMove"],"picked":"sneckomod:UnknownBlock","floor":14},{"not_picked":["sneckomod:Unknown2Cost","sneckomod:IronFang+1","sneckomod:Unknown1Cost"],"picked":"sneckomod:UnknownExhaust","floor":15},{"not_picked":["sneckomod:Mudshield","sneckomod:Cheat","sneckomod:Restock"],"picked":"sneckomod:SerpentMind","floor":16},{"not_picked":["sneckomod:UnknownBlock","sneckomod:Unknown1Cost","sneckomod:Nope"],"picked":"sneckomod:UnknownDexterity","floor":19},{"not_picked":["sneckomod:SoulCleanse","sneckomod:UnknownUncommonSkill"],"picked":"sneckomod:UnknownStrength+1","floor":23},{"not_picked":["sneckomod:WideSting+1","sneckomod:UnknownVulnerable"],"picked":"sneckomod:UnknownX","floor":25},{"not_picked":[],"picked":"J.A.X.","floor":25},{"not_picked":["sneckomod:DangerNoodle+1","sneckomod:UnknownCommonAttack+1","sneckomod:UnknownDexterity"],"picked":"SKIP","floor":27},{"not_picked":["sneckomod:ImprovisedAttack+1","sneckomod:SnekBeam+1"],"picked":"sneckomod:QuickBite+1","floor":29},{"not_picked":["sneckomod:DiceBlock","sneckomod:SoulRoll"],"picked":"sneckomod:Unknown0Cost","floor":31},{"not_picked":["sneckomod:QuickBite+1","sneckomod:DiceBlock+1"],"picked":"sneckomod:TrashToTreasure+1","floor":32},{"not_picked":["sneckomod:MorePower","sneckomod:SerpentMind"],"picked":"sneckomod:SoulExchange","floor":33},{"not_picked":["sneckomod:UnknownClassGREEN","sneckomod:DiceCrush+1"],"picked":"sneckomod:UnknownCommonSkill+1","floor":36},{"not_picked":["sneckomod:PureSnecko","sneckomod:UnknownDexterity+1"],"picked":"sneckomod:UnknownRareAttack+1","floor":37},{"not_picked":["sneckomod:DiceCrush+1","sneckomod:UnknownClassRED"],"picked":"sneckomod:UnknownBlock+1","floor":38},{"not_picked":["sneckomod:Nope+1","sneckomod:UnknownWeak"],"picked":"sneckomod:MasterEye+1","floor":39},{"not_picked":["sneckomod:Unknown0Cost","sneckomod:Nope"],"picked":"sneckomod:SoulDraw+1","floor":42},{"not_picked":["sneckomod:SoulExchange","sneckomod:UnknownColorless+1"],"picked":"sneckomod:SnakeSap+1","floor":43},{"not_picked":["sneckomod:UnknownCommonSkill+1","sneckomod:SoulRoll"],"picked":"sneckomod:UnknownBlock","floor":43},{"not_picked":["sneckomod:MixItUp+1","sneckomod:DiceBoulder+1"],"picked":"sneckomod:Nope","floor":46},{"not_picked":["sneckomod:UnknownClassGREEN+1","sneckomod:Memorize+1"],"picked":"sneckomod:Nope+1","floor":49},{"not_picked":["sneckomod:SoulExchange","sneckomod:SoulRoll"],"picked":"sneckomod:Unknown3Cost","floor":52}],"player_experience":1936442,"relics_obtained":[{"floor":7,"key":"hexamod:CandleOfCauterizing"},{"floor":11,"key":"Molten Egg 2"},{"floor":14,"key":"Pocketwatch"},{"floor":25,"key":"MutagenicStrength"},{"floor":31,"key":"Oddly Smooth Stone"},{"floor":41,"key":"Centennial Puzzle"},{"floor":41,"key":"sneckomod:ConfusingCodex"},{"floor":42,"key":"Gambling Chip"},{"floor":43,"key":"Mummified Hand"},{"floor":46,"key":"Sundial"},{"floor":52,"key":"Eternal Feather"}],"event_choices":[{"damage_healed":0,"gold_gain":0,"player_choice":"Ignored","damage_taken":0,"max_hp_gain":0,"max_hp_loss":0,"event_name":"NoteForYourself","floor":5,"gold_loss":0},{"damage_healed":0,"gold_gain":0,"player_choice":"Ignored","damage_taken":0,"max_hp_gain":0,"max_hp_loss":0,"event_name":"Vampires","floor":22,"gold_loss":0}],"is_beta":false,"boss_relics":[{"not_picked":["bronze:MakeshiftBattery","sneckomod:SuperSneckoSoul"],"picked":"Astrolabe"},{"not_picked":["expansioncontent:StudyCardRelic","sneckomod:SneckoBoss"],"picked":"sneckomod:SneckoTalon"}],"items_purged_floors":[13,27],"is_endless":false,"potions_floor_spawned":[4,12,15,16,23,29,32,33,38,42,46,49],"ascension_level":0}}