{"host":"xsuxkwaivmtd234a","time":1612969741,"event":{"mods":["BaseMod","Colored Map","Filter the Spire","Minty Spire (QoL Compilation)","Relic Stats","StSLib"],"gold_per_floor":[109,126,126,137,153,153,184,184,253,278,288,85,85,117,117,216,216,227,227,227,239,250,285,285,317,317,170,187,187,197,229,229,328,328,345,345,35,53,53,388,388,400,427,456,471,505,516,535,535,535,535],"floor_reached":50,"language":"ENG","playtime":2414,"items_purged":["Strike_R","Shame"],"score":940,"play_id":"8656243f-0192-4fd0-bbc6-7fe744cd90d5","local_time":"20210210100901","is_ascension_mode":true,"campfire_choices":[{"data":"Uppercut","floor":6.0,"key":"SMITH"},{"data":"Bash","floor":8.0,"key":"SMITH"},{"data":"Fire Breathing","floor":13.0,"key":"SMITH"},{"data":"Blood for Blood","floor":15.0,"key":"SMITH"},{"data":"Inflame","floor":24.0,"key":"SMITH"},{"data":"Feel No Pain","floor":29.0,"key":"SMITH"},{"floor":32.0,"key":"REST"},{"floor":41.0,"key":"REST"},{"floor":49,"key":"RECALL"}],"circlet_count":0,"master_deck":["Strike_R","Strike_R","Strike_R+1","Strike_R+1","Defend_R","Defend_R","Defend_R","Bash+1","Fire Breathing+1","Uppercut+1","Anger","Blood for Blood+1","Shrug It Off+1","Power Through+1","Feel No Pain+1","Shockwave+1","Impervious+1","Dual Wield+1","Impervious+1","Inflame+1","Seeing Red+1","Heavy Blade+1","Armaments+1","Iron Wave+1","Body Slam+1","Demon Form+1","CurseOfTheBell","Second Wind+1","True Grit+1","Entrench+1","Power Through+1","Shame","Shockwave+1","Fiend Fire","Sword Boomerang+1","Shrug It Off+1","Headbutt+1"],"relics":["Velvet Choker","CaptainsWheel","Toxic Egg 2","Orichalcum","Toy Ornithopter","Cursed Key","Regal Pillow","Whetstone","Strawberry","Peace Pipe","Calling Bell","Red Skull","Blue Candle","Lizard Tail","Incense Burner","Old Coin","Turnip","Omamori"],"acts_visited":["Exordium","TheCity","TheBeyond"],"potions_floor_usage":[],"damage_taken":[{"damage":6.0,"enemies":"Cultist","floor":1.0,"turns":3.0},{"damage":4.0,"enemies":"2 Louse","floor":2.0,"turns":2.0},{"damage":0.0,"enemies":"Small Slimes","floor":4.0,"turns":4.0},{"damage":18.0,"enemies":"3 Louse","floor":5.0,"turns":3.0},{"damage":13.0,"enemies":"3 Sentries","floor":7.0,"turns":5.0},{"damage":15.0,"enemies":"Lagavulin","floor":10.0,"turns":5.0},{"damage":0.0,"enemies":"Red Slaver","floor":11.0,"turns":1.0},{"damage":4.0,"enemies":"3 Sentries","floor":14.0,"turns":4.0},{"damage":0.0,"enemies":"Slime Boss","floor":16.0,"turns":7.0},{"damage":3.0,"enemies":"3 Byrds","floor":18.0,"turns":6.0},{"damage":0.0,"enemies":"2 Thieves","floor":21.0,"turns":5.0},{"damage":0.0,"enemies":"3 Cultists","floor":22.0,"turns":4.0},{"damage":3.0,"enemies":"Slavers","floor":23.0,"turns":6.0},{"damage":14.0,"enemies":"Book of Stabbing","floor":25.0,"turns":5.0},{"damage":0.0,"enemies":"Snake Plant","floor":28.0,"turns":3.0},{"damage":13.0,"enemies":"Sentry and Sphere","floor":30.0,"turns":6.0},{"damage":10.0,"enemies":"Slavers","floor":31.0,"turns":5.0},{"damage":15.0,"enemies":"Champ","floor":33.0,"turns":9.0},{"damage":1.0,"enemies":"3 Shapes","floor":35.0,"turns":7.0},{"damage":14.0,"enemies":"3 Darklings","floor":38.0,"turns":6.0},{"damage":17.0,"enemies":"Nemesis","floor":40.0,"turns":9.0},{"damage":26.0,"enemies":"Spire Growth","floor":42.0,"turns":6.0},{"damage":59.0,"enemies":"Reptomancer","floor":44.0,"turns":8.0},{"damage":17.0,"enemies":"Transient","floor":45.0,"turns":5.0},{"damage":0.0,"enemies":"Nemesis","floor":46.0,"turns":7.0},{"damage":24,"enemies":"Writhing Mass","floor":47,"turns":5},{"damage":0,"enemies":"Spire Growth","floor":48,"turns":3},{"damage":47,"enemies":"Donu and Deca","floor":50,"turns":7}],"seed_played":"176596648432985274","potions_obtained":[{"floor":1.0,"key":"EssenceOfSteel"},{"floor":3.0,"key":"Fruit Juice"},{"floor":3.0,"key":"CultistPotion"},{"floor":3.0,"key":"ColorlessPotion"},{"floor":4.0,"key":"Fire Potion"},{"floor":10.0,"key":"Fire Potion"},{"floor":11.0,"key":"BloodPotion"},{"floor":16.0,"key":"Strength Potion"},{"floor":18.0,"key":"SneckoOil"},{"floor":22.0,"key":"SneckoOil"},{"floor":28.0,"key":"Swift Potion"},{"floor":33.0,"key":"SkillPotion"},{"floor":35.0,"key":"BlessingOfTheForge"},{"floor":38.0,"key":"GamblersBrew"},{"floor":40.0,"key":"Weak Potion"},{"floor":44.0,"key":"BlessingOfTheForge"}],"is_trial":false,"path_per_floor":["M","M","?","M","M","R","E","R","T","E","M","$","R","E","R","B",null,"M","?","$","M","M","E","R","E","T","$","M","R","M","E","R","B",null,"M","?","$","M","?","E","R","M","T","E","M","E","M","M","R","B"],"character_chosen":"IRONCLAD","items_purchased":["Feel No Pain","Fire Potion","Armaments+1","Incense Burner"],"campfire_rested":2,"item_purchase_floors":[12,12,27,37],"current_hp_per_floor":[74,70,75,75,57,57,44,44,44,29,46,46,46,42,42,52,77,74,74,74,74,79,81,81,71,78,78,78,78,65,60,92,77,88,87,87,87,78,78,66,92,70,70,16,4,4,46,46,46,0,0],"gold":535,"neow_bonus":"BOSS_RELIC","is_daily":false,"chose_seed":false,"campfire_upgraded":6,"win_rate":0.0,"timestamp":1612969741,"path_taken":["M","M","?","M","?","R","E","R","T","E","M","$","R","E","R","BOSS","M","?","$","?","M","E","R","E","T","$","M","R","M","E","R","BOSS","M","?","$","M","?","E","R","M","T","E","?","E","?","M","R","BOSS"],"items_purchased_type":["Card","Potion","Card","Relic"],"build_version":"2020-12-22","purchased_purges":2,"victory":false,"max_hp_per_floor":[80,80,85,85,85,85,85,85,85,85,85,85,85,85,85,85,85,85,85,85,85,85,85,85,85,92,92,92,92,92,92,92,92,92,92,92,92,92,92,92,92,92,92,92,92,92,92,92,92,92,92],"relic_stats":{"Peace Pipe":0,"Regal Pillow":5,"Lizard Tail":46,"counters":[28,146],"Blue Candle":[3],"Turnip":[3],"Whetstone":["Strike_R","Strike_R"],"Orichalcum":[54],"Cursed Key":2,"obtain_stats":[{"Regal Pillow":23,"Blue Candle":34,"Velvet Choker":0,"Incense Burner":37,"Omamori":46,"Whetstone":25,"Orichalcum":10,"Cursed Key":17,"Burning Blood":0,"Old Coin":40,"Peace Pipe":31,"Calling Bell":34,"CaptainsWheel":7,"Lizard Tail":34,"Strawberry":26,"Turnip":44,"Toxic Egg 2":9,"Toy Ornithopter":14,"Red Skull":34},{"Regal Pillow":13,"Blue Candle":18,"Velvet Choker":0,"Incense Burner":19,"Omamori":25,"Whetstone":14,"Orichalcum":6,"Cursed Key":9,"Burning Blood":0,"Old Coin":21,"Peace Pipe":17,"Calling Bell":18,"CaptainsWheel":5,"Lizard Tail":18,"Strawberry":14,"Turnip":23,"Toxic Egg 2":5,"Toy Ornithopter":8,"Red Skull":18},{"Regal Pillow":55,"Blue Candle":83,"Velvet Choker":0,"Incense Burner":90,"Omamori":131,"Whetstone":60,"Orichalcum":22,"Cursed Key":34,"Burning Blood":0,"Old Coin":105,"Peace Pipe":74,"Calling Bell":83,"CaptainsWheel":17,"Lizard Tail":83,"Strawberry":60,"Turnip":119,"Toxic Egg 2":17,"Toy Ornithopter":27,"Red Skull":83}],"Toy Ornithopter":53},"card_choices":[{"not_picked":["Clash","Heavy Blade"],"picked":"Fire Breathing","floor":1.0},{"not_picked":["Headbutt","Blood for Blood"],"picked":"Uppercut","floor":2.0},{"not_picked":["Hemokinesis","Fire Breathing"],"picked":"Anger","floor":4.0},{"not_picked":["True Grit","Cleave"],"picked":"Blood for Blood","floor":5.0},{"not_picked":["Havoc","Infernal Blade","Armaments"],"picked":"SKIP","floor":7.0},{"not_picked":["Juggernaut","Warcry+1"],"picked":"Shrug It Off+1","floor":10.0},{"not_picked":["Wild Strike","Body Slam"],"picked":"Power Through+1","floor":11.0},{"not_picked":["Searing Blow","Pommel Strike"],"picked":"Shockwave+1","floor":14.0},{"not_picked":["Fiend Fire","Barricade"],"picked":"Impervious+1","floor":16.0},{"not_picked":["Body Slam+1","Uppercut"],"picked":"Dual Wield+1","floor":18.0},{"not_picked":["Body Slam","Warcry+1"],"picked":"Inflame","floor":21.0},{"not_picked":["Clothesline","Searing Blow"],"picked":"Seeing Red+1","floor":22.0},{"not_picked":["Havoc+1","Thunderclap","Twin Strike"],"picked":"SKIP","floor":23.0},{"not_picked":["Clothesline","Double Tap+1"],"picked":"Heavy Blade+1","floor":25.0},{"not_picked":["Combust","Carnage"],"picked":"Iron Wave+1","floor":28.0},{"not_picked":["Armaments+1","Perfected Strike","Pummel"],"picked":"SKIP","floor":30.0},{"not_picked":["Twin Strike","Inflame"],"picked":"Body Slam+1","floor":31.0},{"not_picked":["Bludgeon","Juggernaut"],"picked":"Demon Form","floor":33.0},{"not_picked":["Thunderclap","Rage+1"],"picked":"Second Wind+1","floor":35.0},{"not_picked":["Carnage+1","Clothesline"],"picked":"True Grit+1","floor":38.0},{"not_picked":["Perfected Strike+1","Warcry+1"],"picked":"Entrench+1","floor":40.0},{"not_picked":["Havoc+1","Warcry+1"],"picked":"Power Through+1","floor":42.0},{"not_picked":["Clothesline","Shrug It Off+1"],"picked":"Shockwave+1","floor":44.0},{"not_picked":["Infernal Blade+1","Clash+1"],"picked":"Fiend Fire","floor":45.0},{"not_picked":["Iron Wave","Fire Breathing"],"picked":"Sword Boomerang+1","floor":46.0},{"not_picked":["Combust","True Grit+1"],"picked":"Shrug It Off+1","floor":47},{"not_picked":["Body Slam","Clash+1"],"picked":"Headbutt+1","floor":48}],"player_experience":1228263,"relics_obtained":[{"floor":7.0,"key":"CaptainsWheel"},{"floor":9.0,"key":"Toxic Egg 2"},{"floor":10.0,"key":"Orichalcum"},{"floor":14.0,"key":"Toy Ornithopter"},{"floor":23.0,"key":"Regal Pillow"},{"floor":25.0,"key":"Whetstone"},{"floor":26.0,"key":"Strawberry"},{"floor":31.0,"key":"Peace Pipe"},{"floor":34.0,"key":"Red Skull"},{"floor":34.0,"key":"Blue Candle"},{"floor":34.0,"key":"Lizard Tail"},{"floor":40.0,"key":"Old Coin"},{"floor":44.0,"key":"Turnip"},{"floor":46.0,"key":"Omamori"}],"event_choices":[{"damage_healed":0.0,"max_hp_gain":0.0,"max_hp_loss":0.0,"gold_gain":0.0,"event_name":"Lab","player_choice":"Got Potions","floor":3.0,"gold_loss":0.0,"damage_taken":0.0},{"damage_healed":0.0,"max_hp_gain":0.0,"max_hp_loss":0.0,"gold_gain":0.0,"event_name":"Duplicator","player_choice":"Copied","floor":19.0,"gold_loss":0.0,"damage_taken":0.0,"cards_obtained":["Impervious"]},{"cards_removed":["Defend_R"],"damage_healed":0.0,"max_hp_gain":0.0,"max_hp_loss":0.0,"gold_gain":0.0,"event_name":"Falling","player_choice":"Removed Skill","floor":36.0,"gold_loss":0.0,"damage_taken":0.0},{"damage_healed":0.0,"max_hp_gain":0.0,"max_hp_loss":0.0,"gold_gain":0.0,"event_name":"Upgrade Shrine","player_choice":"Upgraded","floor":39.0,"gold_loss":0.0,"damage_taken":0.0,"cards_upgraded":["Demon Form"]}],"is_beta":false,"boss_relics":[{"not_picked":["Coffee Dripper","Sozu"],"picked":"Cursed Key"},{"not_picked":["Runic Cube","Runic Dome"],"picked":"Calling Bell"}],"items_purged_floors":[12,27],"is_endless":false,"potions_floor_spawned":[1,4,10,11,16,18,22,28,33,35,38,40,44],"killed_by":"Donu and Deca","ascension_level":5}}