{"host":"vfg9szunmpjwj08o","time":1612991136,"event":{"mods":["Act Like it!","BaseMod","BetterRewards","Bossed Relics","Challenge The Spire","Colored Map","Colored Powertips","Dark Map","Highlight Path","Minty Spire (QoL Compilation)","Quick Restart","Relic Stats","StSLib","Waifu the Spire","everything is the same but u backflip on backflip"],"gold_per_floor":[119,62,22,42,42,42,75,91,91,91,110,124,158,158,158,232,232,232,16,16,16,16,16,16,16],"floor_reached":24,"language":"ENG","playtime":934,"items_purged":["Strike_G"],"score":462,"play_id":"3dc714bf-4b8a-49d1-a06c-5238288b6022","local_time":"20210210220536","is_ascension_mode":true,"campfire_choices":[{"data":"Noxious Fumes","floor":6,"key":"SMITH"},{"data":"Tactician","floor":15,"key":"SMITH"},{"data":"Catalyst","floor":23,"key":"SMITH"}],"circlet_count":0,"master_deck":["AscendersBane","Strike_G","Strike_G","Strike_G","Strike_G","Defend_G","Defend_G","Defend_G","Defend_G","Defend_G","Survivor","Neutralize","Acrobatics","Noxious Fumes+1","Setup","Footwork","Backflip","Deadly Poison","Tactician+1","Deflect","Corpse Explosion","Acrobatics","Footwork","Madness","Catalyst+1","Reflex"],"relics":["Ring of the Snake","NeowsBlessing","The Specimen","Meat on the Bone","Prayer Wheel","Dream Catcher","Gambling Chip","Ectoplasm"],"acts_visited":["Exordium","TheCity"],"potions_floor_usage":[13,16,24],"damage_taken":[{"damage":0,"enemies":"Jaw Worm","floor":1,"turns":1},{"damage":0,"enemies":"Cultist","floor":4,"turns":1},{"damage":0,"enemies":"Gremlin Nob","floor":7,"turns":1},{"damage":2,"enemies":"2 Louse","floor":8,"turns":4},{"damage":5,"enemies":"Red Slaver","floor":11,"turns":6},{"damage":6,"enemies":"Exordium Wildlife","floor":12,"turns":6},{"damage":19,"enemies":"3 Sentries","floor":13,"turns":7},{"damage":23,"enemies":"Hexaghost","floor":16,"turns":11},{"damage":16,"enemies":"3 Byrds","floor":18,"turns":3},{"damage":3,"enemies":"Spheric Guardian","floor":21,"turns":4},{"damage":10,"enemies":"Snecko","floor":22,"turns":7},{"damage":60,"enemies":"Book of Stabbing","floor":24,"turns":5}],"seed_played":"-4155532375209549796","potions_obtained":[{"floor":4,"key":"Regen Potion"},{"floor":10,"key":"LiquidBronze"},{"floor":16,"key":"SteroidPotion"},{"floor":18,"key":"LiquidMemories"},{"floor":21,"key":"SkillPotion"},{"floor":22,"key":"FairyPotion"}],"is_trial":false,"path_per_floor":["M","?","$","M","$","R","E","M","T","?","M","M","E","?","R","B",null,"M","$","?","M","M","R","E"],"character_chosen":"THE_SILENT","items_purchased":["Noxious Fumes","Footwork","Madness"],"campfire_rested":0,"item_purchase_floors":[3,19,19],"current_hp_per_floor":[59,59,59,59,59,59,59,57,57,57,52,46,39,34,34,38,59,43,43,25,34,36,36,0,0],"gold":16,"neow_bonus":"THREE_ENEMY_KILL","is_daily":false,"chose_seed":false,"campfire_upgraded":3,"win_rate":0.0,"timestamp":1612991136,"path_taken":["M","?","$","M","?","R","E","M","T","?","M","?","E","?","R","BOSS","M","$","?","M","M","R","E"],"items_purchased_type":["Card","Card","Card"],"build_version":"2020-12-22","purchased_purges":1,"victory":false,"max_hp_per_floor":[66,66,66,66,66,66,66,66,66,66,66,66,66,66,66,66,66,66,66,71,71,71,71,71,71],"relic_stats":{"Dream Catcher":0,"counters":[12,56],"Gambling Chip":[16],"Prayer Wheel":5,"Ectoplasm":54,"obtain_stats":[{"Dream Catcher":13,"NeowsBlessing":0,"The Specimen":2,"Gambling Chip":14,"Prayer Wheel":9,"Ectoplasm":17,"Ring of the Snake":0,"Meat on the Bone":7},{"Dream Catcher":7,"NeowsBlessing":0,"The Specimen":1,"Gambling Chip":7,"Prayer Wheel":4,"Ectoplasm":8,"Ring of the Snake":0,"Meat on the Bone":3},{"Dream Catcher":26,"NeowsBlessing":0,"The Specimen":1,"Gambling Chip":26,"Prayer Wheel":7,"Ectoplasm":37,"Ring of the Snake":0,"Meat on the Bone":3}],"Ring of the Snake":[24],"Meat on the Bone":48},"card_choices":[{"not_picked":["Caltrops","Bane"],"picked":"Acrobatics","floor":1},{"not_picked":["Poisoned Stab","Acrobatics","Dagger Spray"],"picked":"SKIP","floor":4},{"not_picked":["Acrobatics","Dagger Throw"],"picked":"Setup","floor":7},{"not_picked":["Calculated Gamble","Poisoned Stab"],"picked":"Footwork","floor":8},{"not_picked":["Cloak And Dagger","Quick Slash"],"picked":"Backflip","floor":11},{"not_picked":["Outmaneuver","Prepared"],"picked":"Deadly Poison","floor":11},{"not_picked":["Cloak And Dagger","Glass Knife"],"picked":"Tactician","floor":12},{"not_picked":["Dagger Throw","Dash"],"picked":"Deflect","floor":12},{"not_picked":["Blade Dance","Flechettes","Dagger Spray"],"picked":"SKIP","floor":13},{"not_picked":["Storm of Steel","After Image"],"picked":"Corpse Explosion","floor":16},{"not_picked":["Bane","Bullet Time"],"picked":"Acrobatics","floor":18},{"not_picked":["Flying Knee","Quick Slash","Cloak And Dagger"],"picked":"SKIP","floor":18},{"not_picked":["Slice","Terror","Blade Dance"],"picked":"SKIP","floor":21},{"not_picked":["Deflect","Underhanded Strike","Dagger Spray"],"picked":"SKIP","floor":21},{"not_picked":["Backflip","Dagger Spray"],"picked":"Catalyst","floor":22},{"not_picked":["Bouncing Flask","Deadly Poison"],"picked":"Reflex","floor":22}],"player_experience":1106558,"relics_obtained":[{"floor":7,"key":"Meat on the Bone"},{"floor":9,"key":"Prayer Wheel"},{"floor":13,"key":"Dream Catcher"}],"event_choices":[{"damage_healed":0,"gold_gain":0,"player_choice":"Paid Gold","damage_taken":0,"relics_obtained":["The Specimen"],"max_hp_gain":0,"max_hp_loss":0,"event_name":"WeMeetAgain","floor":2,"gold_loss":57},{"damage_healed":0,"gold_gain":0,"player_choice":"Got Potions","damage_taken":0,"max_hp_gain":0,"max_hp_loss":0,"event_name":"Lab","floor":10,"gold_loss":0},{"damage_healed":0,"gold_gain":0,"player_choice":"Success","damage_taken":5,"relics_obtained":["Gambling Chip"],"max_hp_gain":0,"max_hp_loss":0,"event_name":"Scrap Ooze","floor":14,"gold_loss":0},{"damage_healed":0,"gold_gain":0,"player_choice":"Shed Blood","damage_taken":23,"max_hp_gain":5,"max_hp_loss":0,"event_name":"Forgotten Altar","floor":20,"gold_loss":0}],"is_beta":false,"boss_relics":[{"not_picked":["Snecko Eye","Runic Dome"],"picked":"Ectoplasm"}],"items_purged_floors":[19],"is_endless":false,"potions_floor_spawned":[4,11,16,18,21,22],"killed_by":"Book of Stabbing","ascension_level":20}}