{"host":"aq3xpixvif6gmjmv","time":1612923926,"event":{"mods":["BaseMod","CapriCore","Colored Map","Colored Powertips","Friendly Minions","Minty Spire (QoL Compilation)","StSLib","SuperFastMode","The Hierophant"],"gold_per_floor":[117,117,117,67,342,372,402,427,427,427,464,501,540,565,565,688,688,658,658],"floor_reached":18,"language":"KOR","playtime":507,"items_purged":[],"score":326,"play_id":"3036027f-caa6-4d0a-a893-9e3797ba32a3","local_time":"20210210112526","daily_mods":["Draft","Vintage","Heirloom","Time Dilation","Flight","DeadlyEvents","Cursed Run","Elite Swarm"],"is_ascension_mode":true,"campfire_choices":[{"data":"Seek","floor":10,"key":"SMITH"},{"data":"Amplify","floor":15,"key":"SMITH"}],"circlet_count":0,"master_deck":["Gash","Capacitor","Ball Lightning","Gash","Streamline","Conserve Battery","Heatsinks","Sweeping Beam","Coolheaded","Beam Cell+1","Beam Cell","Go for the Eyes","Steam Power","Capacitor","Gash","Regret","Biased Cognition","Seek+1","Pain","Creative AI","All For One","Amplify+1","Decay","Echo Form+1"],"relics":["Cursed Key","Darkstone Periapt","Du-Vu Doll","Calipers","Boot","InkBottle","Matryoshka","Bird Faced Urn","Torii","CeramicFish","Ornamental Fan","Pen Nib","Frozen Egg 2","Shuriken","Gremlin Horn","Ectoplasm"],"acts_visited":["Exordium","TheCity"],"potions_floor_usage":[16],"damage_taken":[{"damage":0.0,"enemies":"Jaw Worm","floor":1.0,"turns":2.0},{"damage":0.0,"enemies":"Gremlin Nob","floor":6.0,"turns":2.0},{"damage":22.0,"enemies":"3 Sentries","floor":7.0,"turns":5.0},{"damage":0,"enemies":"Gremlin Nob","floor":8,"turns":3},{"damage":8,"enemies":"Lagavulin","floor":11,"turns":2},{"damage":17,"enemies":"Gremlin Nob","floor":12,"turns":3},{"damage":4,"enemies":"3 Sentries","floor":13,"turns":3},{"damage":3,"enemies":"Lagavulin","floor":14,"turns":3},{"damage":34,"enemies":"Hexaghost","floor":16,"turns":3},{"damage":11,"enemies":"2 Thieves","floor":18,"turns":2}],"seed_played":"-419552976138394460","potions_obtained":[{"floor":7,"key":"Energy Potion"},{"floor":8,"key":"FocusPotion"},{"floor":13,"key":"BlessingOfTheForge"},{"floor":16,"key":"FearPotion"}],"is_trial":true,"path_per_floor":["M","?","T","?","?","E","E","E","T","R","E","E","E","E","R","B",null,"M"],"character_chosen":"DEFECT","items_purchased":[],"campfire_rested":0,"item_purchase_floors":[],"current_hp_per_floor":[75,75,81,81,87,87,65,69,75,75,73,68,68,71,71,55,99,88,88],"gold":658,"neow_bonus":"","is_daily":false,"chose_seed":false,"campfire_upgraded":2,"win_rate":0.0,"timestamp":1612923926,"path_taken":["M","?","?","?","?","E","E","E","T","R","E","E","E","?","R","BOSS","M"],"items_purchased_type":[],"build_version":"2020-12-22","purchased_purges":0,"victory":false,"max_hp_per_floor":[75,75,81,81,87,87,87,87,93,93,93,93,93,93,93,99,99,99,99],"card_choices":[{"not_picked":["Go for the Eyes","Streamline"],"picked":"Gash","floor":0.0},{"not_picked":["Gash","Compile Driver"],"picked":"Capacitor","floor":0.0},{"not_picked":["Leap","Melter"],"picked":"Ball Lightning","floor":0.0},{"not_picked":["Redo","Sweeping Beam"],"picked":"Gash","floor":0.0},{"not_picked":["Steam","Darkness"],"picked":"Streamline","floor":0.0},{"not_picked":["Ball Lightning","Doom and Gloom"],"picked":"Conserve Battery","floor":0.0},{"not_picked":["Beam Cell","Ball Lightning"],"picked":"Heatsinks","floor":0.0},{"not_picked":["Steam Power","Tempest"],"picked":"Sweeping Beam","floor":0.0},{"not_picked":["Streamline","Chill"],"picked":"Coolheaded","floor":0.0},{"not_picked":["Sweeping Beam","Streamline"],"picked":"Beam Cell","floor":0.0},{"not_picked":["Rip and Tear","Undo"],"picked":"Beam Cell","floor":0.0},{"not_picked":["Redo","Leap"],"picked":"Go for the Eyes","floor":0.0},{"not_picked":["Turbo","Coolheaded"],"picked":"Steam Power","floor":0.0},{"not_picked":["Streamline","Coolheaded"],"picked":"Capacitor","floor":0.0},{"not_picked":["Turbo","Sweeping Beam"],"picked":"Gash","floor":0.0},{"not_picked":["Hyperbeam","Core Surge","Biased Cognition"],"picked":"SKIP","floor":6.0},{"not_picked":["Hyperbeam","Meteor Strike"],"picked":"Biased Cognition","floor":7},{"not_picked":["Echo Form","Buffer"],"picked":"Seek","floor":8},{"not_picked":["Machine Learning","Amplify"],"picked":"Creative AI","floor":11},{"not_picked":["Rainbow","Hyperbeam"],"picked":"All For One","floor":12},{"not_picked":["Creative AI+1","Rainbow"],"picked":"Amplify","floor":13},{"not_picked":["All For One","Rainbow","Fission"],"picked":"SKIP","floor":14},{"not_picked":["Fission","Thunder Strike"],"picked":"Echo Form+1","floor":16}],"player_experience":420932,"relics_obtained":[{"floor":1.0,"key":"Boot"},{"floor":3.0,"key":"InkBottle"},{"floor":6.0,"key":"Matryoshka"},{"floor":7,"key":"Bird Faced Urn"},{"floor":8,"key":"Torii"},{"floor":9,"key":"CeramicFish"},{"floor":9,"key":"Ornamental Fan"},{"floor":11,"key":"Pen Nib"},{"floor":12,"key":"Frozen Egg 2"},{"floor":13,"key":"Shuriken"},{"floor":14,"key":"Gremlin Horn"}],"event_choices":[{"damage_healed":0.0,"max_hp_gain":0.0,"max_hp_loss":0.0,"gold_gain":0.0,"event_name":"Living Wall","player_choice":"Grow","floor":2.0,"gold_loss":0.0,"damage_taken":0.0,"cards_upgraded":["Beam Cell"]},{"cards_removed":["Decay"],"damage_healed":0.0,"max_hp_gain":0.0,"max_hp_loss":0.0,"gold_gain":0.0,"event_name":"The Cleric","player_choice":"Card Removal","floor":4.0,"gold_loss":50.0,"damage_taken":0.0},{"damage_healed":0.0,"max_hp_gain":0.0,"max_hp_loss":0.0,"gold_gain":275.0,"event_name":"Golden Shrine","player_choice":"Desecrate","floor":5.0,"gold_loss":0.0,"damage_taken":0.0,"cards_obtained":["Regret"]}],"is_beta":false,"boss_relics":[{"not_picked":["Fusion Hammer","Velvet Choker"],"picked":"Ectoplasm"}],"items_purged_floors":[],"is_endless":false,"potions_floor_spawned":[7,8,13,16],"killed_by":"2 Thieves","ascension_level":1}}