{"host":"j4nfyhit1dl35m08","time":1612934280,"event":{"mods":["BaseMod","Downfall","Highlight Path","Minty Spire (QoL Compilation)","StSLib"],"gold_per_floor":[99,112,130,130,130,30,30,48,48,77,93,113,113,188,199,199,199,199],"floor_reached":16,"language":"ENG","playtime":685,"items_purged":[],"score":247,"play_id":"660cd575-a316-4762-afa8-44c4d1cb3d16","local_time":"20210209231800","is_ascension_mode":true,"campfire_choices":[{"floor":1,"key":"RECALL"},{"data":"bronze:ClassDefault","floor":6,"key":"SMITH"},{"data":"bronze:DigitalCarnage","floor":13,"key":"SMITH"}],"circlet_count":0,"master_deck":["AscendersBane","bronze:Strike","bronze:Strike","bronze:Strike","bronze:Defend","bronze:Defend","bronze:Defend","bronze:Defend","bronze:Replicate","bronze:Goto","bronze:Philosophize","bronze:BitShift","Regret","bronze:ClassDefault+1","bronze:WhirlingStrike","bronze:DigitalCarnage+1","bronze:CloningBeam","bronze:Return","bronze:ClassDefault","bronze:Invalidate"],"relics":["Coffee Dripper","Nunchaku","downfall:HeartBlessingRed","MealTicket","Pen Nib","Akabeko"],"acts_visited":["Exordium"],"potions_floor_usage":[10,14,14],"damage_taken":[{"damage":2,"enemies":"Jaw Worm","floor":2,"turns":4},{"damage":0,"enemies":"Small Slimes","floor":3,"turns":3},{"damage":17,"enemies":"2 Louse","floor":8,"turns":4},{"damage":19,"enemies":"Lagavulin","floor":10,"turns":7},{"damage":3,"enemies":"Blue Slaver","floor":11,"turns":2},{"damage":12,"enemies":"Red Slaver","floor":12,"turns":2},{"damage":2,"enemies":"3 Sentries","floor":14,"turns":4},{"damage":0,"enemies":"3 Louse","floor":15,"turns":1},{"damage":12,"enemies":"WA_ARCHETYPE_RETAIN","floor":16,"turns":1}],"seed_played":"-3728012025486039709","potions_obtained":[{"floor":2,"key":"ColorlessPotion"},{"floor":8,"key":"Weak Potion"},{"floor":10,"key":"SmokeBomb"},{"floor":11,"key":"GamblersBrew"}],"is_trial":false,"path_per_floor":["R","M","M","?","?","R","T","M","?","E","M","M","R","E","M","B"],"character_chosen":"THE_AUTOMATON","items_purchased":[],"campfire_rested":0,"item_purchase_floors":[],"current_hp_per_floor":[57,55,55,55,55,55,55,38,38,19,16,4,4,2,2,0,0,0],"gold":199,"neow_bonus":"BOSS_RELIC","is_daily":false,"chose_seed":false,"campfire_upgraded":2,"win_rate":0.0,"timestamp":1612934280,"path_taken":["R","M","M","?","?","R","T","?","?","E","M","M","R","E","M","BOSS"],"items_purchased_type":[],"build_version":"2020-12-22","purchased_purges":0,"victory":false,"max_hp_per_floor":[63,63,63,63,63,63,63,63,63,63,63,63,63,63,63,63,63,63],"card_choices":[{"not_picked":["bronze:Backtrace","bronze:BugBarrage"],"picked":"bronze:Philosophize","floor":2},{"not_picked":["bronze:ForceShield","bronze:Allocate"],"picked":"bronze:BitShift","floor":3},{"not_picked":["bronze:OilSpill","bronze:FineTuning"],"picked":"bronze:WhirlingStrike","floor":8},{"not_picked":["bronze:OilSpill","bronze:FindAndReplace"],"picked":"bronze:DigitalCarnage","floor":10},{"not_picked":["bronze:Repulsor","bronze:Separator"],"picked":"bronze:CloningBeam","floor":11},{"not_picked":["bronze:GetLatest","bronze:Allocate"],"picked":"bronze:Return","floor":12},{"not_picked":["bronze:WhirlingStrike","bronze:Turbo"],"picked":"bronze:ClassDefault","floor":14},{"not_picked":["bronze:Refactor","bronze:Allocate"],"picked":"bronze:Invalidate","floor":15}],"player_experience":509299,"relics_obtained":[{"floor":7,"key":"MealTicket"},{"floor":10,"key":"Pen Nib"},{"floor":14,"key":"Akabeko"}],"event_choices":[{"damage_healed":0,"gold_gain":0,"player_choice":"Box","damage_taken":0,"relics_obtained":["Nunchaku"],"max_hp_gain":0,"max_hp_loss":0,"event_name":"Big Fish","floor":4,"gold_loss":0,"cards_obtained":["Regret"]},{"damage_healed":0,"gold_gain":0,"cards_transformed":["bronze:Strike"],"player_choice":"Change","damage_taken":0,"max_hp_gain":0,"max_hp_loss":0,"event_name":"Living Wall","floor":5,"gold_loss":0,"cards_obtained":["bronze:ClassDefault"]}],"is_beta":false,"boss_relics":[],"items_purged_floors":[],"is_endless":false,"potions_floor_spawned":[2,8,10,11],"killed_by":"WA_ARCHETYPE_RETAIN","ascension_level":16}}