{"host":"fhwr1fuluf6086fh","time":1612977788,"event":{"mods":["2.2 Compatiblity","Act Like it!","BaseMod","Colored Map","Downfall","Elementarium","Minty Spire (QoL Compilation)","StSLib"],"gold_per_floor":[99,119,129,149,21,41,67,67,92,92,119,132,143,28,40,137,137,137,155,167,74,87,87,114,114,124,152,166,196,213,243,260,355,355,255,274,288,338,438,463,463,463,491,501,514,547,447,82,94,94],"floor_reached":51,"language":"ENG","playtime":49287,"items_purged":["Writhe","Guardian:Strike_Guardian"],"score":881,"play_id":"dd647b53-4884-4242-bcb3-b5994aaa27cb","local_time":"20210210122308","is_ascension_mode":true,"campfire_choices":[{"data":"Guardian:RevengeProtocol","floor":1,"key":"SMITH"},{"data":"Guardian:PrismaticBeam","floor":10,"key":"SMITH"},{"floor":18,"key":"RECALL"},{"data":"Guardian:SpikerProtocol","floor":23,"key":"SMITH"},{"data":"Guardian:StasisField","floor":35,"key":"SMITH"},{"data":"Guardian:PolyBeam","floor":42,"key":"SMITH"},{"floor":47,"key":"REST"}],"circlet_count":0,"master_deck":["Guardian:Strike_Guardian","Guardian:Strike_Guardian","Guardian:Strike_Guardian","Guardian:Defend_Guardian","Guardian:Defend_Guardian","Guardian:Defend_Guardian","Guardian:Defend_Guardian","Guardian:CurlUp","Guardian:TwinSlam","Guardian:RevengeProtocol+1","Guardian:Reroute","Guardian:PrismaticBeam+1","Guardian:PolyBeam+1","Guardian:ShieldSpikes","Guardian:RevengeProtocol+1","Guardian:ShieldSpikes","Guardian:Recover","Guardian:ArmoredProtocol","Guardian:BronzeArmor","Guardian:ChargeCore","Guardian:RevengeProtocol","Guardian:BodySlam","Guardian:SpikerProtocol+1","Guardian:TimeCapacitor","Guardian:PolyBeam","Guardian:PrismaticBeam","Guardian:PrimingBeam","Guardian:CrystalBeam","Guardian:CrystalBeam","Guardian:StasisField+1","Guardian:ShieldCharger+1","Guardian:Repulse+1","Guardian:DonusPower+1","Guardian:ShieldCharger","Guardian:BronzeOrb","Guardian:FastForward","Mind Blast","Writhe","Guardian:Clone+1","Regret","Guardian:ChargeCore+1","Guardian:BronzeOrb","Guardian:PiercingHide+1"],"relics":["Guardian:ModeShifter","Art of War","Potion Belt","Strawberry","Guardian:StasisSlotReductionRelic","Regal Pillow","Frozen Egg 2","Oddly Smooth Stone","Elementarium:GoldenMirage","Cursed Key","downfall:HeartBlessingRed","Calipers","downfall:GremlinSack","Lantern","Bottled Lightning","Boot","Bag of Preparation","downfall:HeartBlessingGreen","InkBottle"],"acts_visited":["Exordium","Elementarium:Elementarium","TheBeyond"],"potions_floor_usage":[16,16,29,33,33,33,39,43,43,43,46,50,50,50,50,50],"damage_taken":[{"damage":0,"enemies":"Cultist","floor":2,"turns":4},{"damage":0,"enemies":"Small Slimes","floor":3,"turns":4},{"damage":5,"enemies":"Jaw Worm","floor":4,"turns":4},{"damage":0,"enemies":"downfall:FleeingMerchant","floor":5,"turns":4},{"damage":19,"enemies":"Gremlin Gang","floor":6,"turns":7},{"damage":3,"enemies":"Lagavulin","floor":9,"turns":8},{"damage":21,"enemies":"3 Sentries","floor":11,"turns":8},{"damage":0,"enemies":"Large Slime","floor":12,"turns":7},{"damage":10,"enemies":"Exordium Thugs","floor":13,"turns":5},{"damage":5,"enemies":"downfall:FleeingMerchant","floor":14,"turns":4},{"damage":9,"enemies":"Exordium Wildlife","floor":15,"turns":4},{"damage":2,"enemies":"SI_SHIV_ARCHETYPE","floor":16,"turns":6},{"damage":2,"enemies":"Elementarium:Cyclone","floor":19,"turns":4},{"damage":0,"enemies":"Elementarium:2_ELEMENTALS","floor":20,"turns":5},{"damage":0,"enemies":"downfall:FleeingMerchant","floor":21,"turns":4},{"damage":4,"enemies":"Elementarium:VoidBeast","floor":22,"turns":4},{"damage":0,"enemies":"Elementarium:RubyGolem","floor":26,"turns":3},{"damage":7,"enemies":"Elementarium:FIRE_NOBILITY","floor":27,"turns":7},{"damage":3,"enemies":"Elementarium:STONE_GOLEMS","floor":28,"turns":5},{"damage":1,"enemies":"Elementarium:ElementalPortal","floor":29,"turns":7},{"damage":8,"enemies":"Elementarium:VOID_CORRUPTION_AND_ORB_OF_FIRE","floor":30,"turns":7},{"damage":3,"enemies":"Elementarium:GOLDEN_STATUES","floor":31,"turns":5},{"damage":1,"enemies":"Elementarium:RubyGolem","floor":32,"turns":3},{"damage":1,"enemies":"WA_ARCHETYPE_CALM","floor":33,"turns":7},{"damage":0,"enemies":"Orb Walker","floor":36,"turns":3},{"damage":0,"enemies":"3 Shapes","floor":37,"turns":7},{"damage":3,"enemies":"3 Shapes","floor":38,"turns":9},{"damage":7,"enemies":"3 Shapes","floor":39,"turns":4},{"damage":0,"enemies":"Giant Head","floor":40,"turns":6},{"damage":20,"enemies":"Reptomancer","floor":43,"turns":8},{"damage":0,"enemies":"Sphere and 2 Shapes","floor":44,"turns":5},{"damage":28,"enemies":"Writhing Mass","floor":45,"turns":4},{"damage":11,"enemies":"Giant Head","floor":46,"turns":9},{"damage":1,"enemies":"downfall:FleeingMerchant","floor":48,"turns":4},{"damage":4,"enemies":"Spire Growth","floor":49,"turns":5},{"damage":21,"enemies":"IC_BLOCK_ARCHETYPE","floor":50,"turns":8}],"seed_played":"7922740388038003730","potions_obtained":[{"floor":6,"key":"sneckomod:MuddlingPotion"},{"floor":11,"key":"SneckoOil"},{"floor":12,"key":"SkillPotion"},{"floor":13,"key":"Strength Potion"},{"floor":15,"key":"LiquidBronze"},{"floor":16,"key":"AttackPotion"},{"floor":26,"key":"champ:CounterPotion"},{"floor":27,"key":"Dexterity Potion"},{"floor":28,"key":"Guardian:DefensiveModePotion"},{"floor":29,"key":"FairyPotion"},{"floor":32,"key":"FearPotion"},{"floor":33,"key":"SkillPotion"},{"floor":36,"key":"Regen Potion"},{"floor":37,"key":"ColorlessPotion"},{"floor":40,"key":"GamblersBrew"},{"floor":44,"key":"PowerPotion"},{"floor":46,"key":"Fruit Juice"}],"is_trial":false,"path_per_floor":["R","M","M","M","$","M","T","?","E","R","E","M","M","$","M","B",null,"R","M","M","$","M","R","T","?","M","E","M","E","M","?","M","B",null,"R","M","M","?","?","E","T","R","E","M","M","E","R","$","M","B",null],"character_chosen":"GUARDIAN","items_purchased":["Guardian:ShieldSpikes","Guardian:TimeCapacitor","InkBottle","AttackPotion","ColorlessPotion"],"campfire_rested":1,"item_purchase_floors":[5,21,48,48,48],"current_hp_per_floor":[80,80,80,75,75,56,56,56,53,53,39,39,29,24,15,13,87,87,85,85,85,81,81,81,65,65,58,55,54,46,43,42,41,92,92,92,92,89,82,82,82,82,77,77,49,43,87,86,82,61],"gold":94,"neow_bonus":"THREE_RARE_CARDS","is_daily":false,"chose_seed":false,"campfire_upgraded":5,"win_rate":0.0,"timestamp":1612977788,"path_taken":["R","M","?","M","?","M","T","?","E","R","E","M","M","$","M","BOSS","R","M","M","$","?","R","T","?","M","E","?","E","M","?","M","BOSS","R","M","M","?","?","E","T","R","E","?","M","E","R","$","M","BOSS"],"items_purchased_type":["Card","Card","Relic","Potion","Potion"],"build_version":"2020-12-22","purchased_purges":2,"victory":true,"max_hp_per_floor":[80,80,80,80,80,80,80,80,80,80,87,87,87,87,87,87,87,87,87,87,87,87,87,87,92,92,92,92,92,92,92,92,92,92,92,92,92,92,92,92,92,92,92,92,92,97,97,97,97,97],"card_choices":[{"not_picked":["Guardian:HyperBeam_Guardian","Guardian:SphericShield"],"picked":"Guardian:RevengeProtocol","floor":0},{"not_picked":["Guardian:ShieldCharger","Guardian:Orbwalk"],"picked":"Guardian:Reroute","floor":2},{"not_picked":["Guardian:Gem_Cyan","Guardian:ArmoredProtocol"],"picked":"Guardian:Gem_Fragmented","floor":3},{"not_picked":["Guardian:PiercingHide","Guardian:Gem_Fragmented"],"picked":"Guardian:PrismaticBeam","floor":4},{"not_picked":["Guardian:TimeCapacitor","Guardian:Planning"],"picked":"Guardian:PolyBeam","floor":5},{"not_picked":["Guardian:SpikerProtocol","Guardian:Gem_Green"],"picked":"Guardian:Gem_Blue","floor":6},{"not_picked":["Guardian:Incinerate","Guardian:RollAttack"],"picked":"Guardian:ShieldSpikes","floor":9},{"not_picked":["Guardian:Incinerate","Guardian:PrismaticBeam"],"picked":"Guardian:Recover","floor":11},{"not_picked":["Guardian:SentryBeam","Guardian:TimeCapacitor"],"picked":"Guardian:Gem_Yellow","floor":12},{"not_picked":["Guardian:Recover","Guardian:RollAttack"],"picked":"Guardian:ArmoredProtocol","floor":13},{"not_picked":["Guardian:Suspension","Guardian:FierceBash"],"picked":"Guardian:BronzeArmor","floor":14},{"not_picked":["Guardian:BronzeArmor","Guardian:EvasiveProtocol"],"picked":"Guardian:ChargeCore","floor":15},{"not_picked":["Guardian:StasisStrike","Guardian:FastForward"],"picked":"Guardian:RevengeProtocol","floor":16},{"not_picked":["Guardian:Recover+1","Guardian:Reroute"],"picked":"Guardian:Gem_White","floor":19},{"not_picked":["Guardian:PrismaticBarrier","Guardian:Reroute"],"picked":"Guardian:BodySlam","floor":20},{"not_picked":["Guardian:Harden+1","Guardian:CrystalBeam"],"picked":"Guardian:SpikerProtocol","floor":21},{"not_picked":["Guardian:Reroute","Guardian:Planning+1"],"picked":"Guardian:Gem_Purple","floor":22},{"not_picked":["Guardian:VentSteam+1","Guardian:Suspension"],"picked":"Guardian:PolyBeam","floor":26},{"not_picked":["Guardian:Incinerate","Guardian:Recover","Guardian:RollAttack"],"picked":"SKIP","floor":27},{"not_picked":["Guardian:AncientConstruct+1","Guardian:Reroute"],"picked":"Guardian:Gem_Lightblue","floor":28},{"not_picked":["Guardian:RollAttack","Guardian:Gem_Synthetic"],"picked":"Guardian:PrismaticBeam","floor":29},{"not_picked":["Guardian:TemporalStrike+1","Guardian:TimeBomb"],"picked":"Guardian:PrimingBeam","floor":30},{"not_picked":["Guardian:Planning","Guardian:TimeCapacitor+1"],"picked":"Guardian:CrystalBeam","floor":31},{"not_picked":["Guardian:Harden","Guardian:Incinerate"],"picked":"Guardian:CrystalBeam","floor":32},{"not_picked":["Guardian:BaubleBeam","Guardian:SphericShield"],"picked":"Guardian:StasisField","floor":33},{"not_picked":["Guardian:TimeBomb","Guardian:PrimingBeam"],"picked":"Guardian:ShieldCharger+1","floor":36},{"not_picked":["Guardian:WalkerClaw","Guardian:RollAttack"],"picked":"Guardian:Repulse+1","floor":37},{"not_picked":["Guardian:Planning+1","Guardian:FastForward"],"picked":"Guardian:DonusPower+1","floor":38},{"not_picked":["Guardian:VentSteam","Guardian:Planning+1"],"picked":"Guardian:Clone+1","floor":39},{"not_picked":["Guardian:ShieldSpikes+1","Guardian:PrismaticBeam+1"],"picked":"Guardian:Gem_Orange","floor":40},{"not_picked":["Guardian:ShieldSpikes+1","Guardian:BronzeOrb+1"],"picked":"Guardian:Gem_White","floor":43},{"not_picked":["Guardian:GuardianWhirl","Guardian:Reroute+1"],"picked":"Guardian:ChargeCore+1","floor":44},{"not_picked":["Guardian:ChargeCore","Guardian:RollAttack+1"],"picked":"Guardian:BronzeOrb","floor":45},{"not_picked":["Guardian:RollAttack+1","Guardian:GuardianWhirl"],"picked":"Guardian:Gem_Yellow","floor":46},{"not_picked":["Guardian:PrimingBeam","Guardian:Gem_Crimson"],"picked":"Guardian:PiercingHide+1","floor":48},{"not_picked":["Guardian:StasisStrike","Guardian:WalkerClaw+1","Guardian:Planning+1"],"picked":"SKIP","floor":49}],"player_experience":890704,"relics_obtained":[{"floor":7,"key":"Art of War"},{"floor":9,"key":"Potion Belt"},{"floor":11,"key":"Strawberry"},{"floor":24,"key":"Regal Pillow"},{"floor":27,"key":"Frozen Egg 2"},{"floor":29,"key":"Oddly Smooth Stone"},{"floor":31,"key":"Elementarium:GoldenMirage"},{"floor":38,"key":"Calipers"},{"floor":39,"key":"downfall:GremlinSack"},{"floor":40,"key":"Lantern"},{"floor":41,"key":"Bottled Lightning"},{"floor":43,"key":"Boot"},{"floor":46,"key":"Bag of Preparation"}],"event_choices":[{"damage_healed":0,"gold_gain":0,"player_choice":"Sacrifice","damage_taken":21,"max_hp_gain":5,"max_hp_loss":0,"event_name":"Elementarium:RadiantAltar","floor":25,"gold_loss":0},{"damage_healed":0,"gold_gain":0,"player_choice":"Fight","damage_taken":0,"max_hp_gain":0,"max_hp_loss":0,"event_name":"Elementarium:GoldenStatues","floor":31,"gold_loss":0}],"is_beta":false,"boss_relics":[{"not_picked":["SlaversCollar","SacredBark"],"picked":"Guardian:StasisSlotReductionRelic"},{"not_picked":["Runic Dome","Pandora\u0027s Box"],"picked":"Cursed Key"}],"items_purged_floors":[5,14],"is_endless":false,"potions_floor_spawned":[6,11,12,13,15,16,26,27,28,29,32,33,36,37,40,44,46],"ascension_level":1}}