{"host":"y0i0tbisecj7yjyn","time":1612921122,"event":{"mods":["A Penny For Your Troubles","AlwaysNeverKeys","BaseMod","BetterRewards","Colored Map","Colored Powertips","Curses Come First","Displayed Cursed Tome","Keyboard Shortcuts","Minty Spire (QoL Compilation)","Random Character Button","Rare Cards Sparkle","Relic Sorter","StSLib","SuperFastMode","Transform Curses","Weighted Paths"],"gold_per_floor":[118,118,138,154,0,31,31,65,90,90,119,141,170,182,194,309,321,353,280,306,318,330,371,400,38,38,38,69,69,83,101,101,101,101],"floor_reached":33,"language":"ENG","playtime":2036,"items_purged":[],"score":471,"play_id":"2253eeaa-5363-4edc-80a3-4a35bde345ab","local_time":"20210209193842","is_ascension_mode":true,"campfire_choices":[{"floor":7,"key":"REST"},{"floor":10,"key":"REST"},{"floor":15,"key":"REST"},{"floor":27,"key":"REST"},{"floor":32,"key":"REST"}],"circlet_count":0,"master_deck":["Strike_G","Strike_G","Strike_G","Strike_G","Strike_G","Defend_G","Defend_G","Defend_G","Defend_G","Defend_G+1","Survivor","Neutralize","Bane+1","Bouncing Flask","Accuracy","Dodge and Roll","Infinite Blades","Infinite Blades","Backstab","Blade Dance","Corpse Explosion","Quick Slash+1","Masterful Stab","Bouncing Flask","Accuracy","Deadly Poison+1","Outmaneuver","Distraction"],"relics":["Ring of the Snake","Toolbox","WarpedTongs","TwistedFunnel","Oddly Smooth Stone","Tiny Chest","Nunchaku","MawBank","Fusion Hammer","Pear","Darkstone Periapt","CaptainsWheel","HandDrill","Potion Belt","Turnip","Molten Egg 2"],"acts_visited":["Exordium","TheCity"],"potions_floor_usage":[8,16,16,23,23,33,33],"damage_taken":[{"damage":12,"enemies":"Jaw Worm","floor":1,"turns":4},{"damage":8,"enemies":"Cultist","floor":3,"turns":5},{"damage":16,"enemies":"Small Slimes","floor":4,"turns":3},{"damage":14,"enemies":"Gremlin Nob","floor":6,"turns":3},{"damage":16,"enemies":"Lagavulin","floor":8,"turns":5},{"damage":16,"enemies":"3 Sentries","floor":11,"turns":6},{"damage":3,"enemies":"3 Louse","floor":12,"turns":2},{"damage":5,"enemies":"Looter","floor":13,"turns":2},{"damage":18,"enemies":"Slime Boss","floor":16,"turns":8},{"damage":0,"enemies":"2 Thieves","floor":18,"turns":3},{"damage":14,"enemies":"Chosen","floor":20,"turns":2},{"damage":23,"enemies":"Book of Stabbing","floor":23,"turns":5},{"damage":0,"enemies":"Centurion and Healer","floor":24,"turns":5},{"damage":18,"enemies":"Gremlin Leader","floor":28,"turns":5},{"damage":4,"enemies":"Sentry and Sphere","floor":30,"turns":4},{"damage":28,"enemies":"Shelled Parasite and Fungi","floor":31,"turns":3},{"damage":83,"enemies":"Automaton","floor":33,"turns":6}],"seed_played":"-5432266245937583225","potions_obtained":[{"floor":6,"key":"SkillPotion"},{"floor":11,"key":"Block Potion"},{"floor":13,"key":"Weak Potion"},{"floor":16,"key":"CunningPotion"},{"floor":20,"key":"Fruit Juice"},{"floor":28,"key":"EssenceOfSteel"},{"floor":30,"key":"Strength Potion"}],"is_trial":false,"path_per_floor":["M","?","M","M","$","E","R","E","T","R","E","M","M","?","R","B",null,"M","?","M","T","?","E","M","$","T","R","E","$","M","M","R","B"],"character_chosen":"THE_SILENT","items_purchased":["Toolbox","TwistedFunnel","Accuracy","HandDrill","Potion Belt"],"campfire_rested":5,"item_purchase_floors":[0,5,25,25,25],"current_hp_per_floor":[58,58,50,34,34,20,41,25,25,46,30,27,22,8,29,11,70,70,80,66,66,66,48,48,48,48,73,55,55,51,23,48,0,0],"gold":101,"neow_bonus":"","is_daily":false,"chose_seed":false,"campfire_upgraded":0,"win_rate":0.0,"timestamp":1612921122,"path_taken":["M","?","?","M","?","E","R","E","T","R","E","M","?","?","R","BOSS","M","?","M","?","?","E","M","?","T","R","E","$","?","M","R","BOSS"],"items_purchased_type":["Relic","Relic","Card","Relic","Relic"],"build_version":"2020-12-22","purchased_purges":0,"victory":false,"max_hp_per_floor":[70,70,70,70,70,70,70,70,70,70,70,70,70,70,70,70,70,70,80,80,80,80,85,85,85,85,85,85,85,85,85,85,85,85],"card_choices":[{"not_picked":["Cloak And Dagger","Flying Knee"],"picked":"Bane","floor":1},{"not_picked":["Dagger Spray","Cloak And Dagger"],"picked":"Bouncing Flask","floor":3},{"not_picked":["Grand Finale","Well Laid Plans"],"picked":"Accuracy","floor":4},{"not_picked":["Acrobatics","Calculated Gamble"],"picked":"Dodge and Roll","floor":6},{"not_picked":["Flechettes","Blade Dance"],"picked":"Infinite Blades","floor":8},{"not_picked":["Outmaneuver","Caltrops"],"picked":"Infinite Blades","floor":11},{"not_picked":["Flying Knee","Choke"],"picked":"Backstab","floor":12},{"not_picked":["Flying Knee","Backflip"],"picked":"Blade Dance","floor":13},{"not_picked":["Unload","Adrenaline"],"picked":"Corpse Explosion","floor":16},{"not_picked":["PiercingWail+1","Underhanded Strike"],"picked":"Quick Slash+1","floor":18},{"not_picked":["Prepared","Predator"],"picked":"Masterful Stab","floor":20},{"not_picked":["Tools of the Trade","Poisoned Stab"],"picked":"Bouncing Flask","floor":23},{"not_picked":["Underhanded Strike+1","Calculated Gamble","Terror"],"picked":"SKIP","floor":24},{"not_picked":["Escape Plan+1","Poisoned Stab+1"],"picked":"Deadly Poison+1","floor":28},{"not_picked":["Dagger Throw+1","Sucker Punch+1"],"picked":"Outmaneuver","floor":30},{"not_picked":["PiercingWail","Heel Hook+1"],"picked":"Distraction","floor":31}],"player_experience":412472,"relics_obtained":[{"floor":6,"key":"Oddly Smooth Stone"},{"floor":8,"key":"Tiny Chest"},{"floor":9,"key":"Nunchaku"},{"floor":11,"key":"MawBank"},{"floor":21,"key":"Darkstone Periapt"},{"floor":23,"key":"CaptainsWheel"},{"floor":26,"key":"Turnip"},{"floor":28,"key":"Molten Egg 2"}],"event_choices":[{"damage_healed":0,"gold_gain":0,"player_choice":"Rummage","damage_taken":0,"relics_obtained":["WarpedTongs"],"max_hp_gain":0,"max_hp_loss":0,"event_name":"Accursed Blacksmith","floor":2,"gold_loss":0,"cards_obtained":["Pain"]},{"damage_healed":0,"gold_gain":0,"player_choice":"Entered Light","damage_taken":14,"max_hp_gain":0,"max_hp_loss":0,"event_name":"Shining Light","floor":14,"gold_loss":0,"cards_upgraded":["Bane","Defend_G"]},{"damage_healed":0,"gold_gain":0,"player_choice":"Obtained Relic","damage_taken":0,"relics_obtained":["Pear"],"max_hp_gain":0,"max_hp_loss":0,"event_name":"Addict","floor":19,"gold_loss":85},{"cards_removed":["Pain"],"damage_healed":0,"gold_gain":0,"player_choice":"Elegance","damage_taken":0,"max_hp_gain":0,"max_hp_loss":0,"event_name":"Back to Basics","floor":22,"gold_loss":0}],"is_beta":false,"boss_relics":[{"not_picked":["SacredBark","Runic Dome"],"picked":"Fusion Hammer"}],"items_purged_floors":[],"is_endless":false,"potions_floor_spawned":[6,11,13,16,20,28,30],"killed_by":"Automaton","ascension_level":2}}