{"host":"6pic12dj9p7186mz","time":1612934483,"event":{"mods":["BaseMod","Minty Spire (QoL Compilation)","Permanent Neow","Relic Stats","StSLib"],"gold_per_floor":[110,124,139,19,31,66,66,97,168,184,203,230,230,265,265,366,366,384,394,406,406,419,452,452,484,484,497,171,171,198,228,228,328,328,340,353,353,136,186,214,242,242,242,242,92,92,92,103,103,103],"floor_reached":51,"language":"ENG","playtime":2985,"items_purged":["Defend_B","Strike_B","Strike_B","Strike_B"],"score":919,"play_id":"0fff5408-e9a8-4360-9426-e0d5a64afc12","local_time":"20210209232123","is_ascension_mode":true,"campfire_choices":[{"data":"Electrodynamics","floor":7,"key":"SMITH"},{"floor":13,"key":"REST"},{"data":"Fission","floor":15,"key":"SMITH"},{"data":"Echo Form","floor":24,"key":"SMITH"},{"data":"Self Repair","floor":29,"key":"SMITH"},{"data":"Recycle","floor":32,"key":"SMITH"},{"data":"Self Repair","floor":42,"key":"SMITH"},{"data":"Coolheaded","floor":44,"key":"SMITH"},{"data":"Biased Cognition","floor":47,"key":"SMITH"},{"data":"Biased Cognition","floor":49,"key":"SMITH"}],"circlet_count":0,"master_deck":["Defend_B","Defend_B","Defend_B","Zap","Dualcast","Echo Form+1","Leap","Electrodynamics+1","Streamline","Defragment","Sweeping Beam+1","Fission+1","Self Repair+1","Melter+1","Biased Cognition+1","CurseOfTheBell","Coolheaded+1","Self Repair+1","Steam+1","Static Discharge","Biased Cognition+1","Lockon+1","BootSequence+1","Defragment","Glacier+1","Recycle+1","Biased Cognition","Conserve Battery","Defragment","Coolheaded+1","Ball Lightning+1"],"relics":["Cracked Core","Molten Egg 2","Incense Burner","Orichalcum","Ornamental Fan","Calling Bell","Centennial Puzzle","Mercury Hourglass","Ginger","Happy Flower","Vajra","Kunai","Bag of Preparation","WingedGreaves","Bottled Flame","Cursed Key","CaptainsWheel","Potion Belt","Toxic Egg 2"],"acts_visited":["Exordium","TheCity","TheBeyond"],"potions_floor_usage":[12,16,16,20,27,33,36,50],"damage_taken":[{"damage":0,"enemies":"Cultist","floor":1,"turns":3},{"damage":0,"enemies":"Small Slimes","floor":2,"turns":3},{"damage":3,"enemies":"Jaw Worm","floor":3,"turns":3},{"damage":10,"enemies":"Blue Slaver","floor":5,"turns":4},{"damage":14,"enemies":"Gremlin Nob","floor":6,"turns":4},{"damage":9,"enemies":"Lagavulin","floor":8,"turns":5},{"damage":25,"enemies":"Exordium Thugs","floor":10,"turns":3},{"damage":7,"enemies":"2 Fungi Beasts","floor":11,"turns":3},{"damage":0,"enemies":"3 Sentries","floor":12,"turns":3},{"damage":12,"enemies":"Lagavulin","floor":14,"turns":6},{"damage":23,"enemies":"The Guardian","floor":16,"turns":8},{"damage":0,"enemies":"Chosen","floor":18,"turns":3},{"damage":16,"enemies":"Shell Parasite","floor":19,"turns":5},{"damage":16,"enemies":"Snake Plant","floor":20,"turns":4},{"damage":14,"enemies":"Shelled Parasite and Fungi","floor":22,"turns":3},{"damage":23,"enemies":"Slavers","floor":23,"turns":2},{"damage":21,"enemies":"Book of Stabbing","floor":25,"turns":4},{"damage":12,"enemies":"Chosen and Byrds","floor":27,"turns":3},{"damage":14,"enemies":"Slavers","floor":30,"turns":3},{"damage":0,"enemies":"Gremlin Leader","floor":31,"turns":5},{"damage":26,"enemies":"Collector","floor":33,"turns":6},{"damage":7,"enemies":"Orb Walker","floor":35,"turns":4},{"damage":31,"enemies":"3 Darklings","floor":36,"turns":3},{"damage":3,"enemies":"Mind Bloom Boss Battle","floor":39,"turns":8},{"damage":27,"enemies":"Nemesis","floor":40,"turns":7},{"damage":38,"enemies":"Giant Head","floor":41,"turns":10},{"damage":11,"enemies":"Transient","floor":48,"turns":5},{"damage":10,"enemies":"Donu and Deca","floor":50,"turns":12}],"seed_played":"4877838172627407234","potions_obtained":[{"floor":0,"key":"EssenceOfSteel"},{"floor":0,"key":"SteroidPotion"},{"floor":0,"key":"Dexterity Potion"},{"floor":2,"key":"Ancient Potion"},{"floor":11,"key":"CultistPotion"},{"floor":12,"key":"SpeedPotion"},{"floor":16,"key":"FairyPotion"},{"floor":19,"key":"DistilledChaos"},{"floor":20,"key":"AttackPotion"},{"floor":25,"key":"LiquidBronze"},{"floor":27,"key":"GamblersBrew"},{"floor":35,"key":"Explosive Potion"},{"floor":36,"key":"PowerPotion"},{"floor":41,"key":"FearPotion"}],"is_trial":false,"path_per_floor":["M","M","M","$","M","E","R","E","T","M","M","E","R","E","R","B",null,"M","M","M","?","M","E","R","E","T","M","$","R","E","E","R","B",null,"M","M","?","$","?","E","E","R","T","R","$","?","R","M","R","B",null],"character_chosen":"DEFECT","items_purchased":["Streamline","Bag of Preparation","Defragment","Defragment","Coolheaded"],"campfire_rested":1,"item_purchase_floors":[4,28,28,38,38],"current_hp_per_floor":[75,75,72,72,62,48,48,39,39,14,7,7,29,24,24,8,75,75,66,64,64,71,48,48,41,41,43,43,43,46,73,73,64,75,75,58,58,58,71,71,60,60,60,60,60,60,60,69,69,71],"gold":103,"neow_bonus":"THREE_SMALL_POTIONS","is_daily":false,"chose_seed":false,"campfire_upgraded":9,"win_rate":0.0,"timestamp":1612934483,"path_taken":["M","M","M","$","M","E","R","E","T","?","M","E","R","E","R","BOSS","M","M","?","?","M","E","R","E","T","M","$","R","E","E","R","BOSS","M","M","?","$","?","E","E","R","T","R","$","?","R","M","R","BOSS"],"items_purchased_type":["Card","Relic","Card","Card","Card"],"build_version":"2020-12-22","purchased_purges":4,"victory":true,"max_hp_per_floor":[75,75,75,75,75,75,75,75,75,75,75,75,75,75,75,75,75,75,75,75,75,75,75,75,75,75,75,75,75,75,75,75,75,75,75,75,71,71,71,71,71,71,71,71,71,71,71,71,71,71],"relic_stats":{"Centennial Puzzle":[45],"Happy Flower":[23],"counters":[28,132],"Ornamental Fan":[36],"Bag of Preparation":[20],"Ginger":[11],"Kunai":[5],"Orichalcum":[276],"Cursed Key":0,"obtain_stats":[{"Potion Belt":40,"Happy Flower":23,"Vajra":25,"Incense Burner":8,"Bag of Preparation":28,"Ginger":17,"Orichalcum":12,"Cursed Key":34,"Mercury Hourglass":17,"Calling Bell":17,"Centennial Puzzle":17,"Bottled Flame":31,"CaptainsWheel":39,"Ornamental Fan":14,"Molten Egg 2":6,"WingedGreaves":30,"Kunai":26,"Toxic Egg 2":41,"Cracked Core":0},{"Potion Belt":25,"Happy Flower":16,"Vajra":17,"Incense Burner":6,"Bag of Preparation":18,"Ginger":11,"Orichalcum":9,"Cursed Key":21,"Mercury Hourglass":11,"Calling Bell":11,"Centennial Puzzle":11,"Bottled Flame":20,"CaptainsWheel":24,"Ornamental Fan":10,"Molten Egg 2":5,"WingedGreaves":19,"Kunai":17,"Toxic Egg 2":26,"Cracked Core":0},{"Potion Belt":105,"Happy Flower":62,"Vajra":66,"Incense Burner":22,"Bag of Preparation":69,"Ginger":45,"Orichalcum":31,"Cursed Key":83,"Mercury Hourglass":45,"Calling Bell":45,"Centennial Puzzle":45,"Bottled Flame":77,"CaptainsWheel":98,"Ornamental Fan":37,"Molten Egg 2":17,"WingedGreaves":72,"Kunai":66,"Toxic Egg 2":115,"Cracked Core":0}],"Mercury Hourglass":[301]},"card_choices":[{"not_picked":["White Noise","Conserve Battery"],"picked":"Echo Form","floor":1},{"not_picked":["Barrage","Beam Cell"],"picked":"Leap","floor":2},{"not_picked":["Compile Driver","Hello World"],"picked":"Electrodynamics","floor":3},{"not_picked":["Reinforced Body","Streamline","Hologram"],"picked":"SKIP","floor":5},{"not_picked":["Loop","Aggregate"],"picked":"Defragment","floor":6},{"not_picked":["Stack","Gash+1"],"picked":"Sweeping Beam+1","floor":8},{"not_picked":["Conserve Battery","Go for the Eyes+1"],"picked":"Rebound+1","floor":10},{"not_picked":["Turbo","Barrage+1"],"picked":"Fission","floor":11},{"not_picked":["Reprogram","Darkness"],"picked":"Self Repair","floor":12},{"not_picked":["Glacier","Echo Form"],"picked":"Melter+1","floor":14},{"not_picked":["Amplify","Rainbow"],"picked":"Biased Cognition","floor":16},{"not_picked":["Redo+1","Ball Lightning+1"],"picked":"Coolheaded+1","floor":18},{"not_picked":["Scrape+1","Barrage+1"],"picked":"Self Repair","floor":19},{"not_picked":["Static Discharge","Reinforced Body"],"picked":"Steam+1","floor":20},{"not_picked":["Beam Cell+1","Hologram","Steam Power"],"picked":"SKIP","floor":22},{"not_picked":["Rip and Tear+1","BootSequence+1"],"picked":"Biased Cognition","floor":23},{"not_picked":["Gash+1","Tempest+1"],"picked":"Lockon+1","floor":25},{"not_picked":["Blizzard+1","Gash+1"],"picked":"BootSequence+1","floor":27},{"not_picked":["Auto Shields","Steam Power+1"],"picked":"Glacier+1","floor":30},{"not_picked":["Compile Driver+1","Reprogram"],"picked":"Recycle","floor":31},{"not_picked":["Meteor Strike+1","Rainbow"],"picked":"Biased Cognition","floor":33},{"not_picked":["Glacier","Cold Snap+1","Ball Lightning+1"],"picked":"SKIP","floor":35},{"not_picked":["Undo","Scrape+1"],"picked":"Conserve Battery","floor":36},{"not_picked":["Reprogram+1","Self Repair"],"picked":"Ball Lightning+1","floor":40},{"not_picked":["Chaos+1","Hello World+1","Darkness+1"],"picked":"SKIP","floor":41},{"not_picked":["Hologram+1","Cold Snap+1","Stack+1"],"picked":"SKIP","floor":48}],"player_experience":31284,"relics_obtained":[{"floor":6,"key":"Molten Egg 2"},{"floor":8,"key":"Incense Burner"},{"floor":12,"key":"Orichalcum"},{"floor":14,"key":"Ornamental Fan"},{"floor":17,"key":"Centennial Puzzle"},{"floor":17,"key":"Mercury Hourglass"},{"floor":17,"key":"Ginger"},{"floor":23,"key":"Happy Flower"},{"floor":25,"key":"Vajra"},{"floor":26,"key":"Kunai"},{"floor":30,"key":"WingedGreaves"},{"floor":31,"key":"Bottled Flame"},{"floor":39,"key":"CaptainsWheel"},{"floor":40,"key":"Potion Belt"},{"floor":41,"key":"Toxic Egg 2"}],"event_choices":[{"damage_healed":0,"gold_gain":0,"cards_transformed":["Strike_B"],"player_choice":"Transformed","damage_taken":0,"max_hp_gain":0,"max_hp_loss":0,"event_name":"Transmorgrifier","floor":21,"gold_loss":0,"cards_obtained":["Static Discharge"]},{"damage_healed":0,"gold_gain":0,"player_choice":"Max HP","damage_taken":0,"max_hp_gain":0,"max_hp_loss":4,"event_name":"Winding Halls","floor":37,"gold_loss":0},{"damage_healed":0,"gold_gain":0,"player_choice":"Fight","damage_taken":0,"max_hp_gain":0,"max_hp_loss":0,"event_name":"MindBloom","floor":39,"gold_loss":0},{"cards_removed":["Rebound"],"damage_healed":0,"gold_gain":0,"player_choice":"Removed Attack","damage_taken":0,"max_hp_gain":0,"max_hp_loss":0,"event_name":"Falling","floor":46,"gold_loss":0}],"is_beta":false,"boss_relics":[{"not_picked":["Busted Crown","Velvet Choker"],"picked":"Calling Bell"},{"not_picked":["SacredBark","Fusion Hammer"],"picked":"Cursed Key"}],"items_purged_floors":[4,28,38,45],"is_endless":false,"potions_floor_spawned":[2,5,6,11,12,16,19,20,25,27,30,35,36,41],"ascension_level":2}}