{"host":"76qcaerkv4ktjkdu","time":1612938767,"event":{"mods":["ATMod(°¢èªMod)","BaseMod","Downfall","Lobotomy","Minty Spire (QoL Compilation)","MostiFishMod","StSLib","¡¾ÒÅÎï¿¨ÅÆ¡¿REMEMod"],"gold_per_floor":[99,111,111,723,33,62,62,62,73,73,73,85,117,130,150,251,251,51,51,84,84,84,102,102,2,72,72,82,132,132,151,170,273,273,273,323,373,439,11,23,23,33,33,83,83,83,83,133,152,152,152,177,27,27,27,29],"floor_reached":57,"language":"ZHS","playtime":5825,"items_purged":["Guardian:Strike_Guardian","Guardian:Strike_Guardian","Guardian:Strike_Guardian"],"score":1685,"play_id":"07b25d2e-a257-4b50-8545-494739e0a4f6","local_time":"20210210143247","is_ascension_mode":false,"campfire_choices":[{"floor":1.0,"key":"RECALL"},{"data":"AT_FamilyPortrait","floor":8.0,"key":"SMITH"},{"data":"Guardian:TwinSlam","floor":10.0,"key":"SMITH"},{"data":"Guardian:SpikerProtocol","floor":18.0,"key":"SMITH"},{"data":"Guardian:TimeSifter","floor":25.0,"key":"SMITH"},{"data":"Guardian:ArmoredProtocol","floor":30.0,"key":"SMITH"},{"data":"Guardian:AncientConstruct","floor":35.0,"key":"SMITH"},{"data":"Guardian:BodySlam","floor":43.0,"key":"SMITH"},{"data":"Guardian:SpikerProtocol","floor":45.0,"key":"SMITH"},{"data":"Guardian:CurlUp","floor":47.0,"key":"SMITH"},{"data":"Guardian:RollAttack","floor":54,"key":"SMITH"}],"circlet_count":0,"master_deck":["Guardian:Defend_Guardian","Guardian:Defend_Guardian","Guardian:CurlUp+1","Guardian:TwinSlam+1","AT_FamilyPortrait+1","champ:Devastate","Guardian:BronzeOrb","Guardian:ShieldSpikes+1","Guardian:SpikerProtocol+1","Guardian:PiercingHide+1","Guardian:RollAttack+1","Guardian:SpikerProtocol+1","Guardian:BodySlam+1","Guardian:StasisField+1","Slimebound:CheckThePlaybook+1","Guardian:TimeSifter+1","expansioncontent:QuickStudy+1","Guardian:DonusPower+1","Guardian:ArmoredProtocol+1","Guardian:AncientConstruct+1","downfall:Aged","Guardian:DecasProtection+1","Guardian:Gem_Cyan","Guardian:ShieldCharger+1","Guardian:BodySlam+1"],"relics":["Guardian:ModeShifter","AT_ATBox","DaveBox","REME_ComplimentaryCards","FeatherPendant","downfall:BrokenWingStatue","Toxic Egg 2","Chemical X","Dead Branch","TungstenRod","GuanYuAspect","downfall:HeartBlessingBlue","downfall:HeartBlessingGreen","Blue Candle","SsserpentHead","AT_GuinsooRageblade","downfall:HeartBlessingRed","Sozu","Guardian:StasisEgg","DianPoetry","ImprovedEquipment","Bronze Scales","Civilization"],"acts_visited":["Exordium","TheCity","TheBeyond","TheEnding"],"potions_floor_usage":[],"damage_taken":[{"damage":0.0,"enemies":"Jaw Worm","floor":2.0,"turns":2.0},{"damage":0.0,"enemies":"Small Slimes","floor":4.0,"turns":2.0},{"damage":0.0,"enemies":"downfall:FleeingMerchant","floor":5.0,"turns":4.0},{"damage":0.0,"enemies":"Gremlin Nob","floor":6.0,"turns":3.0},{"damage":0.0,"enemies":"2 Louse","floor":9.0,"turns":2.0},{"damage":0.0,"enemies":"Large Slime","floor":12.0,"turns":3.0},{"damage":0.0,"enemies":"3 Sentries","floor":13.0,"turns":6.0},{"damage":0.0,"enemies":"Exordium Thugs","floor":14.0,"turns":1.0},{"damage":0.0,"enemies":"Exordium Wildlife","floor":15.0,"turns":1.0},{"damage":0.0,"enemies":"DF_ARCHETYPE_STREAMLINE","floor":16.0,"turns":4.0},{"damage":0.0,"enemies":"downfall:FleeingMerchant","floor":20.0,"turns":3.0},{"damage":0.0,"enemies":"Spheric Guardian","floor":23.0,"turns":3.0},{"damage":0.0,"enemies":"3 Byrds","floor":26.0,"turns":2.0},{"damage":0.0,"enemies":"Snecko","floor":28.0,"turns":1.0},{"damage":0.0,"enemies":"Snake Plant","floor":31.0,"turns":2.0},{"damage":0.0,"enemies":"Centurion and Healer","floor":32.0,"turns":2.0},{"damage":0.0,"enemies":"SI_MIRROR_ARCHETYPE","floor":33.0,"turns":2.0},{"damage":0.0,"enemies":"Orb Walker","floor":38.0,"turns":1.0},{"damage":0.0,"enemies":"3 Shapes","floor":40.0,"turns":2.0},{"damage":0.0,"enemies":"Maw","floor":42.0,"turns":2.0},{"damage":0.0,"enemies":"Transient","floor":49.0,"turns":4.0},{"damage":0.0,"enemies":"IC_BLOCK_ARCHETYPE","floor":50.0,"turns":4.0},{"damage":0.0,"enemies":"downfall:CharBossMerchant","floor":52.0,"turns":3.0},{"damage":0,"enemies":"downfall:NeowBoss","floor":55,"turns":5},{"damage":0,"enemies":"downfall:NeowBossFinal","floor":56,"turns":5}],"seed_played":"8411432487139520558","potions_obtained":[{"floor":9.0,"key":"SneckoOil"},{"floor":13.0,"key":"EssenceOfSteel"},{"floor":14.0,"key":"Block Potion"},{"floor":16.0,"key":"Fire Potion"},{"floor":23.0,"key":"REME_GoldPotion"},{"floor":28.0,"key":"Fire Potion"},{"floor":31.0,"key":"Fire Potion"},{"floor":32.0,"key":"Energy Potion"},{"floor":33.0,"key":"Fire Potion"}],"is_trial":false,"path_per_floor":["R","M","?","M","$","E","T","R","M","R","?","M","E","M","M","B",null,"R","?","$","?","?","M","T","R","M","$","M","?","R","M","M","B",null,"R","?","?","M","$","M","T","M","R","?","R","$","R","?","M","B",null,"E","$","R","B","B",null],"character_chosen":"GUARDIAN","items_purchased":["Toxic Egg 2","Guardian:ShieldSpikes+1","Guardian:SpikerProtocol","Chemical X","Guardian:PiercingHide+1","expansioncontent:QuickStudy","DianPoetry","Civilization"],"campfire_rested":0,"item_purchase_floors":[5,5,5,5,5,20,39,53],"current_hp_per_floor":[56,56,56,56,56,56,56,56,56,56,56,56,56,56,56,56,40,45,29,43,39,39,41,41,41,50,50,50,50,50,50,50,50,50,50,50,50,50,50,50,50,50,50,50,50,50,50,50,50,50,50,50,50,50,50,51],"gold":29,"neow_bonus":"REMOVE_TWO","is_daily":false,"chose_seed":false,"campfire_upgraded":10,"win_rate":0.0,"timestamp":1612938767,"path_taken":["R","M","?","M","$","E","T","R","M","R","?","M","E","M","M","BOSS","R","?","$","?","?","M","T","R","?","$","M","?","R","M","M","BOSS","R","?","?","?","$","M","T","M","R","?","R","$","R","?","M","BOSS","E","$","R","BOSS","BOSS"],"items_purchased_type":["Relic","Card","Card","Relic","Card","Card","Relic","Relic"],"build_version":"2020-12-22","purchased_purges":3,"victory":true,"max_hp_per_floor":[80,80,80,80,80,80,80,80,80,80,80,80,80,80,80,80,40,50,50,50,50,50,50,50,50,50,50,50,50,50,50,50,50,50,50,50,50,50,50,50,50,50,50,50,50,50,50,50,50,50,50,50,50,50,50,51],"card_choices":[{"not_picked":["Guardian:SentryBeam","Guardian:TemporalStrike"],"picked":"Guardian:Gem_Crimson","floor":2.0},{"not_picked":["Guardian:TemporalStrike","Guardian:EvasiveProtocol"],"picked":"Guardian:BronzeOrb","floor":4.0},{"not_picked":["Guardian:Planning","Guardian:Suspension"],"picked":"Guardian:Gem_Orange","floor":5.0},{"not_picked":["Guardian:WalkerClaw","Guardian:Gem_Cyan"],"picked":"Guardian:RollAttack","floor":6.0},{"not_picked":["Guardian:EvasiveProtocol","Guardian:ChargeCore"],"picked":"Guardian:SpikerProtocol","floor":9.0},{"not_picked":["Guardian:Gem_Red","Guardian:MultiBeam","Guardian:Reroute"],"picked":"SKIP","floor":12.0},{"not_picked":["Guardian:Gem_Green","Guardian:Gem_Purple"],"picked":"Guardian:BodySlam","floor":13.0},{"not_picked":["Guardian:RollAttack","Guardian:Gem_Green"],"picked":"Guardian:Gem_Yellow","floor":14.0},{"not_picked":["Guardian:Gem_Cyan","Guardian:Incinerate","Guardian:VentSteam+1"],"picked":"SKIP","floor":15.0},{"not_picked":["Guardian:ExploitGems+1","Guardian:BaubleBeam"],"picked":"Guardian:StasisField+1","floor":16.0},{"not_picked":["Guardian:Gem_Red","Guardian:GuardianWhirl"],"picked":"Guardian:TimeSifter","floor":20.0},{"not_picked":["Guardian:RollAttack+1","Guardian:Incinerate"],"picked":"Guardian:Gem_Lightblue","floor":23.0},{"not_picked":["Guardian:Recover+1","Guardian:Gem_Yellow"],"picked":"Guardian:DonusPower+1","floor":26.0},{"not_picked":["Guardian:Gem_Red","Guardian:TimeBomb+1","Guardian:RefractedBeam"],"picked":"SKIP","floor":28.0},{"not_picked":["Guardian:EvasiveProtocol","Guardian:SentryBeam","Guardian:ChargeCore+1"],"picked":"SKIP","floor":31.0},{"not_picked":["Guardian:Gem_Green","Guardian:CrystalBeam+1"],"picked":"Guardian:PrismaticBeam","floor":32.0},{"not_picked":["Guardian:SphericShield+1","Guardian:BaubleBeam"],"picked":"Guardian:AncientConstruct","floor":33.0},{"not_picked":["Guardian:VentSteam+1","Guardian:ArmoredProtocol+1"],"picked":"Guardian:DecasProtection+1","floor":38.0},{"not_picked":["Guardian:Gem_Cyan","Guardian:Clone+1","Guardian:Reroute+1"],"picked":"SKIP","floor":40.0},{"not_picked":["Guardian:Gem_Cyan","Guardian:Suspension+1"],"picked":"Guardian:Gem_White","floor":42.0},{"not_picked":["Guardian:HyperBeam_Guardian","Guardian:EvasiveProtocol+1"],"picked":"Guardian:ShieldCharger+1","floor":49.0},{"not_picked":["Guardian:WalkerClaw","Guardian:SentryBeam"],"picked":"Guardian:BodySlam+1","floor":52}],"player_experience":93017,"relics_obtained":[{"floor":6.0,"key":"Dead Branch"},{"floor":13.0,"key":"TungstenRod"},{"floor":24.0,"key":"AT_GuinsooRageblade"},{"floor":41.0,"key":"ImprovedEquipment"},{"floor":52,"key":"Bronze Scales"}],"event_choices":[{"damage_healed":0.0,"max_hp_gain":0.0,"max_hp_loss":0.0,"gold_gain":0.0,"event_name":"FaceTrader","player_choice":"Trade","floor":22.0,"gold_loss":0.0,"damage_taken":0.0,"relics_obtained":["SsserpentHead"]},{"damage_healed":0.0,"max_hp_gain":0.0,"max_hp_loss":0.0,"gold_gain":0.0,"event_name":"The Library","player_choice":"Read","floor":29.0,"gold_loss":0.0,"damage_taken":0.0,"cards_obtained":["Guardian:ArmoredProtocol"]},{"damage_healed":0.0,"max_hp_gain":0.0,"max_hp_loss":0.0,"gold_gain":0.0,"event_name":"NoteForYourself","player_choice":"Ignored","floor":37.0,"gold_loss":0.0,"damage_taken":0.0},{"cards_removed":["Guardian:PrismaticBeam"],"damage_healed":0.0,"max_hp_gain":0.0,"max_hp_loss":0.0,"gold_gain":0.0,"event_name":"Falling","player_choice":"Removed Attack","floor":44.0,"gold_loss":0.0,"damage_taken":0.0}],"is_beta":false,"boss_relics":[{"not_picked":["Runic Dome","Pandora\u0027s Box"],"picked":"GuanYuAspect"},{"not_picked":["AT_TrinityForce","Busted Crown"],"picked":"Sozu"}],"items_purged_floors":[5,20,39],"is_endless":false,"potions_floor_spawned":[9,13,14,16,23,28,31,32,33,38,40,52],"ascension_level":0}}