{"host":"b7dyfc527bmrkvbm","time":1612964039,"event":{"mods":["2.2 Compatiblity","Act Like it!","BaseMod","BetterRewards","Conspire","Downfall","Hubris","Infinite Spire","Mimic Mod","Minty Spire (QoL Compilation)","Replay The Spire","Shop Mod","StSLib","The Jungle"],"gold_per_floor":[99,99,99,133,233,251,251,264,164,40,40,66,95,95,112,211,211,193,207,207,219,219,219,219,119,132,132,158,177,277,292,303,303,303,303],"floor_reached":33,"language":"ENG","playtime":4155,"items_purged":[],"score":268,"play_id":"6fb8cfb6-7e37-455e-9380-c92aa1a640bc","local_time":"20210210083359","is_ascension_mode":false,"campfire_choices":[{"floor":1,"key":"RECALL"},{"data":"hexamod:SuperheatedStrike","floor":9,"key":"SMITH"},{"data":"hexamod:TimeWarp","floor":11,"key":"SMITH"},{"data":"hexamod:SpectralSpark","floor":23,"key":"SMITH"},{"data":"hexamod:GhostOfSpirePast","floor":25,"key":"SMITH"}],"circlet_count":0,"master_deck":["hexamod:Defend","hexamod:Defend","hexamod:Sear","hexamod:Float","hexamod:GhostShield","hexamod:CatchUp","hexamod:SuperheatedStrike+1","hexamod:PowerFromBeyond","hexamod:TimeWarp+1","hexamod:ThermalTransfer+1","hexamod:GhostflameBarrier","hexamod:SpectralSpark+1","hexamod:FastForward","hexamod:UnleashSpirits","Bite","Bite","Bite","Bite","Bite","hexamod:GhostOfSpirePast+1","hexamod:Hexaguard","hexamod:RadiantFlame","hexamod:ParanormalForm","hexamod:BacktrackSmack","hexamod:ThirdSeal","J.A.X.","hexamod:EtherealExpedition+1","hexamod:RainOfEmbers","hexamod:SpectersWail","hexamod:NightmareGuise+1"],"relics":["hexamod:SpiritBrand","downfall:HeartsMalice","conspire:DecoderRing","infinitespire:Beetle Shell","Toy Ornithopter","downfall:HeartBlessingRed","hubris:FunFungus","Smiling Mask","Matryoshka","conspire:RoyalGoblet","downfall:HeartBlessingGreen","Anchor","downfall:HeartBlessingBlue","Nunchaku","hubris:ToyBattleship","MutagenicStrength"],"acts_visited":["Exordium","TheCity"],"potions_floor_usage":[10,10,10,16,33],"damage_taken":[{"damage":0,"enemies":"2 Louse","floor":2,"turns":1},{"damage":0,"enemies":"Cultist","floor":4,"turns":1},{"damage":0,"enemies":"downfall:LadyInBlue","floor":5,"turns":1},{"damage":0,"enemies":"Cultist","floor":6,"turns":3},{"damage":0,"enemies":"Jaw Worm","floor":8,"turns":3},{"damage":12,"enemies":"downfall:FleeingMerchant","floor":10,"turns":4},{"damage":1,"enemies":"Gremlin Nob","floor":13,"turns":3},{"damage":6,"enemies":"Gremlin Gang","floor":15,"turns":3},{"damage":11,"enemies":"IC_STATUS_ARCHETYPE","floor":16,"turns":6},{"damage":13,"enemies":"Shell Parasite","floor":19,"turns":3},{"damage":16,"enemies":"Spheric Guardian","floor":21,"turns":4},{"damage":10,"enemies":"Snecko","floor":26,"turns":5},{"damage":25,"enemies":"3 Cultists","floor":29,"turns":6},{"damage":16,"enemies":"downfall:Augmenter","floor":30,"turns":8},{"damage":11,"enemies":"Centurion and Healer","floor":31,"turns":6},{"damage":0,"enemies":"Shelled Parasite and Fungi","floor":32,"turns":4},{"damage":73,"enemies":"DF_ARCHETYPE_CLAW","floor":33,"turns":7}],"seed_played":"6078351431263555509","potions_obtained":[{"floor":5,"key":"Death Potion"},{"floor":5,"key":"Slimebound:ThreeZeroPotion"},{"floor":5,"key":"DistilledChaos"},{"floor":13,"key":"Elixir"},{"floor":15,"key":"Languid Potion"},{"floor":16,"key":"Block Potion"},{"floor":21,"key":"SkillPotion"},{"floor":30,"key":"hexamod:SoulburnPotion"},{"floor":31,"key":"bronze:BurnAndBuffPotion"}],"is_trial":false,"path_per_floor":["R","M","?","MIM","?","M","MIM","M","R","$","R","?","E","T","M","B",null,"R","M","?","M","?","R","T","R","M","?","T","M","?","M","M","B"],"character_chosen":"THE_SPIRIT","items_purchased":["hexamod:ThermalTransfer+1","hexamod:GhostflameBarrier"],"campfire_rested":0,"item_purchase_floors":[10,10],"current_hp_per_floor":[70,70,70,70,70,70,70,70,70,70,70,42,41,41,36,32,70,70,57,49,38,31,31,31,41,44,44,44,33,38,44,51,0,0,0],"gold":303,"neow_bonus":"THREE_ENEMY_KILL","is_daily":false,"chose_seed":false,"campfire_upgraded":4,"win_rate":0.0,"timestamp":1612964039,"path_taken":["R","M","?","?","?","?","MIM","M","R","$","R","?","E","?","M","BOSS","R","M","?","M","?","R","T","R","M","?","?","?","?","M","M","BOSS"],"items_purchased_type":["Card","Card"],"build_version":"2020-12-22","purchased_purges":0,"victory":false,"max_hp_per_floor":[70,70,70,70,70,70,70,70,70,70,70,70,70,70,70,70,70,70,70,49,49,54,54,54,64,64,64,64,64,64,64,64,64,64,64],"card_choices":[{"not_picked":["hexamod:BurningTouch","hexamod:NecessarySacrifice"],"picked":"hexamod:GhostShield","floor":2},{"not_picked":["hexamod:HeatMetal","hexamod:RetreatToShadows"],"picked":"hexamod:CatchUp","floor":5},{"not_picked":["hexamod:BacktrackSmack","hexamod:SwordOfDarkness"],"picked":"hexamod:SuperheatedStrike","floor":6},{"not_picked":["hexamod:PhantomFireball","hexamod:Rewind"],"picked":"hexamod:PowerFromBeyond","floor":8},{"not_picked":["hexamod:FourthSeal","hexamod:SecondSeal"],"picked":"hexamod:TimeWarp","floor":10},{"not_picked":["hexamod:HeatMetal","hexamod:AdvancingGuard"],"picked":"hexamod:SpectralSpark","floor":13},{"not_picked":["hexamod:BurningTouch","hexamod:HeatMetal"],"picked":"hexamod:FastForward","floor":15},{"not_picked":["hexamod:GiftsFromTheDead","hexamod:FifthSeal"],"picked":"hexamod:UnleashSpirits","floor":16},{"not_picked":["hexamod:SuperheatedStrike+1","hexamod:BurningTouch+1","hexamod:AdvancingGuard"],"picked":"SKIP","floor":19},{"not_picked":["hexamod:SuperheatedStrike+1","hexamod:InspiringFlames+1"],"picked":"hexamod:GhostOfSpirePast","floor":21},{"not_picked":["hexamod:HeatMetal","hexamod:InspiringFlames"],"picked":"hexamod:Hexaguard","floor":26},{"not_picked":["hexamod:NightmareStrike","hexamod:ShieldOfDarkness+1"],"picked":"hexamod:ParanormalForm","floor":29},{"not_picked":[],"picked":"J.A.X.","floor":30},{"not_picked":["hexamod:Rewind+1","hexamod:Again"],"picked":"hexamod:EtherealExpedition+1","floor":30},{"not_picked":["hexamod:SpectersWail+1","hexamod:SwordOfDarkness"],"picked":"hexamod:RainOfEmbers","floor":31},{"not_picked":["hexamod:HauntingEcho","hexamod:GhostShield+1"],"picked":"hexamod:SpectersWail","floor":31},{"not_picked":["hexamod:HeatShield+1","hexamod:SoulSteal"],"picked":"hexamod:NightmareGuise+1","floor":32}],"player_experience":411426,"relics_obtained":[{"floor":3,"key":"conspire:DecoderRing"},{"floor":4,"key":"infinitespire:Beetle Shell"},{"floor":5,"key":"Toy Ornithopter"},{"floor":12,"key":"hubris:FunFungus"},{"floor":13,"key":"Smiling Mask"},{"floor":14,"key":"Matryoshka"},{"floor":24,"key":"Anchor"},{"floor":28,"key":"Nunchaku"},{"floor":28,"key":"hubris:ToyBattleship"},{"floor":30,"key":"MutagenicStrength"}],"event_choices":[{"damage_healed":0,"gold_gain":0,"player_choice":"Became a vampire","damage_taken":0,"max_hp_gain":0,"max_hp_loss":21,"event_name":"Vampires","floor":20,"gold_loss":0,"cards_obtained":["Bite","Bite","Bite","Bite","Bite"]}],"is_beta":false,"boss_relics":[{"not_picked":["Sozu","conspire:RunicOctahedron"],"picked":"conspire:RoyalGoblet"}],"items_purged_floors":[],"is_endless":false,"potions_floor_spawned":[6,13,15,16,21,30,31],"killed_by":"DF_ARCHETYPE_CLAW","ascension_level":0}}