{"host":"zzywh33h0f2x053k","time":1612942676,"event":{"mods":["Act Like it!","Aspiration","BaseMod","Colored Map","Gensokyo","Grow up Mod","GungeonMod","Hallownest","KomeijiMod","Minty Spire (QoL Compilation)","Quick Restart","Reimu£¨²©ÀöÁéÃÎ£©","RumiaBox-Â¶Ã×æ«µÄÉñÃØºÐ×Ó","Shop Mod","Spicy Shops","StSLib","The Bug Knight","WarShipGirlsR/Õ½½¢ÉÙÅ®R mod","Yakumo Yukari mod","Youmu£¨»êÆÇÑýÃÎ£©","noobMod","¡¾ÒÅÎï¿¨ÅÆ¡¿REMEMod","óô»ðÖ¸ÄÏ"],"gold_per_floor":[118,133,174,28,42,42,42],"floor_reached":6,"language":"ZHS","playtime":454,"items_purged":[],"score":88,"play_id":"38c98044-cea7-4719-b880-3ced26ce5cb4","local_time":"20210210153756","is_ascension_mode":false,"campfire_choices":[],"circlet_count":0,"master_deck":["DemoMod:Strike_Huntress","DemoMod:Strike_Huntress","DemoMod:Strike_Huntress","DemoMod:Defend_Huntress","DemoMod:Defend_Huntress","DemoMod:Defend_Huntress","DemoMod:Defend_Huntress","DemoMod:Roll","DemoMod:ManualReload","DemoMod:RustySidearm","DemoMod:CrossBow","CurseofVladTepes","DemoMod:DirectionalPad","DemoMod:HungryBullets","DemoMod:TeaPot","Gensokyo:BlemishedSteel","Gensokyo:ScrapIron","Gensokyo:TarnishedGold"],"relics":["DemoMod:Dog","ice","REME_ComplimentaryCards","NeowsBlessing"],"acts_visited":["Gensokyo:Gensokyo"],"potions_floor_usage":[],"damage_taken":[{"damage":0,"enemies":"Gensokyo:Python","floor":1,"turns":1},{"damage":0,"enemies":"Gensokyo:3_Fairies","floor":2,"turns":1},{"damage":0,"enemies":"Gensokyo:2_Kodama","floor":3,"turns":2},{"damage":55,"enemies":"Gensokyo:2_Rabbits","floor":5,"turns":6},{"damage":71,"enemies":"Gensokyo:Cirno","floor":6,"turns":7}],"seed_played":"-6080970231376836068","potions_obtained":[{"floor":5,"key":"SpeedPotion"}],"is_trial":false,"path_per_floor":["M","M","M","COS","M","E"],"character_chosen":"HUNTRESS","items_purchased":[],"campfire_rested":0,"item_purchase_floors":[],"current_hp_per_floor":[90,100,110,120,75,4,4],"gold":42,"neow_bonus":"THREE_ENEMY_KILL","is_daily":false,"chose_seed":false,"campfire_upgraded":0,"win_rate":0.0,"timestamp":1612942676,"path_taken":["M","M","M","COS","?","E"],"items_purchased_type":[],"build_version":"2020-12-22","purchased_purges":0,"victory":false,"max_hp_per_floor":[90,100,110,120,130,130,130],"card_choices":[{"not_picked":["DemoMod:JK47","DemoMod:Ejector"],"picked":"DemoMod:DirectionalPad","floor":1},{"not_picked":["DemoMod:ProbeStrike","DemoMod:HighKaliber"],"picked":"DemoMod:HungryBullets","floor":2},{"not_picked":["DemoMod:GunstockTap","DemoMod:DirectionalPad"],"picked":"DemoMod:TeaPot","floor":3},{"not_picked":["DemoMod:AbyssalTentacle","DemoMod:BattleInHaste","DemoMod:HardPowerCard"],"picked":"SKIP","floor":5}],"player_experience":30771,"relics_obtained":[],"event_choices":[],"is_beta":false,"boss_relics":[],"items_purged_floors":[],"is_endless":false,"potions_floor_spawned":[5],"killed_by":"Gensokyo:Cirno","ascension_level":0}}