{"host":"8eqe2o2g03nh9rfw","time":1612981003,"event":{"mods":["AchievementEnabler","AlwaysNeverKeys","BaseMod","Better Third Choice","Block Reminder","Colored Map","Colored Powertips","GifTheSpireLib","Minty Spire (QoL Compilation)","Permanent Neow","Quick Restart","StSLib","Weighted Paths"],"gold_per_floor":[117,117,117,117,135,164,164,180,250,250,22,36,69,34,34,34,34],"floor_reached":16,"language":"ENG","playtime":650,"items_purged":[],"score":108,"play_id":"353448bc-0b34-4261-bd73-51cd3237647a","local_time":"20210210131643","is_ascension_mode":false,"campfire_choices":[{"floor":10,"key":"REST"},{"floor":15,"key":"REST"}],"circlet_count":0,"master_deck":["Strike_R","Strike_R","Strike_R","Strike_R","Strike_R","Defend_R","Defend_R","Defend_R","Defend_R","Bash","Mind Blast+1","Flex","Clash","Thunderclap","Metallicize","Pommel Strike","True Grit","Worship","Leap","Fire Breathing"],"relics":["Burning Blood","Vajra","PreservedInsect","Bottled Lightning","PrismaticShard","Boot"],"acts_visited":["Exordium"],"potions_floor_usage":[13,13,16],"damage_taken":[{"damage":12,"enemies":"Small Slimes","floor":1,"turns":4},{"damage":10,"enemies":"2 Louse","floor":5,"turns":3},{"damage":54,"enemies":"Lagavulin","floor":6,"turns":9},{"damage":1,"enemies":"Cultist","floor":8,"turns":3},{"damage":22,"enemies":"Large Slime","floor":12,"turns":5},{"damage":17,"enemies":"3 Sentries","floor":13,"turns":5},{"damage":71,"enemies":"The Guardian","floor":16,"turns":12}],"seed_played":"7133202351453532618","potions_obtained":[{"floor":1,"key":"LiquidMemories"},{"floor":4,"key":"SpeedPotion"},{"floor":4,"key":"SkillPotion"},{"floor":4,"key":"BloodPotion"},{"floor":8,"key":"EssenceOfSteel"}],"is_trial":false,"path_per_floor":["M","?","?","?","M","E","?","M","T","R","$","M","E","$","R","B"],"character_chosen":"IRONCLAD","items_purchased":["PrismaticShard","Pommel Strike","True Grit","Fire Breathing"],"campfire_rested":2,"item_purchase_floors":[11,11,11,14],"current_hp_per_floor":[74,74,74,74,70,22,22,27,27,51,51,35,40,40,64,0,0],"gold":34,"neow_bonus":"RANDOM_COLORLESS","is_daily":false,"chose_seed":false,"campfire_upgraded":0,"win_rate":0.0,"timestamp":1612981003,"path_taken":["M","?","?","?","?","E","?","?","T","R","$","M","E","?","R","BOSS"],"items_purchased_type":["Relic","Card","Card","Card"],"build_version":"2020-12-22","purchased_purges":0,"victory":false,"max_hp_per_floor":[80,80,80,80,80,80,80,80,80,80,80,80,80,80,80,80,80],"card_choices":[{"not_picked":["Finesse","Panacea"],"picked":"Mind Blast","floor":0},{"not_picked":["Armaments","Shockwave"],"picked":"Flex","floor":1},{"not_picked":["Entrench","Thunderclap"],"picked":"Clash","floor":5},{"not_picked":["Sword Boomerang","Burning Pact"],"picked":"Thunderclap","floor":6},{"not_picked":["True Grit","Whirlwind"],"picked":"Metallicize","floor":8},{"not_picked":["Clash","Deadly Poison"],"picked":"Worship","floor":12},{"not_picked":["Unload","Compile Driver"],"picked":"Leap","floor":13}],"player_experience":91159,"relics_obtained":[{"floor":6,"key":"Vajra"},{"floor":9,"key":"Bottled Lightning"},{"floor":13,"key":"Boot"}],"event_choices":[{"damage_healed":74,"gold_gain":0,"player_choice":"Embrace Burn","damage_taken":0,"max_hp_gain":0,"max_hp_loss":80,"event_name":"betterThird:BetterShining","floor":2,"gold_loss":0},{"damage_healed":0,"gold_gain":0,"player_choice":"Grow","damage_taken":0,"max_hp_gain":0,"max_hp_loss":0,"event_name":"Living Wall","floor":3,"gold_loss":0,"cards_upgraded":["Mind Blast"]},{"damage_healed":0,"gold_gain":0,"player_choice":"Got Potions","damage_taken":0,"max_hp_gain":0,"max_hp_loss":0,"event_name":"Lab","floor":4,"gold_loss":0},{"cards_removed":["Burn"],"damage_healed":0,"gold_gain":0,"player_choice":"Gave Card","damage_taken":0,"relics_obtained":["PreservedInsect"],"max_hp_gain":0,"max_hp_loss":0,"event_name":"WeMeetAgain","floor":7,"gold_loss":0}],"is_beta":false,"boss_relics":[],"items_purged_floors":[],"is_endless":false,"potions_floor_spawned":[1,6,8],"killed_by":"The Guardian","ascension_level":0}}