{"host":"35vgacm1r34infpf","time":1612930358,"event":{"mods":["2.2 Compatiblity","AchievementEnabler","BaseMod","BetterRewards","Card Forge","Colored Map","Colored Powertips","Conspire","Downfall","GifTheSpireLib","Minty Spire (QoL Compilation)","Rare Cards Sparkle","Replay The Spire","Shop Mod","StSLib","Stuff the Spire"],"gold_per_floor":[115,129,204,204,204,236,236,256,256,274,303,313,331,342,342,442,442,462,462,462,480,500,534,534,534,534,546,558,558,593,443,443,547,547,564,582,582,600,600,600,600,635,645,658,684,734,734,764,780,810,810,810,810,810,506,534,534],"floor_reached":58,"language":"ENG","playtime":2251,"items_purged":[],"score":2449,"play_id":"bcfc5941-4cfb-42c5-a47c-4f53e2f87c25","local_time":"20210209221238","is_ascension_mode":true,"campfire_choices":[{"floor":15,"key":"RECALL"},{"floor":25,"key":"REST"},{"floor":32,"key":"DIG"},{"floor":51,"key":"REST"},{"floor":54,"key":"REST"}],"circlet_count":0,"master_deck":["Grand Finale+1","Grand Finale+1","ThroughViolence+1","Grand Finale+1","Grand Finale+1","Grand Finale+1","Grand Finale+1"],"relics":["Ring of the Snake","Hammer of Thor","Seething Fire","Anvil of the Gods","The Specimen","StuffTheSpire:Tea","Question Card","Bag of Marbles","Ring of Hypnosis","Ring of Fury","ReplayFunnel","Snecko Scales","Shuriken","Nunchaku","InkBottle","Turnip","ReplayTheSpireMod:TigerMarble","Vajra","Busted Crown","Blood Vial","StuffTheSpire:Gunfinga","conspire:TopHat","Thread and Needle","Centennial Puzzle","Sundial","Mango"],"acts_visited":["Exordium","TheCity","TheBeyond","TheEnding"],"potions_floor_usage":[56],"damage_taken":[{"damage":0,"enemies":"Cultist","floor":1,"turns":1},{"damage":0,"enemies":"Small Slimes","floor":2,"turns":1},{"damage":0,"enemies":"Gremlin Nob","floor":6,"turns":2},{"damage":0,"enemies":"2 Louse","floor":8,"turns":1},{"damage":0,"enemies":"Blue Slaver","floor":10,"turns":1},{"damage":0,"enemies":"Lagavulin","floor":11,"turns":1},{"damage":0,"enemies":"Exordium Thugs","floor":12,"turns":2},{"damage":0,"enemies":"Exordium Wildlife","floor":13,"turns":1},{"damage":0,"enemies":"2 Fungi Beasts","floor":14,"turns":1},{"damage":0,"enemies":"Hexaghost","floor":16,"turns":1},{"damage":0,"enemies":"Chosen","floor":18,"turns":1},{"damage":0,"enemies":"Spheric Guardian","floor":21,"turns":1},{"damage":0,"enemies":"3 Cultists","floor":22,"turns":1},{"damage":0,"enemies":"Gremlin Leader","floor":23,"turns":1},{"damage":0,"enemies":"conspire:HollyBat","floor":27,"turns":3},{"damage":0,"enemies":"Cultist and Chosen","floor":28,"turns":1},{"damage":0,"enemies":"Book of Stabbing","floor":30,"turns":1},{"damage":0,"enemies":"Pondfish","floor":33,"turns":3},{"damage":0,"enemies":"Orb Walker","floor":35,"turns":1},{"damage":3,"enemies":"3 Shapes","floor":36,"turns":1},{"damage":0,"enemies":"Transient","floor":38,"turns":3},{"damage":0,"enemies":"Nemesis","floor":42,"turns":1},{"damage":0,"enemies":"Maw","floor":43,"turns":1},{"damage":0,"enemies":"Jaw Worm Horde","floor":44,"turns":1},{"damage":0,"enemies":"Mind Bloom Boss Battle","floor":46,"turns":1},{"damage":0,"enemies":"R_Hoarder","floor":48,"turns":1},{"damage":0,"enemies":"Transient","floor":49,"turns":3},{"damage":0,"enemies":"Nemesis","floor":50,"turns":1},{"damage":0,"enemies":"Awakened One","floor":52,"turns":2},{"damage":0,"enemies":"Shield and Spear","floor":56,"turns":1},{"damage":55,"enemies":"The Heart","floor":57,"turns":4}],"seed_played":"-4756136686545706017","potions_obtained":[{"floor":1,"key":"Toxic Potion"},{"floor":11,"key":"PowerPotion"},{"floor":12,"key":"Dexterity Potion"},{"floor":56,"key":"CultistPotion"}],"is_trial":false,"path_per_floor":["M","M","?","?","?","E","?","M","T","M","E","M","M","M","R","B",null,"M","?","T","M","M","E","?","R","T","M","M","?","E","$","R_BF","B",null,"M","M","$","M","PTL","PTL","?","E","M","M","T","?","$","E","M","E","R","B",null,"R","$","E","B",null],"character_chosen":"THE_SILENT","items_purchased":["StuffTheSpire:Tea","ReplayTheSpireMod:TigerMarble","Mango"],"campfire_rested":3,"item_purchase_floors":[0,31,55],"current_hp_per_floor":[70,70,59,59,59,59,59,59,59,59,59,59,59,59,59,59,70,70,70,70,70,70,70,57,75,75,75,75,75,75,75,75,75,75,75,72,72,72,72,72,72,74,75,75,75,75,75,75,75,75,75,75,75,75,89,89,35],"gold":534,"neow_bonus":"","is_daily":false,"chose_seed":false,"campfire_upgraded":0,"win_rate":0.0,"timestamp":1612930358,"path_taken":["M","M","?","?","?","E","?","M","T","M","E","M","M","?","R","BOSS","M","?","?","?","M","E","?","R","T","M","M","?","E","$","R_BF","BOSS","M","M","$","M","PTL","PTL","?","E","M","M","T","?","$","E","M","E","R","BOSS","R","$","E","BOSS"],"items_purchased_type":["Relic","Relic","Relic"],"build_version":"2020-12-22","purchased_purges":0,"victory":true,"max_hp_per_floor":[70,70,70,70,70,70,70,70,70,70,70,70,70,70,70,70,70,70,70,70,70,70,70,75,75,75,75,75,75,75,75,75,75,75,75,75,75,75,75,75,75,75,75,75,75,75,75,75,75,75,75,75,75,75,89,89,89],"card_choices":[{"not_picked":["Underhanded Strike","Setup","Reflex"],"picked":"SKIP","floor":1},{"not_picked":["Prepared","Heel Hook","Quick Slash"],"picked":"SKIP","floor":2},{"not_picked":["Prepared","Heel Hook","Quick Slash"],"picked":"SKIP","floor":2},{"not_picked":["Masterful Stab","Cloak And Dagger","Dagger Throw"],"picked":"Grand Finale","floor":6},{"not_picked":["Finisher","Prepared","Expertise"],"picked":"Acrobatics","floor":8},{"not_picked":["ReplayTheSpireMod:The Works","StuffTheSpire:ReptileScales","Noxious Fumes","Replay:Poison Smokescreen"],"picked":"SKIP","floor":10},{"not_picked":["Flying Knee","Eviscerate","Blade Dance","Deadly Poison"],"picked":"SKIP","floor":11},{"not_picked":["Predator","Quick Slash","Cloak And Dagger","Slice"],"picked":"SKIP","floor":12},{"not_picked":["Deflect","Underhanded Strike","Quick Slash","Cloak And Dagger"],"picked":"SKIP","floor":13},{"not_picked":["Venomology","StuffTheSpire:Sprint","Underhanded Strike","Heel Hook"],"picked":"SKIP","floor":14},{"not_picked":["Phantasmal Killer","Venomology","Replay:Bag of Tricks"],"picked":"Grand Finale","floor":16},{"not_picked":["Escape Plan+1","StuffTheSpire:Python","Well Laid Plans","Bane"],"picked":"SKIP","floor":18},{"not_picked":["Prepared+1","Outmaneuver+1","Eviscerate","Cloak And Dagger"],"picked":"SKIP","floor":21},{"not_picked":["ReplayTheSpireMod:Speed Training","Prepared","StuffTheSpire:ClusterCrunch","Hidden Blade"],"picked":"SKIP","floor":22},{"not_picked":["Heel Hook","Prepared","Tactician","Slice"],"picked":"SKIP","floor":23},{"not_picked":["Blade Dance","A Thousand Cuts","Poisoned Stab","Acrobatics"],"picked":"SKIP","floor":27},{"not_picked":["Poisoned Stab+1","StuffTheSpire:Incursion","Bane","Backflip"],"picked":"SKIP","floor":28},{"not_picked":["Underhanded Strike","Replay:Poison Smokescreen+1","Draining Mist","Fluid Movement"],"picked":"SKIP","floor":30},{"not_picked":["Venomology","Bullet Time","Doppelganger"],"picked":"Grand Finale","floor":33},{"not_picked":["Dagger Throw+1","Backflip"],"picked":"SKIP","floor":35},{"not_picked":["Heel Hook+1","Reflex"],"picked":"SKIP","floor":36},{"not_picked":["Blade Dance+1","Hidden Blade+1"],"picked":"SKIP","floor":38},{"not_picked":["ReplayTheSpireMod:Scrap Shanks+1","PiercingWail+1"],"picked":"SKIP","floor":42},{"not_picked":["Bane+1","Fluid Movement"],"picked":"SKIP","floor":43},{"not_picked":["Dagger Throw+1","StuffTheSpire:ReptileScales+1"],"picked":"SKIP","floor":44},{"not_picked":["Dagger Spray","Well Laid Plans"],"picked":"SKIP","floor":48},{"not_picked":["StuffTheSpire:DoubleShiv","StuffTheSpire:FinalStruggle"],"picked":"SKIP","floor":49},{"not_picked":["Poisoned Stab+1","Quick Slash+1"],"picked":"SKIP","floor":50},{"not_picked":["Sneak Up+1","Dash"],"picked":"SKIP","floor":56}],"player_experience":248401,"relics_obtained":[{"floor":6,"key":"Bag of Marbles"},{"floor":7,"key":"Ring of Hypnosis"},{"floor":7,"key":"Ring of Fury"},{"floor":11,"key":"ReplayFunnel"},{"floor":20,"key":"Shuriken"},{"floor":23,"key":"Nunchaku"},{"floor":26,"key":"InkBottle"},{"floor":30,"key":"Turnip"},{"floor":32,"key":"Vajra"},{"floor":42,"key":"StuffTheSpire:Gunfinga"},{"floor":45,"key":"conspire:TopHat"},{"floor":46,"key":"Thread and Needle"},{"floor":48,"key":"Centennial Puzzle"},{"floor":50,"key":"Sundial"}],"event_choices":[{"damage_healed":0,"gold_gain":75,"player_choice":"Gather Gold","damage_taken":11,"max_hp_gain":0,"max_hp_loss":0,"event_name":"World of Goop","floor":3,"gold_loss":0},{"damage_healed":0,"gold_gain":0,"player_choice":"Ignored","damage_taken":0,"max_hp_gain":0,"max_hp_loss":0,"event_name":"Shining Light","floor":4,"gold_loss":0},{"damage_healed":0,"gold_gain":0,"player_choice":"Box","damage_taken":0,"relics_obtained":["Question Card"],"max_hp_gain":0,"max_hp_loss":0,"event_name":"Big Fish","floor":5,"gold_loss":0,"cards_obtained":["Regret"]},{"damage_healed":0,"gold_gain":0,"player_choice":"Shed Blood","damage_taken":18,"max_hp_gain":5,"max_hp_loss":0,"event_name":"Forgotten Altar","floor":24,"gold_loss":0},{"damage_healed":0,"gold_gain":0,"player_choice":"Ignored","damage_taken":0,"max_hp_gain":0,"max_hp_loss":0,"event_name":"Vampires","floor":29,"gold_loss":0},{"damage_healed":0,"gold_gain":0,"player_choice":"Fight","damage_taken":0,"max_hp_gain":0,"max_hp_loss":0,"event_name":"MindBloom","floor":46,"gold_loss":0}],"is_beta":false,"boss_relics":[{"not_picked":["bronze:MakeshiftBattery","conspire:RoyalGoblet"],"picked":"Snecko Scales"},{"not_picked":["ReplayTheSpireMod:DimensionalGlitch","StuffTheSpire:Kangaroo"],"picked":"Busted Crown"}],"items_purged_floors":[],"is_endless":false,"potions_floor_spawned":[1,10,11,12,13,21,23,30,33,36,44,48,50,56],"ascension_level":1}}