{"host":"prxrhpgaxnj4om9r","time":1612936033,"event":{"mods":["AchievementEnabler","BaseMod","DeckTracker","Keyboard Shortcuts","Minty Spire (QoL Compilation)"],"gold_per_floor":[110,124,134,152,227,258,258,276,276,305,305,318,318,7,7,102,102,118,129,129,129,129,129,129,39,66,166,166,166,185,185,185,185,185],"floor_reached":33,"language":"KOR","playtime":1671,"items_purged":[],"score":278,"play_id":"43f46fe6-6889-4183-9005-8698fb675e9a","local_time":"20210210144713","is_ascension_mode":false,"campfire_choices":[{"floor":11,"key":"REST"},{"floor":15,"key":"RECALL"},{"data":"Body Slam","floor":23,"key":"SMITH"},{"floor":28,"key":"REST"},{"data":"Inflame","floor":32,"key":"SMITH"}],"circlet_count":0,"master_deck":["Strike_R+1","Strike_R+1","Strike_R+1","Strike_R+1","Strike_R+1","Defend_R+1","Defend_R+1","Defend_R+1","Defend_R+1","Bash","Trip+1","Armaments+1","Second Wind","Pommel Strike","Clash","Flex+1","Fire Breathing","Body Slam+1","Armaments","Feed","Exhume","Heavy Blade+1","Pommel Strike+1","Inflame+1","Perfected Strike","Cleave+1"],"relics":["Burning Blood","Du-Vu Doll","Mummified Hand","War Paint","Juzu Bracelet","Snecko Eye","Nloth\u0027s Gift","MutagenicStrength","TungstenRod","Paper Frog","Pocketwatch"],"acts_visited":["Exordium","TheCity"],"potions_floor_usage":[10,16,27,33,33],"damage_taken":[{"damage":0,"enemies":"2 Louse","floor":1,"turns":3},{"damage":13,"enemies":"Jaw Worm","floor":2,"turns":3},{"damage":0,"enemies":"Cultist","floor":3,"turns":2},{"damage":4,"enemies":"Blue Slaver","floor":4,"turns":3},{"damage":26,"enemies":"Lagavulin","floor":6,"turns":5},{"damage":0,"enemies":"Large Slime","floor":8,"turns":3},{"damage":7,"enemies":"Gremlin Nob","floor":10,"turns":3},{"damage":5,"enemies":"3 Louse","floor":12,"turns":3},{"damage":36,"enemies":"Hexaghost","floor":16,"turns":11},{"damage":33,"enemies":"Spheric Guardian","floor":18,"turns":8},{"damage":20,"enemies":"2 Thieves","floor":19,"turns":5},{"damage":0,"enemies":"Colosseum Slavers","floor":27,"turns":1},{"damage":43,"enemies":"Colosseum Nobs","floor":27,"turns":5},{"damage":11,"enemies":"Centurion and Healer","floor":30,"turns":4},{"damage":91,"enemies":"Champ","floor":33,"turns":8}],"seed_played":"3998463780042579391","potions_obtained":[{"floor":3,"key":"SpeedPotion"},{"floor":6,"key":"DistilledChaos"},{"floor":8,"key":"Energy Potion"},{"floor":27,"key":"Block Potion"}],"is_trial":false,"path_per_floor":["M","M","M","M","?","E","?","M","T","E","R","M","?","$","R","B",null,"M","M","?","?","?","R","?","$","T","?","R","T","M","?","R","B"],"character_chosen":"IRONCLAD","items_purchased":["Juzu Bracelet","Feed","Inflame","AttackPotion"],"campfire_rested":2,"item_purchase_floors":[14,14,25,25],"current_hp_per_floor":[80,73,79,80,69,49,33,39,39,38,62,63,56,56,56,26,80,57,47,47,76,76,76,76,76,76,51,79,79,80,80,80,0,0],"gold":185,"neow_bonus":"RANDOM_COLORLESS","is_daily":false,"chose_seed":false,"campfire_upgraded":2,"win_rate":0.0,"timestamp":1612936033,"path_taken":["M","M","M","M","?","E","?","M","T","E","R","M","?","$","R","BOSS","M","M","?","?","?","R","?","$","T","?","R","?","M","?","R","BOSS"],"items_purchased_type":["Relic","Card","Card","Potion"],"build_version":"2020-12-22","purchased_purges":0,"victory":false,"max_hp_per_floor":[80,80,80,80,80,80,80,80,80,80,80,80,80,80,80,80,80,84,88,88,88,88,88,88,88,88,94,94,94,100,100,100,100,100],"card_choices":[{"not_picked":["Forethought","Deep Breath"],"picked":"Trip","floor":0},{"not_picked":["Cleave","Twin Strike"],"picked":"Armaments","floor":1},{"not_picked":["Combust","Havoc"],"picked":"Second Wind","floor":2},{"not_picked":["Entrench","Heavy Blade"],"picked":"Pommel Strike","floor":3},{"not_picked":["Heavy Blade","Havoc"],"picked":"Clash","floor":4},{"not_picked":["Wild Strike","Fiend Fire"],"picked":"Flex","floor":6},{"not_picked":["Anger","Hemokinesis"],"picked":"Fire Breathing","floor":8},{"not_picked":["Rampage","Combust"],"picked":"Body Slam","floor":10},{"not_picked":["Warcry","Flex"],"picked":"Armaments","floor":12},{"not_picked":["Fiend Fire","Juggernaut"],"picked":"Exhume","floor":16},{"not_picked":["Fire Breathing","Clothesline"],"picked":"Heavy Blade+1","floor":18},{"not_picked":["Burning Pact","Wild Strike"],"picked":"Pommel Strike+1","floor":19},{"not_picked":["Twin Strike","Shrug It Off"],"picked":"Perfected Strike","floor":27},{"not_picked":["Iron Wave","Feel No Pain"],"picked":"Cleave+1","floor":30}],"player_experience":356095,"relics_obtained":[{"floor":6,"key":"Du-Vu Doll"},{"floor":9,"key":"Mummified Hand"},{"floor":10,"key":"War Paint"},{"floor":27,"key":"TungstenRod"},{"floor":27,"key":"Paper Frog"},{"floor":29,"key":"Pocketwatch"}],"event_choices":[{"damage_healed":0,"gold_gain":75,"player_choice":"Gather Gold","damage_taken":11,"max_hp_gain":0,"max_hp_loss":0,"event_name":"World of Goop","floor":5,"gold_loss":0},{"damage_healed":0,"gold_gain":0,"player_choice":"Entered Light","damage_taken":16,"max_hp_gain":0,"max_hp_loss":0,"event_name":"Shining Light","floor":7,"gold_loss":0,"cards_upgraded":["Trip","Armaments"]},{"damage_healed":0,"gold_gain":0,"player_choice":"Success","damage_taken":7,"relics_obtained":["Thread and Needle"],"max_hp_gain":0,"max_hp_loss":0,"event_name":"Scrap Ooze","floor":13,"gold_loss":0},{"damage_healed":0,"gold_gain":0,"player_choice":"Traded Relic","damage_taken":0,"relics_obtained":["Nloth\u0027s Gift"],"max_hp_gain":0,"max_hp_loss":0,"event_name":"N\u0027loth","floor":20,"relics_lost":["Thread and Needle"],"gold_loss":0},{"damage_healed":29,"gold_gain":0,"player_choice":"Heal","damage_taken":0,"max_hp_gain":0,"max_hp_loss":0,"event_name":"The Library","floor":21,"gold_loss":0},{"damage_healed":0,"gold_gain":0,"player_choice":"Inject Mutagens","damage_taken":0,"relics_obtained":["MutagenicStrength"],"max_hp_gain":0,"max_hp_loss":0,"event_name":"Drug Dealer","floor":22,"gold_loss":0},{"damage_healed":0,"gold_gain":0,"player_choice":"Simplicity","damage_taken":0,"max_hp_gain":0,"max_hp_loss":0,"event_name":"Back to Basics","floor":24,"gold_loss":0,"cards_upgraded":["Strike_R","Strike_R","Strike_R","Strike_R","Strike_R","Defend_R","Defend_R","Defend_R"]},{"damage_healed":0,"gold_gain":0,"player_choice":"Fight","damage_taken":0,"max_hp_gain":0,"max_hp_loss":0,"event_name":"Colosseum","floor":27,"gold_loss":0},{"damage_healed":0,"gold_gain":0,"player_choice":"Fought Nobs","damage_taken":0,"max_hp_gain":0,"max_hp_loss":0,"event_name":"Colosseum","floor":27,"gold_loss":0},{"damage_healed":0,"gold_gain":0,"player_choice":"Ignored","damage_taken":0,"max_hp_gain":0,"max_hp_loss":0,"event_name":"Beggar","floor":31,"gold_loss":0}],"is_beta":false,"boss_relics":[{"not_picked":["Velvet Choker","Fusion Hammer"],"picked":"Snecko Eye"}],"items_purged_floors":[],"is_endless":false,"potions_floor_spawned":[3,6,8,27],"killed_by":"Champ","ascension_level":0}}