{"host":"rygf0m8z92bga31f","time":1612971754,"event":{"mods":["BaseMod","Colored Map","Colored Powertips","Dark Map","Filter the Spire","Minty Spire (QoL Compilation)","Rare Cards Sparkle","Relic Stats","StSLib","Waifu the Spire"],"gold_per_floor":[111,126,146,73,73,73,103,103,126,158,176,188,223,193,193,294,294,310,321,321,321,338,365,383,383,383,383,150,179,30,42,42,142,142,154,154,154,170,95,95,125,175,200,22,53,53,66,95,95,95,95,95,30,57,57],"floor_reached":56,"language":"ENG","playtime":2230,"items_purged":["Strike_P+1","Strike_P+1"],"score":1551,"play_id":"2764c7bd-f10b-4da7-be08-d0cff91a5aa8","local_time":"20210210174234","is_ascension_mode":true,"campfire_choices":[{"data":"CrushJoints","floor":6,"key":"SMITH"},{"data":"Devotion","floor":15,"key":"SMITH"},{"data":"Omniscience","floor":25,"key":"SMITH"},{"floor":27,"key":"REST"},{"data":"Wireheading","floor":32,"key":"SMITH"},{"data":"Panacea","floor":40,"key":"SMITH"},{"floor":46,"key":"RECALL"},{"data":"WaveOfTheHand","floor":49,"key":"SMITH"},{"data":"DevaForm","floor":52,"key":"SMITH"}],"circlet_count":0,"master_deck":["Defend_P+1","Defend_P+1","Defend_P+1","Defend_P+1","Eruption","Vigilance","EmptyFist","CrushJoints+1","CutThroughFate","Wireheading+1","FearNoEvil","Devotion+1","CutThroughFate","SandsOfTime","LikeWater","Omniscience+1","MentalFortress+1","EmptyBody+1","ThirdEye","Vengeance","LikeWater+1","DevaForm+1","Fasting2+1","SpiritShield","Scrawl","Panacea+1","Wallop+1","Tantrum+1","LikeWater","Ragnarok","Adaptation","WaveOfTheHand+1","WheelKick+1","TalkToTheHand+1"],"relics":["Runic Dome","Happy Flower","Mercury Hourglass","Lantern","VioletLotus","Yang","Question Card","Darkstone Periapt","ClockworkSouvenir","Snecko Eye","PreservedInsect","Turnip","Bag of Preparation","The Courier","Molten Egg 2","Letter Opener"],"acts_visited":["Exordium","TheCity","TheBeyond","TheEnding"],"potions_floor_usage":[10,16,16,22,23,23,50,55],"damage_taken":[{"damage":0,"enemies":"Cultist","floor":1,"turns":3},{"damage":1,"enemies":"Jaw Worm","floor":2,"turns":2},{"damage":5,"enemies":"2 Louse","floor":3,"turns":3},{"damage":14,"enemies":"Gremlin Nob","floor":7,"turns":3},{"damage":10,"enemies":"3 Sentries","floor":10,"turns":5},{"damage":0,"enemies":"Blue Slaver","floor":11,"turns":4},{"damage":0,"enemies":"2 Fungi Beasts","floor":12,"turns":3},{"damage":0,"enemies":"Gremlin Nob","floor":13,"turns":2},{"damage":0,"enemies":"Slime Boss","floor":16,"turns":2},{"damage":0,"enemies":"Chosen","floor":18,"turns":3},{"damage":6,"enemies":"Shell Parasite","floor":19,"turns":4},{"damage":23,"enemies":"3 Cultists","floor":22,"turns":4},{"damage":21,"enemies":"Slavers","floor":23,"turns":5},{"damage":8,"enemies":"Shelled Parasite and Fungi","floor":24,"turns":3},{"damage":4,"enemies":"Book of Stabbing","floor":29,"turns":5},{"damage":5,"enemies":"Snecko","floor":31,"turns":4},{"damage":0,"enemies":"Champ","floor":33,"turns":7},{"damage":24,"enemies":"3 Darklings","floor":35,"turns":5},{"damage":0,"enemies":"3 Shapes","floor":38,"turns":4},{"damage":0,"enemies":"Giant Head","floor":41,"turns":3},{"damage":0,"enemies":"Mind Bloom Boss Battle","floor":42,"turns":3},{"damage":0,"enemies":"Nemesis","floor":45,"turns":3},{"damage":0,"enemies":"Writhing Mass","floor":47,"turns":4},{"damage":0,"enemies":"Giant Head","floor":48,"turns":5},{"damage":7,"enemies":"Awakened One","floor":50,"turns":5},{"damage":24,"enemies":"Shield and Spear","floor":54,"turns":4},{"damage":24,"enemies":"The Heart","floor":55,"turns":7}],"seed_played":"3964969064201997735","potions_obtained":[{"floor":3,"key":"DuplicationPotion"},{"floor":7,"key":"PowerPotion"},{"floor":12,"key":"FearPotion"},{"floor":13,"key":"Regen Potion"},{"floor":16,"key":"BottledMiracle"},{"floor":19,"key":"Weak Potion"},{"floor":22,"key":"Dexterity Potion"},{"floor":31,"key":"StancePotion"},{"floor":41,"key":"GamblersBrew"},{"floor":45,"key":"BlessingOfTheForge"}],"is_trial":false,"path_per_floor":["M","M","M","$","?","R","E","?","T","E","M","M","E","?","R","B",null,"M","M","?","?","M","E","M","R","T","R","$","E","$","M","R","B",null,"M","?","?","M","$","R","E","?","T","$","E","R","M","E","R","B",null,"R","$","E","B",null],"character_chosen":"WATCHER","items_purchased":["Wireheading","DevaForm","FairyPotion","ClockworkSouvenir","LikeWater","WheelKick+1"],"campfire_rested":1,"item_purchase_floors":[4,28,28,30,44,53],"current_hp_per_floor":[72,71,66,66,59,59,45,45,45,35,35,35,35,35,35,35,72,72,66,66,66,52,31,23,23,23,44,44,40,40,35,35,35,72,48,48,38,38,38,38,38,38,38,38,38,38,38,38,38,31,72,72,72,48,24],"gold":57,"neow_bonus":"BOSS_RELIC","is_daily":false,"chose_seed":false,"campfire_upgraded":7,"win_rate":0.0,"timestamp":1612971754,"path_taken":["M","?","M","?","?","R","E","?","T","E","?","M","E","?","R","BOSS","M","?","?","?","M","E","M","R","T","R","$","E","$","M","R","BOSS","M","?","?","M","$","R","E","?","T","$","E","R","M","E","R","BOSS","R","$","E","BOSS"],"items_purchased_type":["Card","Card","Potion","Relic","Card","Card"],"build_version":"2020-12-22","purchased_purges":2,"victory":true,"max_hp_per_floor":[72,72,72,72,72,72,72,72,72,72,72,72,72,72,72,72,72,72,72,72,72,72,72,72,72,72,72,72,72,72,72,72,72,72,72,72,72,72,72,72,72,72,72,72,72,72,72,72,72,72,72,72,72,72,72],"relic_stats":{"Darkstone Periapt":0,"Happy Flower":[31],"counters":[27,105],"Yang":[127],"PreservedInsect":240,"Bag of Preparation":[12],"Letter Opener":[15],"Question Card":14,"Mercury Hourglass":[328],"Snecko Eye":[106,87,78,101],"VioletLotus":[28],"Turnip":[2],"obtain_stats":[{"Darkstone Periapt":29,"Lantern":13,"Happy Flower":7,"Yang":23,"PreservedInsect":41,"The Courier":45,"Bag of Preparation":43,"Letter Opener":54,"Question Card":26,"Mercury Hourglass":10,"ClockworkSouvenir":30,"Runic Dome":0,"Snecko Eye":34,"Molten Egg 2":48,"VioletLotus":17,"Turnip":42,"PureWater":0},{"Darkstone Periapt":15,"Lantern":8,"Happy Flower":4,"Yang":13,"PreservedInsect":20,"The Courier":22,"Bag of Preparation":21,"Letter Opener":26,"Question Card":14,"Mercury Hourglass":5,"ClockworkSouvenir":15,"Runic Dome":0,"Snecko Eye":17,"Molten Egg 2":24,"VioletLotus":9,"Turnip":21,"PureWater":0},{"Darkstone Periapt":51,"Lantern":25,"Happy Flower":11,"Yang":43,"PreservedInsect":74,"The Courier":80,"Bag of Preparation":77,"Letter Opener":98,"Question Card":46,"Mercury Hourglass":16,"ClockworkSouvenir":51,"Runic Dome":0,"Snecko Eye":62,"Molten Egg 2":89,"VioletLotus":27,"Turnip":77,"PureWater":0}]},"card_choices":[{"not_picked":["SignatureMove","Indignation"],"picked":"EmptyFist","floor":1},{"not_picked":["Halt","EmptyFist"],"picked":"CrushJoints","floor":2},{"not_picked":["LikeWater","ThirdEye"],"picked":"CutThroughFate","floor":3},{"not_picked":["JustLucky","EmptyBody"],"picked":"FearNoEvil","floor":7},{"not_picked":["WreathOfFlame","CutThroughFate"],"picked":"Devotion","floor":10},{"not_picked":["BowlingBash","ClearTheMind"],"picked":"CutThroughFate","floor":11},{"not_picked":["Evaluate","FollowUp"],"picked":"SandsOfTime","floor":12},{"not_picked":["Consecrate","ForeignInfluence"],"picked":"LikeWater","floor":13},{"not_picked":["LessonLearned","DeusExMachina"],"picked":"Omniscience","floor":16},{"not_picked":["CrushJoints","WindmillStrike"],"picked":"MentalFortress+1","floor":18},{"not_picked":["FearNoEvil","CrushJoints"],"picked":"EmptyBody+1","floor":19},{"not_picked":["Halt","WreathOfFlame"],"picked":"ThirdEye","floor":22},{"not_picked":["PathToVictory","CutThroughFate"],"picked":"Vengeance","floor":23},{"not_picked":["FlurryOfBlows","BattleHymn"],"picked":"LikeWater+1","floor":24},{"not_picked":["EmptyBody","Prostrate","EmptyFist"],"picked":"Fasting2+1","floor":29},{"not_picked":["CrushJoints","Halt+1","EmptyFist"],"picked":"SpiritShield","floor":31},{"not_picked":["Devotion","Establishment","Alpha"],"picked":"Scrawl","floor":33},{"not_picked":["Magnetism","HandOfGreed","The Bomb"],"picked":"Panacea","floor":37},{"not_picked":["EmptyBody","WheelKick+1","CutThroughFate"],"picked":"Wallop+1","floor":38},{"not_picked":["Protect","Worship","Fasting2"],"picked":"Tantrum+1","floor":41},{"not_picked":["Prostrate","BowlingBash","InnerPeace+1"],"picked":"Ragnarok","floor":45},{"not_picked":["Perseverance","EmptyFist","FlyingSleeves"],"picked":"Adaptation","floor":47},{"not_picked":["BattleHymn+1","EmptyBody","Blasphemy"],"picked":"WaveOfTheHand","floor":48},{"not_picked":["ForeignInfluence","Consecrate+1","WreathOfFlame+1"],"picked":"TalkToTheHand+1","floor":54}],"player_experience":1958719,"relics_obtained":[{"floor":7,"key":"Happy Flower"},{"floor":10,"key":"Mercury Hourglass"},{"floor":13,"key":"Lantern"},{"floor":23,"key":"Yang"},{"floor":26,"key":"Question Card"},{"floor":29,"key":"Darkstone Periapt"},{"floor":41,"key":"PreservedInsect"},{"floor":42,"key":"Turnip"},{"floor":43,"key":"Bag of Preparation"},{"floor":45,"key":"The Courier"},{"floor":48,"key":"Molten Egg 2"},{"floor":54,"key":"Letter Opener"}],"event_choices":[{"cards_removed":["Strike_P"],"damage_healed":0,"gold_gain":0,"player_choice":"Card Removal","damage_taken":7,"max_hp_gain":0,"max_hp_loss":0,"event_name":"Golden Wing","floor":5,"gold_loss":0},{"cards_removed":["Strike_P"],"damage_healed":0,"gold_gain":0,"player_choice":"Forget","damage_taken":0,"max_hp_gain":0,"max_hp_loss":0,"event_name":"Living Wall","floor":8,"gold_loss":0},{"damage_healed":0,"gold_gain":0,"player_choice":"Bought 2 Potions","damage_taken":0,"max_hp_gain":0,"max_hp_loss":0,"event_name":"The Woman in Blue","floor":14,"gold_loss":0},{"damage_healed":0,"gold_gain":0,"player_choice":"Simplicity","damage_taken":0,"max_hp_gain":0,"max_hp_loss":0,"event_name":"Back to Basics","floor":20,"gold_loss":0,"cards_upgraded":["Strike_P","Strike_P","Defend_P","Defend_P","Defend_P","Defend_P"]},{"damage_healed":0,"gold_gain":0,"player_choice":"Ignored","damage_taken":0,"max_hp_gain":0,"max_hp_loss":0,"event_name":"Vampires","floor":21,"gold_loss":0},{"damage_healed":0,"gold_gain":0,"player_choice":"Ignored","damage_taken":0,"max_hp_gain":0,"max_hp_loss":0,"event_name":"Tomb of Lord Red Mask","floor":36,"gold_loss":0},{"damage_healed":0,"gold_gain":0,"player_choice":"Memory 3","damage_taken":10,"max_hp_gain":0,"max_hp_loss":0,"event_name":"SensoryStone","floor":37,"gold_loss":0},{"damage_healed":0,"gold_gain":0,"player_choice":"Fight","damage_taken":0,"max_hp_gain":0,"max_hp_loss":0,"event_name":"MindBloom","floor":42,"gold_loss":0}],"is_beta":false,"boss_relics":[{"not_picked":["Calling Bell","Busted Crown"],"picked":"VioletLotus"},{"not_picked":["Empty Cage","SacredBark"],"picked":"Snecko Eye"}],"items_purged_floors":[39,44],"is_endless":false,"potions_floor_spawned":[3,7,12,13,16,19,22,31,41,45,47],"ascension_level":1}}