{"host":"7jl4uf745pjtflnx","time":1612952469,"event":{"mods":["BaseMod","BetterRewards","Hubris","Minty Spire (QoL Compilation)","Reliquary","Replay The Spire","StSLib","SuperFastMode","The Construct"],"gold_per_floor":[109,284,50,2,2,30,30,45,45,76,76,106,106,123,123,223,223,233,2,2,2,19,19,50,50,75,108,108,108,141,161,161,263,263,273,35,35,35,49,83,83,118,118,150,150,166,166,12,12,12,12,12,12,45,45],"floor_reached":56,"language":"ENG","playtime":1888,"items_purged":["Strike_B","Strike_B","Strike_B","Strike_B+1"],"score":3156,"play_id":"f7cc5a86-67a3-4f86-985b-003ce0ffcb54","local_time":"20210210052109","is_ascension_mode":true,"campfire_choices":[{"floor":7.0,"key":"REST"},{"data":"Biased Cognition","floor":11.0,"key":"SMITH"},{"data":"Storm","floor":13.0,"key":"SMITH"},{"floor":15.0,"key":"RECALL"},{"data":"Biased Cognition","floor":23.0,"key":"SMITH"},{"data":"Coolheaded","floor":25.0,"key":"SMITH"},{"data":"Glacier","floor":28.0,"key":"SMITH"},{"data":"Zap","floor":32.0,"key":"SMITH"},{"data":"Double Energy","floor":41.0,"key":"SMITH"},{"data":"Turbo","floor":45,"key":"SMITH"},{"data":"FIFO Queue","floor":47,"key":"SMITH"},{"data":"Double Energy","floor":49,"key":"SMITH"},{"data":"Dualcast","floor":52,"key":"SMITH"}],"circlet_count":0,"master_deck":["AscendersBane","Defend_B+1","Defend_B+1","Defend_B+1","Zap+1","Dualcast+1","Self Repair+1","Heatsinks+1","Turbo+1","Core Surge+1","Cold Snap","Flash of Steel","Hello World","Leap","Crystallizer","Hello World","Crystallizer","Biased Cognition+1","Storm","Glacier+1","Cold Snap","Storm","Coolheaded+1","Loop+1","Electrodynamics","Cold Snap","Barrage","Double Energy+1","Double Energy+1","Storm","Doom and Gloom+1","BasicCrystalCard+1","hubris:DuctTapeCard","FIFO Queue+1","FIFO Queue+1","Conserve Battery+1"],"relics":["Cracked Core","reliquary:QuartzCube","Vajra","Guide Book","Torii","ClockworkSouvenir","reliquary:PorcupineQuills","reliquary:NewFriend","Replay:WaspNest","Oddly Smooth Stone","Coffee Dripper","Membership Card","Bag of Preparation","Bottled Lightning","hubris:Towel","hubris:CuriousFeather","hubris:CrackedHourglass","Replay:Baseball","Lantern","Prayer Wheel","ReplayTheSpireMod:Lightbulb","Durian","hubris:DuctTape","hubris:Spice","reliquary:BallBearing"],"acts_visited":["Exordium","TheCity","TheBeyond","TheEnding"],"potions_floor_usage":[55],"damage_taken":[{"damage":7.0,"enemies":"Jaw Worm","floor":1.0,"turns":2.0},{"damage":20.0,"enemies":"Replay:BlueRogue","floor":6.0,"turns":4.0},{"damage":0.0,"enemies":"Small Slimes","floor":8.0,"turns":3.0},{"damage":1.0,"enemies":"Lagavulin","floor":10.0,"turns":4.0},{"damage":1.0,"enemies":"Gremlin Nob","floor":12.0,"turns":3.0},{"damage":0.0,"enemies":"Cultist","floor":14.0,"turns":2.0},{"damage":0.0,"enemies":"Slime Boss","floor":16.0,"turns":5.0},{"damage":7.0,"enemies":"Chosen","floor":18.0,"turns":3.0},{"damage":2.0,"enemies":"Shell Parasite","floor":22.0,"turns":3.0},{"damage":10.0,"enemies":"Slavers","floor":24.0,"turns":6.0},{"damage":0.0,"enemies":"Gremlin Leader","floor":27.0,"turns":4.0},{"damage":2.0,"enemies":"Slavers","floor":30.0,"turns":4.0},{"damage":0.0,"enemies":"Centurion and Healer","floor":31.0,"turns":4.0},{"damage":0.0,"enemies":"Pondfish","floor":33.0,"turns":4.0},{"damage":6.0,"enemies":"3 Shapes","floor":35.0,"turns":3.0},{"damage":0.0,"enemies":"3 Darklings","floor":39.0,"turns":3.0},{"damage":0.0,"enemies":"Nemesis","floor":40.0,"turns":3.0},{"damage":13,"enemies":"R_Hoarder","floor":42,"turns":3},{"damage":1,"enemies":"Nemesis","floor":44,"turns":4},{"damage":0,"enemies":"4 Shapes","floor":46,"turns":3},{"damage":0,"enemies":"hubris:GrandSnecko","floor":50,"turns":3},{"damage":11,"enemies":"Shield and Spear","floor":54,"turns":4},{"damage":54,"enemies":"The Heart","floor":55,"turns":6}],"seed_played":"2459430614240978614","potions_obtained":[{"floor":6.0,"key":"SpeedPotion"},{"floor":10.0,"key":"Swift Potion"},{"floor":12.0,"key":"FearPotion"},{"floor":14.0,"key":"AttackPotion"},{"floor":27.0,"key":"FocusPotion"},{"floor":33.0,"key":"Fire Potion"},{"floor":39.0,"key":"GamblersBrew"},{"floor":42,"key":"Adrenaline Potion"}],"is_trial":false,"path_per_floor":["M","?","$","?","?","E","R","M","T","E","R","E","R","M","R","B",null,"M","$","?","?","M","R","E","R","T","E","R","?","E","M","R","B",null,"M","$","?","?","M","E","R","E","T","E","R","M","R","$","R","B",null,"R","$","E","B",null],"character_chosen":"DEFECT","items_purchased":["Self Repair","reliquary:QuartzCube","Vajra","Heatsinks+1","Turbo","Core Surge","Guide Book","Storm","Torii","Cold Snap","Flash of Steel","Biased Cognition","ClockworkSouvenir","Hello World","Membership Card","Glacier","Cold Snap","Storm","Barrage","Replay:Baseball","Double Energy","Storm","hubris:Spice"],"campfire_rested":1,"item_purchase_floors":[0,0,0,0,0,0,0,0,0,0,0,0,3,3,19,19,19,19,36,36,36,36,48],"current_hp_per_floor":[24,24,24,24,24,14,36,46,46,55,55,64,64,74,74,75,75,75,75,61,61,69,69,69,69,69,79,79,79,80,80,80,80,80,74,74,74,74,80,80,80,77,82,85,85,85,85,93,93,93,93,93,93,92,48],"gold":45,"neow_bonus":"","is_daily":false,"chose_seed":false,"campfire_upgraded":11,"win_rate":0.0,"timestamp":1612952469,"path_taken":["M","?","$","?","?","E","R","M","T","E","R","E","R","M","R","BOSS","M","$","?","?","M","R","E","R","T","E","R","?","E","M","R","BOSS","M","$","?","?","M","E","R","E","T","E","R","M","R","$","R","BOSS","R","$","E","BOSS"],"items_purchased_type":["Card","Relic","Relic","Card","Card","Card","Relic","Card","Relic","Card","Card","Card","Relic","Card","Relic","Card","Card","Card","Card","Relic","Card","Card","Relic"],"build_version":"2020-12-22","purchased_purges":4,"victory":true,"max_hp_per_floor":[75,75,75,75,75,75,75,75,75,75,75,75,75,75,75,75,75,75,75,80,80,80,80,80,80,80,80,80,80,80,80,80,80,80,80,80,80,80,80,80,80,80,85,85,85,85,85,93,93,93,93,93,93,93,93],"card_choices":[{"not_picked":["Beam Cell","BasicCrystalCard","Rebound"],"picked":"SKIP","floor":1.0},{"not_picked":["BasicCrystalCard","hubris:Ukulele"],"picked":"Leap","floor":6.0},{"not_picked":["ReplayTheSpireMod:Fabricate Wheel","Hologram"],"picked":"Crystallizer","floor":8.0},{"not_picked":["Blizzard","ReplayTheSpireMod:Reroute Power"],"picked":"Hello World","floor":10.0},{"not_picked":["Turbo","Ball Lightning"],"picked":"Crystallizer","floor":12.0},{"not_picked":["Leap","Steam","Beam Cell"],"picked":"SKIP","floor":14.0},{"not_picked":["All For One","hubris:Prefetch"],"picked":"Biased Cognition","floor":16.0},{"not_picked":["Leap","Rebound"],"picked":"Storm","floor":18.0},{"not_picked":["Panic Button","Recycle+1","Lockon"],"picked":"SKIP","floor":22.0},{"not_picked":["Streamline","Redo"],"picked":"Coolheaded","floor":24.0},{"not_picked":["Rebound+1","Rainbow","Sunder"],"picked":"SKIP","floor":27.0},{"not_picked":["Steam Power","ReplaySort"],"picked":"Loop+1","floor":30.0},{"not_picked":["Panic Button+1","Leap+1","Stack"],"picked":"SKIP","floor":31.0},{"not_picked":["Hyperbeam","Echo Form"],"picked":"Electrodynamics","floor":33.0},{"not_picked":["Recycle","Stack+1"],"picked":"Cold Snap","floor":35.0},{"not_picked":["Storm+1","Reprogram+1","Hello World"],"picked":"SKIP","floor":39.0},{"not_picked":["Tempest","Gash+1"],"picked":"Doom and Gloom+1","floor":40.0},{"not_picked":["Double Energy","Aggregate"],"picked":"BasicCrystalCard+1","floor":42},{"not_picked":["Seek","ReplayTheSpireMod:Calculation Training"],"picked":"FIFO Queue+1","floor":44},{"not_picked":["ReplayTheSpireMod:GoodbyeWorld","BootSequence+1"],"picked":"FIFO Queue","floor":46},{"not_picked":["Steam+1","ReplayTheSpireMod:Fabricate Wheel"],"picked":"Conserve Battery+1","floor":46},{"not_picked":["Streamline+1","Reinforced Body+1","Conserve Battery+1"],"picked":"SKIP","floor":54}],"player_experience":815280,"relics_obtained":[{"floor":6.0,"key":"reliquary:PorcupineQuills"},{"floor":9.0,"key":"reliquary:NewFriend"},{"floor":10.0,"key":"Replay:WaspNest"},{"floor":12.0,"key":"Oddly Smooth Stone"},{"floor":24.0,"key":"Bag of Preparation"},{"floor":27.0,"key":"Bottled Lightning"},{"floor":30.0,"key":"hubris:CuriousFeather"},{"floor":40.0,"key":"Lantern"},{"floor":42,"key":"ReplayTheSpireMod:Lightbulb"},{"floor":43,"key":"Durian"},{"floor":44,"key":"hubris:DuctTape"},{"floor":54,"key":"reliquary:BallBearing"}],"event_choices":[{"damage_healed":0.0,"max_hp_gain":0.0,"max_hp_loss":0.0,"gold_gain":175.0,"event_name":"Liars Game","player_choice":"AGREE","floor":2.0,"gold_loss":0.0,"damage_taken":0.0,"cards_obtained":["Doubt"]},{"damage_healed":0.0,"max_hp_gain":0.0,"max_hp_loss":0.0,"gold_gain":0.0,"event_name":"World of Goop","player_choice":"Left Gold","floor":4.0,"gold_loss":48.0,"damage_taken":0.0},{"cards_removed":["Doubt"],"damage_healed":0.0,"max_hp_gain":0.0,"max_hp_loss":0.0,"gold_gain":0.0,"event_name":"Fountain of Cleansing","player_choice":"Removed Curses","floor":5.0,"gold_loss":0.0,"damage_taken":0.0},{"damage_healed":0.0,"max_hp_gain":5.0,"max_hp_loss":0.0,"gold_gain":0.0,"event_name":"Forgotten Altar","player_choice":"Shed Blood","floor":20.0,"gold_loss":0.0,"damage_taken":19.0},{"damage_healed":0.0,"max_hp_gain":0.0,"max_hp_loss":0.0,"gold_gain":0.0,"event_name":"Back to Basics","player_choice":"Simplicity","floor":21.0,"gold_loss":0.0,"damage_taken":0.0,"cards_upgraded":["Strike_B","Defend_B","Defend_B","Defend_B","Defend_B"]},{"cards_removed":["Defend_B"],"damage_healed":0.0,"max_hp_gain":0.0,"max_hp_loss":0.0,"gold_gain":0.0,"event_name":"Falling","player_choice":"Removed Skill","floor":37.0,"gold_loss":0.0,"damage_taken":0.0}],"is_beta":false,"boss_relics":[{"not_picked":["Calling Bell","Pandora\u0027s Box"],"picked":"Coffee Dripper"},{"not_picked":["Snecko Eye","construct:ClawGrip"],"picked":"hubris:CrackedHourglass"}],"items_purged_floors":[0,0,0,36],"is_endless":false,"potions_floor_spawned":[6,10,12,14,22,27,33,39,42],"ascension_level":11}}