{"host":"rmsq46plbpwfbxcc","time":1612927270,"event":{"mods":["AchievementEnabler","BaseMod","Colored Map","Colored Powertips","DeckTracker","KOR Keyword Fix","Minty Spire (QoL Compilation)","Permanent Neow","Quick Restart","SuperFastMode"],"gold_per_floor":[112,131,131,131,151,151,174,213,238,238,238,254,292,312,312,403,403,428,449,205,229,129,129,142,186,186,186,61,77,98,98,98,196,196,215,215,234,257,270,270,313,313,313,357,357,357,420,451,451,451,451,451,29,72,72,72],"floor_reached":55,"language":"KOR","playtime":1791,"items_purged":["Defend_G","Defend_G","Strike_G","Strike_G"],"score":1666,"play_id":"76bd0053-96ba-4e5b-a144-c8dc03781d4f","local_time":"20210210122110","is_ascension_mode":true,"campfire_choices":[{"data":"Blade Dance","floor":6.0,"key":"SMITH"},{"data":"Cloak And Dagger","floor":11.0,"key":"SMITH"},{"data":"Terror","floor":15,"key":"SMITH"},{"floor":23,"key":"REST"},{"data":"A Thousand Cuts","floor":27,"key":"SMITH"},{"data":"Tactician","floor":32,"key":"SMITH"},{"data":"Bullet Time","floor":40,"key":"SMITH"},{"data":"Well Laid Plans","floor":42,"key":"SMITH"},{"data":"Neutralize","floor":46,"key":"SMITH"},{"floor":49,"key":"RECALL"},{"data":"Acrobatics","floor":52,"key":"SMITH"}],"circlet_count":0,"master_deck":["AscendersBane","Defend_G","Defend_G","Survivor","Neutralize+1","Finisher+1","Envenom+1","Choke+1","Escape Plan","Blade Dance+1","Terror+1","Cloak And Dagger+1","PiercingWail","A Thousand Cuts+1","Backflip","Acrobatics+1","Tactician+1","Escape Plan","Bullet Time+1","Well Laid Plans+1","Escape Plan+1","Acrobatics+1","PiercingWail","Escape Plan+1"],"relics":["Astrolabe","Golden Idol","Ancient Tea Set","Bag of Preparation","PreservedInsect","Akabeko","SlaversCollar","Vajra","Art of War","Letter Opener","WristBlade","Omamori","Tough Bandages","Juzu Bracelet","Shuriken","Pear"],"acts_visited":["Exordium","TheCity","TheBeyond","TheEnding"],"potions_floor_usage":[19,21,33,37,47,50,55,55],"damage_taken":[{"damage":0.0,"enemies":"2 Louse","floor":1.0,"turns":3.0},{"damage":4.0,"enemies":"Jaw Worm","floor":2.0,"turns":2.0},{"damage":0.0,"enemies":"Small Slimes","floor":5.0,"turns":1.0},{"damage":9.0,"enemies":"Gremlin Gang","floor":7.0,"turns":4.0},{"damage":0.0,"enemies":"Lagavulin","floor":8.0,"turns":4.0},{"damage":0.0,"enemies":"Looter","floor":12.0,"turns":2.0},{"damage":2,"enemies":"3 Sentries","floor":13,"turns":5},{"damage":0,"enemies":"Blue Slaver","floor":14,"turns":1},{"damage":0,"enemies":"Hexaghost","floor":16,"turns":5},{"damage":19,"enemies":"Shell Parasite","floor":18,"turns":4},{"damage":0,"enemies":"Chosen","floor":19,"turns":5},{"damage":16,"enemies":"Sentry and Sphere","floor":21,"turns":5},{"damage":0,"enemies":"Centurion and Healer","floor":24,"turns":5},{"damage":9,"enemies":"Book of Stabbing","floor":25,"turns":4},{"damage":0,"enemies":"Cultist and Chosen","floor":29,"turns":2},{"damage":2,"enemies":"Snecko","floor":30,"turns":5},{"damage":4,"enemies":"Collector","floor":33,"turns":4},{"damage":2,"enemies":"3 Shapes","floor":35,"turns":2},{"damage":13,"enemies":"3 Darklings","floor":37,"turns":4},{"damage":0,"enemies":"Sphere and 2 Shapes","floor":38,"turns":3},{"damage":0,"enemies":"Maw","floor":39,"turns":1},{"damage":0,"enemies":"Nemesis","floor":41,"turns":1},{"damage":0,"enemies":"Giant Head","floor":44,"turns":3},{"damage":7,"enemies":"2 Orb Walkers","floor":47,"turns":3},{"damage":0,"enemies":"Reptomancer","floor":48,"turns":2},{"damage":30,"enemies":"Time Eater","floor":50,"turns":7},{"damage":1,"enemies":"Shield and Spear","floor":54,"turns":3},{"damage":74,"enemies":"The Heart","floor":55,"turns":5}],"seed_played":"-6010883641357180162","potions_obtained":[{"floor":5.0,"key":"SkillPotion"},{"floor":7.0,"key":"Energy Potion"},{"floor":8.0,"key":"Fire Potion"},{"floor":14,"key":"PowerPotion"},{"floor":21,"key":"Dexterity Potion"},{"floor":29,"key":"LiquidBronze"},{"floor":30,"key":"CunningPotion"},{"floor":35,"key":"Regen Potion"},{"floor":38,"key":"LiquidMemories"},{"floor":54,"key":"EntropicBrew"}],"is_trial":false,"path_per_floor":["M","M","?","?","M","R","M","E","T","?","R","M","E","M","R","B",null,"M","M","$","M","$","R","M","E","T","R","$","M","M","?","R","B",null,"M","?","M","M","M","R","E","R","T","E","?","R","?","E","R","B",null,"R","$","E","B"],"character_chosen":"THE_SILENT","items_purchased":["Vajra","Shuriken"],"campfire_rested":1,"item_purchase_floors":[20,53],"current_hp_per_floor":[59,55,32,32,32,32,23,23,23,23,23,23,21,21,21,21,55,36,36,36,20,20,39,39,30,30,30,30,30,28,28,28,24,56,54,50,42,42,42,42,42,42,42,42,42,42,35,35,35,5,51,51,51,60,0,0],"gold":72,"neow_bonus":"BOSS_RELIC","is_daily":false,"chose_seed":false,"campfire_upgraded":9,"win_rate":0.0,"timestamp":1612927270,"path_taken":["M","M","?","?","M","R","M","E","T","?","R","M","E","M","R","BOSS","M","M","$","M","$","R","M","E","T","R","$","?","M","?","R","BOSS","M","?","M","M","?","R","E","R","T","E","?","R","?","E","R","BOSS","R","$","E","BOSS"],"items_purchased_type":["Relic","Relic"],"build_version":"2020-12-22","purchased_purges":4,"victory":false,"max_hp_per_floor":[66,66,66,66,66,66,66,66,66,66,66,66,66,66,66,66,66,66,66,66,66,66,66,66,66,66,66,66,66,66,66,66,66,66,66,66,66,66,66,66,66,66,66,66,66,66,66,66,66,66,66,66,66,76,76,76],"card_choices":[{"not_picked":["Acrobatics","Infinite Blades"],"picked":"Escape Plan","floor":1.0},{"not_picked":["Underhanded Strike","Blur"],"picked":"Blade Dance","floor":2.0},{"not_picked":["Blur","Dash"],"picked":"Terror","floor":5.0},{"not_picked":["Blade Dance","Riddle With Holes"],"picked":"Cloak And Dagger","floor":7.0},{"not_picked":["Choke","Poisoned Stab","Prepared"],"picked":"SKIP","floor":8.0},{"not_picked":["Wraith Form v2","Outmaneuver","Dagger Spray"],"picked":"SKIP","floor":12.0},{"not_picked":["Prepared","Cloak And Dagger","Choke"],"picked":"SKIP","floor":13},{"not_picked":["Slice","Deflect"],"picked":"PiercingWail","floor":14},{"not_picked":["Storm of Steel","Corpse Explosion"],"picked":"A Thousand Cuts","floor":16},{"not_picked":["Leg Sweep","Expertise+1","Riddle With Holes"],"picked":"SKIP","floor":18},{"not_picked":["Deadly Poison","Flying Knee","Reflex"],"picked":"SKIP","floor":19},{"not_picked":["Expertise","Sucker Punch"],"picked":"Backflip","floor":21},{"not_picked":["Slice","PiercingWail","Sucker Punch"],"picked":"SKIP","floor":24},{"not_picked":["Slice","PiercingWail"],"picked":"Acrobatics","floor":25},{"not_picked":["Eviscerate","Venomology"],"picked":"Tactician","floor":29},{"not_picked":["Prepared","Dagger Spray"],"picked":"Escape Plan","floor":30},{"not_picked":["Envenom","A Thousand Cuts"],"picked":"Bullet Time","floor":33},{"not_picked":["Reflex","Flying Knee","Infinite Blades"],"picked":"SKIP","floor":35},{"not_picked":["Bane","Tactician"],"picked":"Well Laid Plans","floor":37},{"not_picked":["Prepared","Deflect+1","Terror"],"picked":"SKIP","floor":38},{"not_picked":["Bane+1","Backflip"],"picked":"Escape Plan+1","floor":39},{"not_picked":["Terror","Dagger Spray+1","Backflip"],"picked":"SKIP","floor":41},{"not_picked":["Quick Slash","Well Laid Plans","Leg Sweep"],"picked":"SKIP","floor":44},{"not_picked":["Bullet Time","Dodge and Roll"],"picked":"Acrobatics+1","floor":47},{"not_picked":["Bane","All Out Attack"],"picked":"PiercingWail","floor":48},{"not_picked":["Endless Agony+1","Flying Knee"],"picked":"Escape Plan+1","floor":54}],"player_experience":681036,"relics_obtained":[{"floor":8.0,"key":"Ancient Tea Set"},{"floor":9.0,"key":"Bag of Preparation"},{"floor":13,"key":"Akabeko"},{"floor":25,"key":"Art of War"},{"floor":26,"key":"Letter Opener"},{"floor":44,"key":"Omamori"},{"floor":47,"key":"Tough Bandages"},{"floor":48,"key":"Juzu Bracelet"},{"floor":54,"key":"Pear"}],"event_choices":[{"damage_healed":0.0,"max_hp_gain":0.0,"max_hp_loss":0.0,"gold_gain":0.0,"event_name":"Golden Idol","player_choice":"Take Damage","floor":3.0,"gold_loss":0.0,"damage_taken":23.0,"relics_obtained":["Golden Idol"]},{"cards_removed":["Strike_G"],"damage_healed":0.0,"max_hp_gain":0.0,"max_hp_loss":0.0,"gold_gain":0.0,"event_name":"Living Wall","player_choice":"Forget","floor":4.0,"gold_loss":0.0,"damage_taken":0.0},{"damage_healed":0.0,"max_hp_gain":0.0,"max_hp_loss":0.0,"gold_gain":0.0,"event_name":"WeMeetAgain","player_choice":"Gave Potion","floor":10.0,"gold_loss":0.0,"damage_taken":0.0,"relics_obtained":["PreservedInsect"]},{"damage_healed":0,"gold_gain":0,"player_choice":"Ignored","damage_taken":0,"max_hp_gain":0,"max_hp_loss":0,"event_name":"Vampires","floor":31,"gold_loss":0},{"damage_healed":0,"gold_gain":0,"player_choice":"Bought 0 Potions","damage_taken":0,"max_hp_gain":0,"max_hp_loss":0,"event_name":"The Woman in Blue","floor":36,"gold_loss":0},{"damage_healed":0,"gold_gain":0,"player_choice":"Ignored","damage_taken":0,"max_hp_gain":0,"max_hp_loss":0,"event_name":"Tomb of Lord Red Mask","floor":45,"gold_loss":0},{"damage_healed":0,"gold_gain":0,"player_choice":"Fight","damage_taken":0,"max_hp_gain":0,"max_hp_loss":0,"event_name":"Mysterious Sphere","floor":47,"gold_loss":0}],"is_beta":false,"boss_relics":[{"not_picked":["Philosopher\u0027s Stone","Ectoplasm"],"picked":"SlaversCollar"},{"not_picked":["Velvet Choker","HoveringKite"],"picked":"WristBlade"}],"items_purged_floors":[20,22,28,53],"is_endless":false,"potions_floor_spawned":[5,7,8,14,18,21,29,30,35,38,54],"killed_by":"The Heart","ascension_level":17}}