{"host":"8is2j71l4wmybkoi","time":1612960291,"event":{"mods":["AchievementEnabler","BaseMod","Colored Map","Minty Spire (QoL Compilation)","Rare Cards Sparkle","StSLib","SuperFastMode"],"gold_per_floor":[117,135,135,145,220,252,252,286,286,286,302,315,347,347,347,424,424,434,434,447,447,461,461,481,481,506,506,538,538,538,573,573,651,651,667,715,715,726,751,751,784,804,827,249,263,263,298,298,298,298,298,298,298,84,109,109],"floor_reached":57,"language":"KOR","playtime":2262,"items_purged":["Strike_R"],"score":2882,"play_id":"cd312525-deaa-42e4-bbc1-e6a2b838bbfc","local_time":"20210210213131","daily_mods":["Diverse","Heirloom","Elite Swarm"],"is_ascension_mode":true,"campfire_choices":[{"data":"Glass Knife","floor":7,"key":"SMITH"},{"floor":10,"key":"REST"},{"data":"1","floor":15,"key":"LIFT"},{"data":"2","floor":23,"key":"LIFT"},{"data":"3","floor":25,"key":"LIFT"},{"data":"Blasphemy","floor":30,"key":"SMITH"},{"data":"Fasting2","floor":32,"key":"SMITH"},{"data":"Defend_R","floor":40,"key":"PURGE"},{"floor":46,"key":"RECALL"},{"data":"Limit Break","floor":49,"key":"SMITH"},{"data":"Strike_R","floor":53,"key":"PURGE"}],"circlet_count":0,"master_deck":["AscendersBane","Defend_R+1","Defend_R","Defend_R","Bash","Fasting2+1","Backflip","Cold Snap","Glass Knife+1","DeusExMachina","Footwork+1","Endless Agony","Blasphemy+1","Adrenaline","Evolve","Eviscerate","Warcry","Shrug It Off","Prepared+1","Limit Break+1","RitualDagger","Limit Break","Second Wind","Dodge and Roll","Power Through+1","Shrug It Off","Seek","Perseverance+1","Bloodletting+1","Core Surge","Dark Shackles","Trip"],"relics":["Black Blood","Incense Burner","Anchor","Torii","Self Forming Clay","Girya","Philosopher\u0027s Stone","FaceOfCleric","Centennial Puzzle","TungstenRod","Frozen Egg 2","Prayer Wheel","Peace Pipe","Regal Pillow","Turnip","Orichalcum","MealTicket","Bag of Marbles","Bronze Scales"],"acts_visited":["Exordium","TheCity","TheBeyond","TheEnding"],"potions_floor_usage":[6,6,16,16,28,31,47,56,56],"damage_taken":[{"damage":3,"enemies":"Small Slimes","floor":1,"turns":4},{"damage":10,"enemies":"2 Louse","floor":2,"turns":3},{"damage":4,"enemies":"Cultist","floor":4,"turns":6},{"damage":31,"enemies":"Lagavulin","floor":6,"turns":8},{"damage":28,"enemies":"3 Sentries","floor":8,"turns":11},{"damage":0,"enemies":"Exordium Wildlife","floor":11,"turns":3},{"damage":0,"enemies":"2 Fungi Beasts","floor":12,"turns":2},{"damage":7,"enemies":"Lagavulin","floor":13,"turns":6},{"damage":0,"enemies":"Slime Boss","floor":16,"turns":4},{"damage":10,"enemies":"2 Thieves","floor":18,"turns":3},{"damage":1,"enemies":"Shell Parasite","floor":20,"turns":3},{"damage":1,"enemies":"Centurion and Healer","floor":22,"turns":5},{"damage":0,"enemies":"Snake Plant","floor":24,"turns":1},{"damage":13,"enemies":"Book of Stabbing","floor":28,"turns":3},{"damage":6,"enemies":"Slavers","floor":31,"turns":4},{"damage":23,"enemies":"Automaton","floor":33,"turns":7},{"damage":7,"enemies":"3 Darklings","floor":35,"turns":3},{"damage":16,"enemies":"2 Orb Walkers","floor":36,"turns":2},{"damage":5,"enemies":"Orb Walker","floor":38,"turns":3},{"damage":16,"enemies":"Mind Bloom Boss Battle","floor":39,"turns":4},{"damage":0,"enemies":"Giant Head","floor":41,"turns":5},{"damage":9,"enemies":"3 Darklings","floor":42,"turns":4},{"damage":6,"enemies":"Writhing Mass","floor":45,"turns":4},{"damage":16,"enemies":"Reptomancer","floor":47,"turns":5},{"damage":18,"enemies":"Time Eater","floor":50,"turns":6},{"damage":43,"enemies":"Awakened One","floor":51,"turns":9},{"damage":8,"enemies":"Shield and Spear","floor":55,"turns":5},{"damage":73,"enemies":"The Heart","floor":56,"turns":10}],"seed_played":"-2720931429347756501","potions_obtained":[{"floor":2,"key":"Fire Potion"},{"floor":4,"key":"SteroidPotion"},{"floor":12,"key":"ColorlessPotion"},{"floor":13,"key":"Fire Potion"},{"floor":22,"key":"BloodPotion"},{"floor":24,"key":"Weak Potion"},{"floor":28,"key":"Block Potion"},{"floor":38,"key":"Ancient Potion"}],"is_trial":true,"path_per_floor":["M","M","?","M","?","E","R","E","T","R","M","M","E","?","R","B",null,"M","?","M","?","M","R","M","R","T","?","E","?","R","E","R","B",null,"M","?","?","M","?","R","E","M","T","$","M","R","E","?","R","B","B",null,"R","$","E","B",null],"character_chosen":"IRONCLAD","items_purchased":["Turnip","Orichalcum","Weak Potion","Bag of Marbles"],"campfire_rested":1,"item_purchase_floors":[44,44,54,54],"current_hp_per_floor":[71,67,72,74,63,38,38,16,16,40,46,52,51,27,27,33,68,64,64,70,70,76,76,83,83,83,83,77,72,72,73,73,57,79,85,82,82,85,82,82,87,88,88,88,89,89,86,77,77,72,42,80,80,92,93,51],"gold":109,"neow_bonus":"","is_daily":false,"chose_seed":false,"campfire_upgraded":4,"win_rate":0.0,"timestamp":1612960291,"path_taken":["M","M","?","M","?","E","R","E","T","R","M","M","E","?","R","BOSS","M","?","?","?","M","R","M","R","T","?","E","?","R","E","R","BOSS","M","?","?","M","?","R","E","?","T","?","M","R","E","?","R","BOSS","BOSS","R","$","E","BOSS"],"items_purchased_type":["Relic","Relic","Potion","Relic"],"build_version":"2020-12-22","purchased_purges":1,"victory":true,"max_hp_per_floor":[75,75,80,80,80,80,80,80,80,80,80,80,80,80,80,80,80,80,80,81,81,82,82,83,83,83,83,84,84,84,85,85,86,86,87,88,84,85,86,86,87,88,88,88,89,89,90,90,90,91,92,92,92,92,93,94],"card_choices":[{"not_picked":["True Grit","Whirlwind"],"picked":"Fasting2","floor":1},{"not_picked":["Self Repair","Setup"],"picked":"Backflip","floor":2},{"not_picked":["Sword Boomerang","Protect"],"picked":"Cold Snap","floor":4},{"not_picked":["Multi-Cast","Demon Form"],"picked":"Glass Knife","floor":6},{"not_picked":["DevaForm","Barricade"],"picked":"DeusExMachina","floor":8},{"not_picked":["Iron Wave","CrushJoints"],"picked":"Footwork","floor":11},{"not_picked":["Cold Snap","Cleave"],"picked":"Endless Agony","floor":12},{"not_picked":["Feed","Glass Knife"],"picked":"Blasphemy","floor":13},{"not_picked":["Feed","Malaise"],"picked":"Adrenaline","floor":16},{"not_picked":["Reinforced Body","Twin Strike"],"picked":"Evolve","floor":18},{"not_picked":["Blade Dance","Leap","Reckless Charge"],"picked":"SKIP","floor":20},{"not_picked":["Go for the Eyes","Riddle With Holes"],"picked":"Shrug It Off","floor":22},{"not_picked":["Burning Pact","Rebound"],"picked":"Prepared+1","floor":24},{"not_picked":["Judgement","DeusExMachina"],"picked":"Limit Break","floor":28},{"not_picked":["Ragnarok","Storm of Steel"],"picked":"Limit Break","floor":31},{"not_picked":["Redo","Doom and Gloom"],"picked":"Second Wind","floor":35},{"not_picked":["Rupture+1","Cloak And Dagger"],"picked":"Dodge and Roll","floor":36},{"not_picked":["Steam","Reflex"],"picked":"Power Through+1","floor":38},{"not_picked":["Scrape+1","Steam"],"picked":"Shrug It Off","floor":38},{"not_picked":["Storm of Steel","Corpse Explosion"],"picked":"Seek","floor":41},{"not_picked":["Fusion","Consecrate+1"],"picked":"Perseverance+1","floor":42},{"not_picked":["Collect","Streamline","Finisher"],"picked":"SKIP","floor":42},{"not_picked":["CarveReality","Sanctity"],"picked":"Bloodletting+1","floor":45},{"not_picked":["ClearTheMind","Havoc","Leap"],"picked":"SKIP","floor":45},{"not_picked":["DeusExMachina","Glass Knife"],"picked":"Core Surge","floor":47},{"not_picked":["Purity","Trip"],"picked":"Dark Shackles","floor":48},{"not_picked":["Deep Breath","Chrysalis"],"picked":"Trip","floor":48},{"not_picked":["Multi-Cast","Rainbow","Judgement"],"picked":"SKIP","floor":55}],"player_experience":1107501,"relics_obtained":[{"floor":6,"key":"Anchor"},{"floor":8,"key":"Torii"},{"floor":9,"key":"Self Forming Clay"},{"floor":13,"key":"Girya"},{"floor":26,"key":"Centennial Puzzle"},{"floor":28,"key":"TungstenRod"},{"floor":31,"key":"Frozen Egg 2"},{"floor":36,"key":"Prayer Wheel"},{"floor":39,"key":"Peace Pipe"},{"floor":41,"key":"Regal Pillow"},{"floor":47,"key":"MealTicket"},{"floor":55,"key":"Bronze Scales"}],"event_choices":[{"damage_healed":0,"gold_gain":0,"player_choice":"Donut","damage_taken":0,"max_hp_gain":5,"max_hp_loss":0,"event_name":"Big Fish","floor":3,"gold_loss":0},{"damage_healed":0,"gold_gain":75,"player_choice":"Gather Gold","damage_taken":11,"max_hp_gain":0,"max_hp_loss":0,"event_name":"World of Goop","floor":5,"gold_loss":0},{"damage_healed":0,"gold_gain":0,"player_choice":"Entered Light","damage_taken":24,"max_hp_gain":0,"max_hp_loss":0,"event_name":"Shining Light","floor":14,"gold_loss":0,"cards_upgraded":["Footwork","Defend_R"]},{"damage_healed":0,"gold_gain":0,"player_choice":"Trade","damage_taken":0,"relics_obtained":["FaceOfCleric"],"max_hp_gain":0,"max_hp_loss":0,"event_name":"FaceTrader","floor":19,"gold_loss":0},{"damage_healed":0,"gold_gain":0,"cards_transformed":["Strike_R","Strike_R"],"player_choice":"Became Test Subject","damage_taken":0,"max_hp_gain":0,"max_hp_loss":0,"event_name":"Drug Dealer","floor":21,"gold_loss":0,"cards_obtained":["Eviscerate","Warcry"]},{"cards_removed":["Strike_R"],"damage_healed":0,"gold_gain":0,"player_choice":"Elegance","damage_taken":0,"max_hp_gain":0,"max_hp_loss":0,"event_name":"Back to Basics","floor":27,"gold_loss":0},{"damage_healed":0,"gold_gain":0,"player_choice":"Joined the Cult","damage_taken":6,"max_hp_gain":0,"max_hp_loss":0,"event_name":"Nest","floor":29,"gold_loss":0,"cards_obtained":["RitualDagger"]},{"damage_healed":0,"gold_gain":0,"player_choice":"Fight","damage_taken":0,"max_hp_gain":0,"max_hp_loss":0,"event_name":"Mysterious Sphere","floor":36,"gold_loss":0},{"damage_healed":0,"gold_gain":0,"player_choice":"Max HP","damage_taken":0,"max_hp_gain":0,"max_hp_loss":4,"event_name":"Winding Halls","floor":37,"gold_loss":0},{"damage_healed":0,"gold_gain":0,"player_choice":"Fight","damage_taken":0,"max_hp_gain":0,"max_hp_loss":0,"event_name":"MindBloom","floor":39,"gold_loss":0},{"damage_healed":0,"gold_gain":0,"player_choice":"Memory 3","damage_taken":10,"max_hp_gain":0,"max_hp_loss":0,"event_name":"SensoryStone","floor":48,"gold_loss":0}],"is_beta":false,"boss_relics":[{"not_picked":["Empty Cage","Velvet Choker"],"picked":"Philosopher\u0027s Stone"},{"not_picked":["Runic Cube","SacredBark"],"picked":"Black Blood"}],"items_purged_floors":[44],"is_endless":false,"potions_floor_spawned":[2,4,12,13,22,24,28,38,41,45],"ascension_level":20}}