{"host":"z609fbm6pkeriks8","time":1612934155,"event":{"mods":["AchievementEnabler","BaseMod","Colored Map","Colored Powertips","Highlight Path","Marisa£®ÏF”Í°°ƒß¿Ì…≥£©","Minty Spire (QoL Compilation)","StSLib"],"gold_per_floor":[111,61,74,87,87,113,131,131,131,131,9,9,24,38,38,38,38],"floor_reached":16,"language":"ZHS","playtime":411,"items_purged":["Injury"],"score":102,"play_id":"61e6528d-d8ee-4030-a91f-bc4ae665d9b4","local_time":"20210210131555","is_ascension_mode":false,"campfire_choices":[{"floor":10,"key":"REST"},{"data":"Berserk","floor":15,"key":"SMITH"}],"circlet_count":0,"master_deck":["Strike_R","Strike_R","Strike_R","Defend_R","Defend_R","Defend_R","Defend_R","Bash","Berserk+1","Flame Barrier","Carnage","Rupture","Intimidate","Rupture","Heavy Blade","Shrug It Off","Twin Strike"],"relics":["Burning Blood","Anchor","Golden Idol","Dream Catcher"],"acts_visited":["Exordium"],"potions_floor_usage":[6,6,14],"damage_taken":[{"damage":0,"enemies":"Small Slimes","floor":1,"turns":3},{"damage":4,"enemies":"Cultist","floor":3,"turns":4},{"damage":7,"enemies":"2 Louse","floor":4,"turns":3},{"damage":36,"enemies":"Lagavulin","floor":6,"turns":5},{"damage":18,"enemies":"Blue Slaver","floor":7,"turns":4},{"damage":5,"enemies":"2 Fungi Beasts","floor":13,"turns":4},{"damage":6,"enemies":"Large Slime","floor":14,"turns":5},{"damage":59,"enemies":"The Guardian","floor":16,"turns":9}],"seed_played":"5682495152027221933","potions_obtained":[{"floor":1,"key":"Swift Potion"},{"floor":5,"key":"ElixirPotion"},{"floor":5,"key":"Ancient Potion"},{"floor":5,"key":"FearPotion"},{"floor":7,"key":"Swift Potion"},{"floor":13,"key":"SneckoOil"}],"is_trial":false,"path_per_floor":["M","?","M","M","?","E","M","?","T","R","$","?","M","M","R","B"],"character_chosen":"IRONCLAD","items_purchased":["Shrug It Off"],"campfire_rested":1,"item_purchase_floors":[11],"current_hp_per_floor":[80,80,80,79,79,49,37,37,37,61,61,54,55,55,55,0,0],"gold":38,"neow_bonus":"ONE_RANDOM_RARE_CARD","is_daily":false,"chose_seed":false,"campfire_upgraded":1,"win_rate":0.0,"timestamp":1612934155,"path_taken":["M","?","M","M","?","E","?","?","T","R","$","?","M","M","R","BOSS"],"items_purchased_type":["Card"],"build_version":"2020-12-22","purchased_purges":1,"victory":false,"max_hp_per_floor":[80,80,80,80,80,80,80,80,80,80,80,80,80,80,80,80,80],"card_choices":[{"not_picked":["Bloodletting","Body Slam"],"picked":"Flame Barrier","floor":1},{"not_picked":["Iron Wave","Intimidate"],"picked":"Carnage","floor":3},{"not_picked":["Armaments","Entrench"],"picked":"Rupture","floor":4},{"not_picked":["Warcry","Flex"],"picked":"Intimidate","floor":6},{"not_picked":["Ghostly Armor","Entrench"],"picked":"Rupture","floor":7},{"not_picked":["Warcry","Clash"],"picked":"Heavy Blade","floor":10},{"not_picked":["Headbutt","Pommel Strike"],"picked":"Twin Strike","floor":13},{"not_picked":["Havoc","Clothesline","Twin Strike"],"picked":"SKIP","floor":14}],"player_experience":60225,"relics_obtained":[{"floor":6,"key":"Anchor"},{"floor":9,"key":"Dream Catcher"}],"event_choices":[{"cards_removed":["Strike_R"],"damage_healed":0,"gold_gain":0,"player_choice":"Card Removal","damage_taken":0,"max_hp_gain":0,"max_hp_loss":0,"event_name":"The Cleric","floor":2,"gold_loss":50},{"damage_healed":0,"gold_gain":0,"player_choice":"Got Potions","damage_taken":0,"max_hp_gain":0,"max_hp_loss":0,"event_name":"Lab","floor":5,"gold_loss":0},{"damage_healed":0,"gold_gain":0,"player_choice":"Take Wound","damage_taken":0,"relics_obtained":["Golden Idol"],"max_hp_gain":0,"max_hp_loss":0,"event_name":"Golden Idol","floor":8,"gold_loss":0,"cards_obtained":["Injury"]},{"cards_removed":["Strike_R"],"damage_healed":0,"gold_gain":0,"player_choice":"Card Removal","damage_taken":7,"max_hp_gain":0,"max_hp_loss":0,"event_name":"Golden Wing","floor":12,"gold_loss":0}],"is_beta":false,"boss_relics":[],"items_purged_floors":[11],"is_endless":false,"potions_floor_spawned":[1,7,13],"killed_by":"The Guardian","ascension_level":0}}