{"host":"rb2p2z6v6vieend5","time":1612995422,"event":{"mods":["BaseMod","Block Reminder","Colored Map","DeckTracker","Highlight Path","Minty Spire (QoL Compilation)","Random Character Button","Relic Stats"],"gold_per_floor":[111,111,126,15,15,15,49,49,102,55,77,109,124,157,157,260,260,274,16,35,35,45,45,73,23,23,23,123,123,138,148,148,243,243,256,256,272,321,182,182,197,197,197,210,260,274,199,212,212,212,212],"floor_reached":50,"language":"ENG","playtime":3757,"items_purged":["Strike_P","Defend_P","Strike_P","FearNoEvil+1"],"score":719,"play_id":"fbb3c7ff-7853-4b73-8229-9e54aa79bbc1","local_time":"20210210231702","is_ascension_mode":true,"campfire_choices":[{"data":"WindmillStrike","floor":6,"key":"SMITH"},{"data":"Protect","floor":8,"key":"SMITH"},{"floor":15,"key":"REST"},{"data":"TalkToTheHand","floor":23,"key":"SMITH"},{"data":"LikeWater","floor":29,"key":"SMITH"},{"data":"Establishment","floor":32,"key":"SMITH"},{"floor":40,"key":"REST"},{"floor":42,"key":"REST"},{"data":"Fasting2","floor":49,"key":"SMITH"}],"circlet_count":0,"master_deck":["Defend_P+1","Eruption+1","Vigilance","ClearTheMind+1","Protect+1","WindmillStrike+1","Protect","Evaluate","Evaluate","Wallop","LikeWater+1","Establishment+1","BattleHymn+1","WaveOfTheHand+1","TalkToTheHand+1","Alpha","Fasting2+1","LikeWater","Wireheading"],"relics":["Velvet Choker","War Paint","Dream Catcher","Odd Mushroom","Potion Belt","Oddly Smooth Stone","Astrolabe","Membership Card","Pen Nib","MealTicket","Letter Opener","Sozu","Pocketwatch","Bag of Preparation","PreservedInsect","Calipers"],"acts_visited":["Exordium","TheCity","TheBeyond"],"potions_floor_usage":[33,38,38,50],"damage_taken":[{"damage":0,"enemies":"Jaw Worm","floor":1,"turns":5},{"damage":0,"enemies":"2 Louse","floor":3,"turns":4},{"damage":5,"enemies":"3 Sentries","floor":7,"turns":9},{"damage":13,"enemies":"The Mushroom Lair","floor":11,"turns":5},{"damage":4,"enemies":"Lagavulin","floor":12,"turns":6},{"damage":0,"enemies":"Small Slimes","floor":13,"turns":2},{"damage":15,"enemies":"Gremlin Nob","floor":14,"turns":5},{"damage":0,"enemies":"Hexaghost","floor":16,"turns":9},{"damage":0,"enemies":"Chosen","floor":18,"turns":7},{"damage":0,"enemies":"Shell Parasite","floor":20,"turns":3},{"damage":19,"enemies":"Chosen and Byrds","floor":22,"turns":9},{"damage":8,"enemies":"Book of Stabbing","floor":24,"turns":7},{"damage":3,"enemies":"Cultist and Chosen","floor":30,"turns":5},{"damage":0,"enemies":"Centurion and Healer","floor":31,"turns":7},{"damage":16,"enemies":"Automaton","floor":33,"turns":9},{"damage":31,"enemies":"3 Darklings","floor":35,"turns":4},{"damage":13,"enemies":"3 Shapes","floor":37,"turns":5},{"damage":17,"enemies":"2 Orb Walkers","floor":38,"turns":5},{"damage":22,"enemies":"Spire Growth","floor":41,"turns":5},{"damage":4,"enemies":"Sphere and 2 Shapes","floor":44,"turns":8},{"damage":0,"enemies":"Mind Bloom Boss Battle","floor":45,"turns":6},{"damage":9,"enemies":"3 Darklings","floor":46,"turns":5},{"damage":0,"enemies":"Writhing Mass","floor":48,"turns":10},{"damage":39,"enemies":"Awakened One","floor":50,"turns":4}],"seed_played":"4605124944087952899","potions_obtained":[{"floor":7,"key":"FearPotion"},{"floor":12,"key":"Dexterity Potion"},{"floor":14,"key":"Block Potion"},{"floor":16,"key":"StancePotion"},{"floor":22,"key":"Weak Potion"},{"floor":33,"key":"SmokeBomb"}],"is_trial":false,"path_per_floor":["M","?","M","$","?","R","E","R","T","$","?","E","M","E","R","B",null,"M","$","M","?","M","R","E","$","T","$","?","R","M","M","R","B",null,"M","?","M","?","$","R","M","R","T","M","?","M","$","M","R","B"],"character_chosen":"WATCHER","items_purchased":["WindmillStrike","Protect","Membership Card","TalkToTheHand","Pen Nib","Bag of Preparation"],"campfire_rested":3,"item_purchase_floors":[4,10,19,19,19,39],"current_hp_per_floor":[65,65,65,65,58,58,53,53,53,53,40,36,36,21,42,42,65,65,65,65,58,39,39,31,46,46,61,61,61,58,58,58,42,65,34,34,21,4,19,39,17,37,37,33,33,24,39,39,39,0,0],"gold":212,"neow_bonus":"BOSS_RELIC","is_daily":false,"chose_seed":false,"campfire_upgraded":6,"win_rate":0.0,"timestamp":1612995422,"path_taken":["M","?","M","$","?","R","E","R","T","$","?","E","M","E","R","BOSS","M","$","M","?","M","R","E","$","T","?","?","R","?","?","R","BOSS","M","?","M","?","?","R","M","R","T","M","?","M","$","?","R","BOSS"],"items_purchased_type":["Card","Card","Relic","Card","Relic","Relic"],"build_version":"2020-12-22","purchased_purges":4,"victory":false,"max_hp_per_floor":[72,72,72,72,72,72,72,72,72,72,72,72,72,72,72,72,72,72,72,72,72,72,72,72,72,72,72,72,72,72,72,72,72,72,72,68,68,68,68,68,68,68,68,68,68,68,68,68,68,68,68],"relic_stats":{"Sozu":3,"Dream Catcher":3,"counters":[24,144],"Astrolabe":["BattleHymn","FearNoEvil","WaveOfTheHand"],"MealTicket":60,"Pen Nib":[13],"PreservedInsect":0,"Bag of Preparation":[12],"Letter Opener":[156],"War Paint":["Defend_P","ClearTheMind"],"obtain_stats":[{"Potion Belt":12,"Calipers":45,"Astrolabe":17,"Velvet Choker":0,"Oddly Smooth Stone":14,"Pen Nib":19,"PreservedInsect":43,"Bag of Preparation":39,"Letter Opener":26,"War Paint":7,"Odd Mushroom":11,"Sozu":34,"Dream Catcher":9,"MealTicket":24,"Membership Card":19,"PureWater":0,"Pocketwatch":38},{"Potion Belt":5,"Calipers":21,"Astrolabe":8,"Velvet Choker":0,"Oddly Smooth Stone":7,"Pen Nib":9,"PreservedInsect":19,"Bag of Preparation":18,"Letter Opener":12,"War Paint":3,"Odd Mushroom":4,"Sozu":15,"Dream Catcher":3,"MealTicket":12,"Membership Card":9,"PureWater":0,"Pocketwatch":18},{"Potion Belt":29,"Calipers":125,"Astrolabe":45,"Velvet Choker":0,"Oddly Smooth Stone":36,"Pen Nib":52,"PreservedInsect":111,"Bag of Preparation":106,"Letter Opener":71,"War Paint":18,"Odd Mushroom":23,"Sozu":92,"Dream Catcher":18,"MealTicket":71,"Membership Card":52,"PureWater":0,"Pocketwatch":106}],"Pocketwatch":[5]},"card_choices":[{"not_picked":["Adaptation","ForeignInfluence"],"picked":"ClearTheMind","floor":1},{"not_picked":["JustLucky","FlyingSleeves"],"picked":"Protect","floor":3},{"not_picked":["EmptyMind","InnerPeace","Prostrate"],"picked":"SKIP","floor":7},{"not_picked":["FollowUp","FearNoEvil"],"picked":"Evaluate","floor":12},{"not_picked":["EmptyBody","FlurryOfBlows"],"picked":"Evaluate","floor":13},{"not_picked":["MentalFortress","Crescendo"],"picked":"Wallop","floor":14},{"not_picked":["PathToVictory","ReachHeaven"],"picked":"LikeWater","floor":15},{"not_picked":["ConjureBlade","Alpha"],"picked":"Establishment","floor":16},{"not_picked":["Consecrate","FollowUp","ClearTheMind+1"],"picked":"SKIP","floor":18},{"not_picked":["Crescendo","FlurryOfBlows","Protect"],"picked":"SKIP","floor":20},{"not_picked":["FollowUp","PathToVictory","Prostrate"],"picked":"SKIP","floor":22},{"not_picked":["Consecrate+1","FollowUp","Protect"],"picked":"SKIP","floor":24},{"not_picked":["InnerPeace","FearNoEvil","Prostrate+1"],"picked":"SKIP","floor":30},{"not_picked":["SignatureMove","Devotion","Halt+1"],"picked":"SKIP","floor":31},{"not_picked":["Vault","Blasphemy"],"picked":"Alpha","floor":33},{"not_picked":["Worship","EmptyMind+1","Vengeance+1"],"picked":"SKIP","floor":35},{"not_picked":["Evaluate","Wireheading","WindmillStrike+1"],"picked":"SKIP","floor":37},{"not_picked":["InnerPeace","Indignation+1"],"picked":"Fasting2","floor":40},{"not_picked":["WindmillStrike+1","SandsOfTime+1"],"picked":"LikeWater","floor":41},{"not_picked":["JustLucky+1","ClearTheMind+1","FlyingSleeves"],"picked":"SKIP","floor":44},{"not_picked":["Vault","JustLucky+1","FollowUp"],"picked":"SKIP","floor":46},{"not_picked":["CrushJoints+1","Worship"],"picked":"Wireheading","floor":48}],"player_experience":713784,"relics_obtained":[{"floor":7,"key":"War Paint"},{"floor":9,"key":"Dream Catcher"},{"floor":11,"key":"Odd Mushroom"},{"floor":12,"key":"Potion Belt"},{"floor":14,"key":"Oddly Smooth Stone"},{"floor":24,"key":"MealTicket"},{"floor":26,"key":"Letter Opener"},{"floor":38,"key":"Pocketwatch"},{"floor":43,"key":"PreservedInsect"},{"floor":45,"key":"Calipers"}],"event_choices":[{"damage_healed":0,"gold_gain":0,"player_choice":"Grow","damage_taken":0,"max_hp_gain":0,"max_hp_loss":0,"event_name":"Living Wall","floor":2,"gold_loss":0,"cards_upgraded":["Eruption"]},{"cards_removed":["Defend_P"],"damage_healed":0,"gold_gain":0,"player_choice":"Card Removal","damage_taken":7,"max_hp_gain":0,"max_hp_loss":0,"event_name":"Golden Wing","floor":5,"gold_loss":0},{"damage_healed":0,"gold_gain":0,"player_choice":"Fought Mushrooms","damage_taken":0,"max_hp_gain":0,"max_hp_loss":0,"event_name":"Mushrooms","floor":11,"gold_loss":0},{"damage_healed":0,"gold_gain":0,"player_choice":"Damaged","damage_taken":7,"max_hp_gain":0,"max_hp_loss":0,"event_name":"Wheel of Change","floor":21,"gold_loss":0},{"damage_healed":0,"gold_gain":100,"player_choice":"Pray","damage_taken":0,"max_hp_gain":0,"max_hp_loss":0,"event_name":"Golden Shrine","floor":28,"gold_loss":0},{"damage_healed":0,"gold_gain":0,"player_choice":"Max HP","damage_taken":0,"max_hp_gain":0,"max_hp_loss":4,"event_name":"Winding Halls","floor":36,"gold_loss":0},{"damage_healed":0,"gold_gain":0,"player_choice":"Fight","damage_taken":0,"max_hp_gain":0,"max_hp_loss":0,"event_name":"Mysterious Sphere","floor":38,"gold_loss":0},{"damage_healed":0,"gold_gain":0,"player_choice":"Fight","damage_taken":0,"max_hp_gain":0,"max_hp_loss":0,"event_name":"MindBloom","floor":45,"gold_loss":0}],"is_beta":false,"boss_relics":[{"not_picked":["Cursed Key","Runic Pyramid"],"picked":"Astrolabe"},{"not_picked":["Snecko Eye","Philosopher\u0027s Stone"],"picked":"Sozu"}],"items_purged_floors":[4,25,39,47],"is_endless":false,"potions_floor_spawned":[7,12,14,16,22,24,31,33,37,46,48],"killed_by":"Awakened One","ascension_level":6}}