{"host":"8zow35rkxv448q2r","time":1612986932,"event":{"mods":["AchievementEnabler","BaseMod","Colored Map","Colored Powertips","Minty Spire (QoL Compilation)","Relic Stats"],"gold_per_floor":[109,120,93,58,58,93,112,112,112,139,139,63,98,118,118,189,189,206,206,226,245,99,99,119,119,142,142,142,170,193,215,227,239,239],"floor_reached":33,"language":"ENG","playtime":1713,"items_purged":[],"score":468,"play_id":"da7d570f-517a-4e8f-a8cb-791c5add6a28","local_time":"20210210145532","is_ascension_mode":true,"campfire_choices":[{"floor":8,"key":"REST"},{"data":"Heavy Blade","floor":11,"key":"SMITH"},{"floor":15,"key":"REST"},{"floor":23,"key":"REST"},{"floor":25,"key":"REST"},{"data":"Armaments","floor":27,"key":"SMITH"},{"floor":32,"key":"REST"}],"circlet_count":0,"master_deck":["AscendersBane","Strike_R","Strike_R","Strike_R","Strike_R","Strike_R","Defend_R+1","Defend_R","Defend_R+1","Defend_R","Bash","Heavy Blade+1","Twin Strike","Metallicize","Bludgeon","Iron Wave","Rampage","Impervious","Cleave","Armaments+1","Disarm","Headbutt"],"relics":["Sozu","White Beast Statue","Charon\u0027s Ashes","Regal Pillow","Red Skull","Velvet Choker","Medical Kit","Strawberry","MawBank"],"acts_visited":["Exordium","TheCity"],"potions_floor_usage":[],"damage_taken":[{"damage":0,"enemies":"Cultist","floor":1,"turns":3},{"damage":3,"enemies":"Small Slimes","floor":2,"turns":4},{"damage":18,"enemies":"Gremlin Nob","floor":6,"turns":4},{"damage":4,"enemies":"Jaw Worm","floor":7,"turns":3},{"damage":9,"enemies":"3 Sentries","floor":13,"turns":5},{"damage":24,"enemies":"Gremlin Gang","floor":14,"turns":4},{"damage":32,"enemies":"Hexaghost","floor":16,"turns":7},{"damage":0,"enemies":"Spheric Guardian","floor":18,"turns":4},{"damage":6,"enemies":"Shell Parasite","floor":20,"turns":4},{"damage":40,"enemies":"Centurion and Healer","floor":21,"turns":6},{"damage":27,"enemies":"Snake Plant","floor":24,"turns":5},{"damage":33,"enemies":"Book of Stabbing","floor":29,"turns":5},{"damage":13,"enemies":"Shelled Parasite and Fungi","floor":30,"turns":4},{"damage":11,"enemies":"Cultist and Chosen","floor":31,"turns":5},{"damage":54,"enemies":"Champ","floor":33,"turns":10}],"seed_played":"2923247208260166670","potions_obtained":[],"is_trial":false,"path_per_floor":["M","M","$","?","?","E","M","R","T","T","R","$","E","M","R","B",null,"M","?","M","M","$","R","M","R","T","R","$","E","M","M","R","B"],"character_chosen":"IRONCLAD","items_purchased":["Twin Strike","Bludgeon","Medical Kit"],"campfire_rested":5,"item_purchase_floors":[3,12,22],"current_hp_per_floor":[68,65,65,75,60,42,38,60,60,60,60,60,51,27,64,32,64,64,64,58,18,18,55,28,65,72,72,72,39,26,15,54,0,0],"gold":239,"neow_bonus":"BOSS_RELIC","is_daily":false,"chose_seed":false,"campfire_upgraded":2,"win_rate":0.0,"timestamp":1612986932,"path_taken":["M","M","$","?","?","E","M","R","T","?","R","$","E","?","R","BOSS","M","?","M","?","?","R","?","R","T","R","$","E","M","M","R","BOSS"],"items_purchased_type":["Card","Card","Relic"],"build_version":"2020-12-22","purchased_purges":0,"victory":false,"max_hp_per_floor":[75,75,75,75,75,75,75,75,75,75,75,75,75,75,75,75,75,75,75,75,75,75,75,75,75,82,82,82,82,82,82,82,82,82],"relic_stats":{"Sozu":12,"Regal Pillow":60,"counters":[15,73],"Charon\u0027s Ashes":[66],"Medical Kit":[0],"MawBank":48,"obtain_stats":[{"Sozu":0,"Regal Pillow":10,"Strawberry":26,"Velvet Choker":17,"Charon\u0027s Ashes":9,"Medical Kit":22,"MawBank":29,"Burning Blood":0,"White Beast Statue":6,"Red Skull":13},{"Sozu":0,"Regal Pillow":4,"Strawberry":11,"Velvet Choker":7,"Charon\u0027s Ashes":4,"Medical Kit":10,"MawBank":12,"Burning Blood":0,"White Beast Statue":3,"Red Skull":5},{"Sozu":0,"Regal Pillow":14,"Strawberry":49,"Velvet Choker":30,"Charon\u0027s Ashes":14,"Medical Kit":44,"MawBank":54,"Burning Blood":0,"White Beast Statue":11,"Red Skull":19}]},"card_choices":[{"not_picked":["Shrug It Off","Headbutt"],"picked":"Heavy Blade","floor":1},{"not_picked":["Burning Pact","Body Slam","Shrug It Off"],"picked":"SKIP","floor":2},{"not_picked":["True Grit","Havoc"],"picked":"Metallicize","floor":6},{"not_picked":["Heavy Blade","Pummel","Battle Trance"],"picked":"SKIP","floor":7},{"not_picked":["Fiend Fire","Shockwave"],"picked":"Iron Wave","floor":13},{"not_picked":["Perfected Strike","Heavy Blade"],"picked":"Rampage","floor":14},{"not_picked":["Feed","Offering"],"picked":"Impervious","floor":16},{"not_picked":["Dual Wield","Bloodletting+1"],"picked":"Cleave","floor":18},{"not_picked":["Infernal Blade","Metallicize"],"picked":"Armaments","floor":20},{"not_picked":["Carnage","Twin Strike"],"picked":"Disarm","floor":21},{"not_picked":["Feel No Pain","Iron Wave","Anger"],"picked":"SKIP","floor":24},{"not_picked":["Pommel Strike","Intimidate"],"picked":"Headbutt","floor":29},{"not_picked":["Pommel Strike+1","Havoc","Rampage"],"picked":"SKIP","floor":30},{"not_picked":["Bloodletting","Searing Blow+1","True Grit+1"],"picked":"SKIP","floor":31}],"player_experience":191139,"relics_obtained":[{"floor":6,"key":"White Beast Statue"},{"floor":9,"key":"Charon\u0027s Ashes"},{"floor":10,"key":"Regal Pillow"},{"floor":13,"key":"Red Skull"},{"floor":26,"key":"Strawberry"},{"floor":29,"key":"MawBank"}],"event_choices":[{"damage_healed":18,"gold_gain":0,"player_choice":"Healed","damage_taken":0,"max_hp_gain":0,"max_hp_loss":0,"event_name":"The Cleric","floor":4,"gold_loss":35},{"damage_healed":0,"gold_gain":0,"player_choice":"Entered Light","damage_taken":15,"max_hp_gain":0,"max_hp_loss":0,"event_name":"Shining Light","floor":5,"gold_loss":0,"cards_upgraded":["Defend_R","Defend_R"]},{"damage_healed":0,"gold_gain":0,"player_choice":"Ignored","damage_taken":0,"max_hp_gain":0,"max_hp_loss":0,"event_name":"Purifier","floor":19,"gold_loss":0}],"is_beta":false,"boss_relics":[{"not_picked":["SacredBark","Coffee Dripper"],"picked":"Velvet Choker"}],"items_purged_floors":[],"is_endless":false,"potions_floor_spawned":[2,7,13,14,16,18,20,21,24,29,30,31],"killed_by":"Champ","ascension_level":14}}