{"host":"pke0xxyzw0teju56","time":1612992238,"event":{"mods":["BaseMod","Bestiary","Colored Powertips","Highlight Path","Minty Spire (QoL Compilation)","Relic Stats","Slay the Relics Exporter","StSLib","ojb\u0027s Info Mod"],"gold_per_floor":[109,109,126,126,71,71,20,20,20,35,7,27,46,71,71,71,71],"floor_reached":16,"language":"ENG","playtime":540,"items_purged":[],"score":200,"play_id":"b31aad3c-4b5c-4e9b-9bf3-49556e33adbb","local_time":"20210210162358","is_ascension_mode":true,"campfire_choices":[{"data":"Poisoned Stab","floor":6,"key":"SMITH"},{"data":"Deadly Poison","floor":8,"key":"SMITH"},{"floor":15,"key":"REST"}],"circlet_count":0,"master_deck":["AscendersBane","Strike_G","Strike_G","Strike_G","Strike_G","Defend_G","Defend_G","Defend_G","Defend_G","Defend_G","Survivor","Neutralize","Corpse Explosion+1","PiercingWail","Bane","Poisoned Stab+1","Deadly Poison+1","PiercingWail","Poisoned Stab","Deflect","Dagger Spray"],"relics":["Ring of the Snake","Anchor","Potion Belt"],"acts_visited":["Exordium"],"potions_floor_usage":[14,16],"damage_taken":[{"damage":1,"enemies":"2 Louse","floor":1,"turns":3},{"damage":1,"enemies":"Cultist","floor":3,"turns":5},{"damage":0,"enemies":"Jaw Worm","floor":10,"turns":3},{"damage":2,"enemies":"Exordium Thugs","floor":12,"turns":5},{"damage":0,"enemies":"Blue Slaver","floor":13,"turns":3},{"damage":11,"enemies":"Gremlin Nob","floor":14,"turns":3},{"damage":54,"enemies":"Slime Boss","floor":16,"turns":7}],"seed_played":"-7785619301975349394","potions_obtained":[{"floor":10,"key":"FearPotion"},{"floor":13,"key":"BlessingOfTheForge"}],"is_trial":false,"path_per_floor":["M","?","M","?","$","R","$","R","T","M","$","M","M","E","R","B"],"character_chosen":"THE_SILENT","items_purchased":["Poisoned Stab","Deadly Poison","Poisoned Stab"],"campfire_rested":1,"item_purchase_floors":[5,7,11],"current_hp_per_floor":[43,43,42,42,42,42,42,42,42,42,42,40,40,29,48,0,0],"gold":71,"neow_bonus":"THREE_RARE_CARDS","is_daily":false,"chose_seed":false,"campfire_upgraded":2,"win_rate":0.0,"timestamp":1612992238,"path_taken":["M","?","?","?","$","R","?","R","T","M","$","M","M","E","R","BOSS"],"items_purchased_type":["Card","Card","Card"],"build_version":"2020-12-22","purchased_purges":0,"victory":false,"max_hp_per_floor":[66,66,66,66,66,66,66,66,66,66,66,66,66,66,66,66,66],"relic_stats":{"counters":[7,29],"obtain_stats":[{"Potion Belt":14,"Anchor":9,"Ring of the Snake":0},{"Potion Belt":6,"Anchor":2,"Ring of the Snake":0},{"Potion Belt":22,"Anchor":8,"Ring of the Snake":0}],"Ring of the Snake":[14]},"card_choices":[{"not_picked":["Unload","Die Die Die"],"picked":"Corpse Explosion","floor":0},{"not_picked":["Deflect","Dodge and Roll"],"picked":"PiercingWail","floor":1},{"not_picked":["Cloak And Dagger","Terror"],"picked":"Bane","floor":3},{"not_picked":["Quick Slash","Underhanded Strike"],"picked":"PiercingWail","floor":10},{"not_picked":["Acrobatics","Tactician"],"picked":"Deflect","floor":12},{"not_picked":["Deflect","Accuracy","Caltrops"],"picked":"SKIP","floor":13},{"not_picked":["Dodge and Roll","Terror"],"picked":"Dagger Spray","floor":14}],"player_experience":5324174,"relics_obtained":[{"floor":9,"key":"Anchor"},{"floor":14,"key":"Potion Belt"}],"event_choices":[{"cards_removed":["Strike_G"],"damage_healed":0,"gold_gain":0,"player_choice":"Purged","damage_taken":0,"max_hp_gain":0,"max_hp_loss":0,"event_name":"Purifier","floor":2,"gold_loss":0},{"damage_healed":0,"gold_gain":0,"player_choice":"Grow","damage_taken":0,"max_hp_gain":0,"max_hp_loss":0,"event_name":"Living Wall","floor":4,"gold_loss":0,"cards_upgraded":["Corpse Explosion"]}],"is_beta":false,"boss_relics":[],"items_purged_floors":[],"is_endless":false,"potions_floor_spawned":[10,13],"killed_by":"Slime Boss","ascension_level":20}}