{"host":"yg1n0qads92lo9wl","time":1612961101,"event":{"mods":["BaseMod","Downfall","Luminous","Minty Spire (QoL Compilation)","StSLib","Warlord Emblem"],"gold_per_floor":[99,111,129,143,154,168,168,195,207,246,258,270,267,279,303,420,432,444,467,497,519,543,584,596,628,540,563,588,600,632,669,695,805,817,829,855,867,930,261,271,271,295,12,26,46,63,80,3,18,18],"floor_reached":51,"language":"ZHS","playtime":5890,"items_purged":["downfall:Bewildered"],"score":937,"play_id":"294c9656-2587-467d-b27f-93945c41a7c8","local_time":"20210210204501","is_ascension_mode":true,"campfire_choices":[{"data":"Guardian:CurlUp","floor":1.0,"key":"SMITH"},{"data":"Guardian:SpikerProtocol","floor":11.0,"key":"SMITH"},{"data":"Guardian:SphericShield","floor":18.0,"key":"SMITH"},{"floor":26.0,"key":"REST"},{"data":"Guardian:FloatingOrbs","floor":29.0,"key":"SMITH"},{"data":"Guardian:BronzeArmor","floor":35.0,"key":"SMITH"}],"circlet_count":0,"master_deck":["Guardian:Strike_Guardian","Guardian:Strike_Guardian","Guardian:Strike_Guardian","Guardian:Strike_Guardian","Guardian:Defend_Guardian","Guardian:Defend_Guardian","Guardian:Defend_Guardian","Guardian:Defend_Guardian","Guardian:CurlUp+1","Guardian:TwinSlam","Guardian:VentSteam","Guardian:SpikerProtocol+1","Guardian:PiercingHide","Guardian:FloatingOrbs+1","Guardian:SphericShield+1","Guardian:PiercingHide","Guardian:PrismaticBarrier","Guardian:BronzeArmor+1","Guardian:PrimingBeam","Guardian:Harden+1","Guardian:SentryBeam+1","Guardian:ConstructionForm+1","Guardian:BronzeArmor","Parasite","Guardian:Gem_Cyan","Guardian:SpikerProtocol+1","Guardian:PrimingBeam","Guardian:Gem_Blue","Clumsy","downfall:Icky","Guardian:RevengeProtocol+1","Guardian:FloatingOrbs+1","Parasite","Guardian:PiercingHide+1","Guardian:Gem_Green","Guardian:Repulse+1","Guardian:EvasiveProtocol+1"],"relics":["Guardian:ModeShifterPlus","Singing Bowl","MawBank","Calipers","Cursed Key","Frozen Egg 2","Pen Nib","downfall:HeartBlessingGreen","Girya","Anchor","Bird Faced Urn","Blood Vial","The Courier","Art of War","Ice Cream"],"acts_visited":["TheCity","TheBeyond"],"potions_floor_usage":[43,43,48,50],"damage_taken":[{"damage":1.0,"enemies":"Cultist","floor":2.0,"turns":3.0},{"damage":3.0,"enemies":"2 Louse","floor":3.0,"turns":3.0},{"damage":0.0,"enemies":"Small Slimes","floor":4.0,"turns":3.0},{"damage":6.0,"enemies":"3 Louse","floor":5.0,"turns":5.0},{"damage":1.0,"enemies":"Lots of Slimes","floor":6.0,"turns":4.0},{"damage":21.0,"enemies":"Lagavulin","floor":8.0,"turns":11.0},{"damage":31.0,"enemies":"Gremlin Nob","floor":10.0,"turns":6.0},{"damage":10.0,"enemies":"downfall:FleeingMerchant","floor":13.0,"turns":4.0},{"damage":13.0,"enemies":"Gremlin Gang","floor":15.0,"turns":7.0},{"damage":35.0,"enemies":"DF_ARCHETYPE_STREAMLINE","floor":16.0,"turns":11.0},{"damage":1.0,"enemies":"Spheric Guardian","floor":19.0,"turns":5.0},{"damage":11.0,"enemies":"Shell Parasite","floor":20.0,"turns":9.0},{"damage":4.0,"enemies":"Centurion and Healer","floor":21.0,"turns":10.0},{"damage":0.0,"enemies":"Snake Plant","floor":22.0,"turns":8.0},{"damage":30.0,"enemies":"Slavers","floor":23.0,"turns":11.0},{"damage":18.0,"enemies":"Sentry and Sphere","floor":25.0,"turns":8.0},{"damage":0.0,"enemies":"3 Cultists","floor":27.0,"turns":5.0},{"damage":17.0,"enemies":"Cultist and Chosen","floor":28.0,"turns":8.0},{"damage":0.0,"enemies":"Centurion and Healer","floor":30.0,"turns":10.0},{"damage":0.0,"enemies":"Book of Stabbing","floor":31.0,"turns":7.0},{"damage":10.0,"enemies":"Snake Plant","floor":32.0,"turns":4.0},{"damage":0.0,"enemies":"WA_ARCHETYPE_CALM","floor":33.0,"turns":13.0},{"damage":0.0,"enemies":"Orb Walker","floor":36.0,"turns":4.0},{"damage":0,"enemies":"downfall:FleeingMerchant","floor":39,"turns":4},{"damage":0,"enemies":"3 Shapes","floor":40,"turns":5},{"damage":0,"enemies":"downfall:FleeingMerchant","floor":43,"turns":4},{"damage":0,"enemies":"Sphere and 2 Shapes","floor":44,"turns":5},{"damage":0,"enemies":"Writhing Mass","floor":45,"turns":6},{"damage":0,"enemies":"3 Darklings","floor":46,"turns":5},{"damage":13,"enemies":"Transient","floor":47,"turns":5},{"damage":0,"enemies":"downfall:FleeingMerchant","floor":48,"turns":4},{"damage":0,"enemies":"Sphere and 2 Shapes","floor":49,"turns":5},{"damage":47,"enemies":"SI_POISON_ARCHETYPE","floor":50,"turns":27}],"seed_played":"1387945470277159739","potions_obtained":[{"floor":4.0,"key":"AttackPotion"},{"floor":10.0,"key":"bronze:BurnAndBuffPotion"},{"floor":16.0,"key":"Fire Potion"},{"floor":19.0,"key":"BlessingOfTheForge"},{"floor":20.0,"key":"SkillPotion"},{"floor":21.0,"key":"LiquidBronze"},{"floor":27.0,"key":"AttackPotion"},{"floor":32.0,"key":"Guardian:BlockOnCardUsePotion"},{"floor":40,"key":"Slimebound:ThreeZeroPotion"},{"floor":44,"key":"Fruit Juice"},{"floor":45,"key":"SpeedPotion"}],"is_trial":false,"path_per_floor":["R","M","M","M","M","M","T","E","?","E","R","?","$","?","M","B",null,"R","M","M","M","M","E","T","M","R","M","M","R","M","E","M","B",null,"R","M","?","?","$","M","T","T","$","M","M","M","M","$","M","B",null],"character_chosen":"GUARDIAN","items_purchased":["Guardian:SpikerProtocol+1","Bird Faced Urn","Guardian:PrimingBeam","Blood Vial","Ice Cream","Guardian:FloatingOrbs+1","DuplicationPotion"],"campfire_rested":1,"item_purchase_floors":[39,39,39,39,43,43,48],"current_hp_per_floor":[88,87,84,84,78,77,77,56,56,27,27,27,19,92,79,44,92,92,91,80,78,78,50,50,32,60,62,45,45,45,45,35,35,98,98,98,98,98,98,98,98,98,98,100,100,100,91,97,102,73],"gold":18,"neow_bonus":"TEN_PERCENT_HP_BONUS","is_daily":false,"chose_seed":false,"campfire_upgraded":5,"win_rate":0.0,"timestamp":1612961101,"path_taken":["R","M","?","?","M","M","T","E","?","E","R","?","$","?","M","BOSS","R","M","M","M","M","E","T","M","R","?","?","R","M","E","M","BOSS","R","M","?","?","$","?","T","?","$","M","M","M","M","$","M","BOSS"],"items_purchased_type":["Card","Relic","Card","Relic","Relic","Card","Potion"],"build_version":"2020-12-22","purchased_purges":1,"victory":true,"max_hp_per_floor":[88,88,88,88,88,88,88,88,88,90,90,90,92,92,92,92,92,92,92,92,94,94,96,96,96,96,98,98,98,98,98,98,98,98,98,98,98,98,98,98,98,98,98,100,100,100,100,102,102,107],"card_choices":[{"not_picked":["Guardian:Gem_Cyan","Guardian:TemporalStrike"],"picked":"Guardian:VentSteam","floor":2.0},{"not_picked":["Guardian:PiercingHide","Guardian:PrimingBeam"],"picked":"Guardian:SpikerProtocol","floor":3.0},{"not_picked":["Guardian:ShieldCharger","Guardian:CrystalBeam"],"picked":"Guardian:PiercingHide","floor":4.0},{"not_picked":["Guardian:TimeSifter","Guardian:DonusPower"],"picked":"Guardian:Gem_Red","floor":5.0},{"not_picked":["Guardian:Incinerate","Guardian:TemporalShield"],"picked":"Guardian:Gem_Lightblue","floor":6.0},{"not_picked":["Guardian:FuturePlans","Guardian:Gem_Red"],"picked":"Guardian:Gem_Crimson","floor":8.0},{"not_picked":["Guardian:GemFire","Guardian:Clone","Guardian:PolyBeam"],"picked":"Singing Bowl","floor":10.0},{"not_picked":["Guardian:ShieldCharger","Guardian:ChargeCore","Guardian:TemporalStrike"],"picked":"Singing Bowl","floor":13.0},{"not_picked":["Guardian:Planning","Guardian:Gem_Cyan"],"picked":"Guardian:FloatingOrbs","floor":15.0},{"not_picked":["Guardian:GatlingBeam","Guardian:RevengeProtocol"],"picked":"Guardian:SphericShield","floor":16.0},{"not_picked":["Guardian:Gem_Green","Guardian:Gem_Red"],"picked":"Guardian:PiercingHide","floor":19.0},{"not_picked":["Guardian:ShieldCharger","Guardian:Gem_Red"],"picked":"Guardian:Gem_Green","floor":20.0},{"not_picked":["Guardian:Preprogram","Guardian:ChargeCore","Guardian:DonusPower"],"picked":"Singing Bowl","floor":21.0},{"not_picked":["Guardian:TemporalStrike","Guardian:BronzeOrb"],"picked":"Guardian:Gem_Lightblue","floor":22.0},{"not_picked":["Guardian:BronzeOrb","Guardian:CrystalBeam+1","Guardian:TemporalShield"],"picked":"Singing Bowl","floor":23.0},{"not_picked":["Guardian:TemporalStrike","Guardian:FuturePlans+1"],"picked":"Guardian:PrismaticBarrier","floor":25.0},{"not_picked":["Guardian:TemporalStrike","Guardian:PiercingHide","Guardian:Orbwalk+1"],"picked":"Singing Bowl","floor":27.0},{"not_picked":["Guardian:HyperBeam_Guardian","Guardian:Gem_Green"],"picked":"Guardian:BronzeArmor","floor":28.0},{"not_picked":["Guardian:Planning","Guardian:Gem_Lightblue"],"picked":"Guardian:PrimingBeam","floor":30.0},{"not_picked":["Guardian:Incinerate","Guardian:Clone"],"picked":"Guardian:Harden+1","floor":31.0},{"not_picked":["Guardian:Recover","Guardian:VentSteam"],"picked":"Guardian:SentryBeam+1","floor":32.0},{"not_picked":["Guardian:GemFinder+1","Guardian:StasisField"],"picked":"Guardian:ConstructionForm+1","floor":33.0},{"not_picked":["Guardian:Incinerate","Guardian:Gem_Red"],"picked":"Guardian:BronzeArmor","floor":36.0},{"not_picked":["Guardian:Gem_Red","Guardian:Orbwalk+1"],"picked":"Guardian:Gem_Cyan","floor":39},{"not_picked":["Guardian:FloatingOrbs+1","Guardian:Suspension"],"picked":"Guardian:Gem_Blue","floor":40},{"not_picked":["Guardian:PrismaticBeam","Guardian:Planning"],"picked":"Guardian:RevengeProtocol+1","floor":43},{"not_picked":["Guardian:Reroute","Guardian:RefractedBeam+1","Guardian:Preprogram+1"],"picked":"Singing Bowl","floor":44},{"not_picked":["Guardian:Gem_Crimson","Guardian:Gem_Red"],"picked":"Guardian:PiercingHide+1","floor":45},{"not_picked":["Guardian:TemporalShield","Guardian:WalkerClaw+1"],"picked":"Guardian:Gem_Green","floor":46},{"not_picked":["Guardian:Reroute","Guardian:Recover"],"picked":"Guardian:Repulse+1","floor":47},{"not_picked":["Guardian:CrystalBeam+1","Guardian:VentSteam+1","Guardian:ChargeCore+1"],"picked":"Singing Bowl","floor":48},{"not_picked":["Guardian:PiercingHide","Guardian:Clone+1"],"picked":"Guardian:EvasiveProtocol+1","floor":49}],"player_experience":454323,"relics_obtained":[{"floor":7.0,"key":"Singing Bowl"},{"floor":8.0,"key":"MawBank"},{"floor":10.0,"key":"Calipers"},{"floor":23.0,"key":"Frozen Egg 2"},{"floor":24.0,"key":"Pen Nib"},{"floor":31.0,"key":"Girya"},{"floor":38,"key":"Anchor"},{"floor":41,"key":"The Courier"},{"floor":42,"key":"Art of War"}],"event_choices":[{"damage_healed":73.0,"max_hp_gain":0.0,"max_hp_loss":0.0,"gold_gain":0.0,"event_name":"Wheel of Change","player_choice":"Full Heal","floor":14.0,"gold_loss":0.0,"damage_taken":0.0}],"is_beta":false,"boss_relics":[{"not_picked":["Calling Bell","Pandora\u0027s Box"],"picked":"Cursed Key"},{"not_picked":["Astrolabe","SlaversCollar"],"picked":"Guardian:ModeShifterPlus"}],"items_purged_floors":[39],"is_endless":false,"potions_floor_spawned":[4,10,16,19,20,21,27,32,36,40,44,45,46],"ascension_level":2}}