{"host":"mo4d2vii2wc3uyp7","time":1612941696,"event":{"mods":["AchievementEnabler","BaseMod","Colored Map","Highlight Path","Keyboard Shortcuts","Minty Spire (QoL Compilation)","Permanent Neow","Quick Restart","Shop Mod","StSLib","SuperFastMode","everything is the same but u backflip on backflip"],"gold_per_floor":[115,129,141,153,171,205,205,232,232,232,250,264,324,350,350,446,446,464,478,478,478],"floor_reached":20,"language":"KOR","playtime":745,"items_purged":[],"score":218,"play_id":"67a53da8-2d6a-494c-85f4-36a4fe58e787","local_time":"20210210162136","is_ascension_mode":true,"campfire_choices":[{"data":"Stack","floor":7,"key":"SMITH"},{"floor":10,"key":"REST"},{"floor":15,"key":"REST"}],"circlet_count":0,"master_deck":["Strike_B","Strike_B","Strike_B","Strike_B","Defend_B","Defend_B","Defend_B","Defend_B","Zap","Dualcast+1","Ball Lightning","Gash","Reboot","Cold Snap","Stack+1","Conserve Battery","Coolheaded","Beam Cell+1","Compile Driver+1","White Noise","Glacier","Echo Form","Sweeping Beam+1","Redo"],"relics":["Cracked Core","Sundial","Anchor","Molten Egg 2","Boot","Calipers","SlaversCollar"],"acts_visited":["Exordium","TheCity"],"potions_floor_usage":[16,16],"damage_taken":[{"damage":1,"enemies":"Cultist","floor":1,"turns":3},{"damage":5,"enemies":"Small Slimes","floor":2,"turns":2},{"damage":2,"enemies":"Jaw Worm","floor":3,"turns":2},{"damage":16,"enemies":"Large Slime","floor":4,"turns":5},{"damage":7,"enemies":"Red Slaver","floor":5,"turns":3},{"damage":9,"enemies":"3 Sentries","floor":6,"turns":6},{"damage":17,"enemies":"Lagavulin","floor":8,"turns":7},{"damage":0,"enemies":"2 Fungi Beasts","floor":11,"turns":2},{"damage":6,"enemies":"Lots of Slimes","floor":12,"turns":3},{"damage":1,"enemies":"Gremlin Nob","floor":13,"turns":3},{"damage":18,"enemies":"3 Sentries","floor":14,"turns":6},{"damage":10,"enemies":"Hexaghost","floor":16,"turns":9},{"damage":2,"enemies":"Chosen","floor":18,"turns":5},{"damage":22,"enemies":"Spheric Guardian","floor":19,"turns":5},{"damage":0,"enemies":"Cultist and Chosen","floor":20,"turns":1}],"seed_played":"3402514263867444386","potions_obtained":[{"floor":4,"key":"SmokeBomb"},{"floor":5,"key":"Strength Potion"},{"floor":6,"key":"Dexterity Potion"},{"floor":12,"key":"Dexterity Potion"},{"floor":19,"key":"Explosive Potion"}],"is_trial":false,"path_per_floor":["M","M","M","M","M","E","R","E","T","R","M","M","?","E","R","B",null,"M","M","M"],"character_chosen":"DEFECT","items_purchased":[],"campfire_rested":2,"item_purchase_floors":[],"current_hp_per_floor":[74,69,67,51,44,35,35,18,18,40,40,34,33,15,37,27,75,73,51,51,51],"gold":478,"neow_bonus":"UPGRADE_CARD","is_daily":false,"chose_seed":false,"campfire_upgraded":1,"win_rate":0.0,"timestamp":1612941696,"path_taken":["M","M","M","M","M","E","R","E","T","R","?","M","?","E","R","BOSS","M","M","M"],"items_purchased_type":[],"build_version":"2020-12-22","purchased_purges":0,"victory":false,"max_hp_per_floor":[75,75,75,75,75,75,75,75,75,75,75,75,75,75,75,75,75,75,75,75,75],"card_choices":[{"not_picked":["Go for the Eyes","Compile Driver"],"picked":"Ball Lightning","floor":1},{"not_picked":["Tempest","Streamline"],"picked":"Gash","floor":2},{"not_picked":["Rip and Tear","Storm"],"picked":"Reboot","floor":3},{"not_picked":["Coolheaded","Turbo"],"picked":"Cold Snap","floor":4},{"not_picked":["BootSequence","Gash"],"picked":"Stack","floor":5},{"not_picked":["Steam","Sunder"],"picked":"Conserve Battery","floor":6},{"not_picked":["Hologram","Conserve Battery"],"picked":"Coolheaded","floor":8},{"not_picked":["Hologram","Conserve Battery"],"picked":"Beam Cell+1","floor":11},{"not_picked":["Cold Snap+1","Ball Lightning+1"],"picked":"Compile Driver+1","floor":12},{"not_picked":["Turbo","Thunder Strike+1"],"picked":"White Noise","floor":13},{"not_picked":["Sunder+1","Rip and Tear+1"],"picked":"Glacier","floor":14},{"not_picked":["Machine Learning","Thunder Strike+1"],"picked":"Echo Form","floor":16},{"not_picked":["Barrage+1","Chill"],"picked":"Sweeping Beam+1","floor":18},{"not_picked":["Heatsinks+1","Capacitor"],"picked":"Redo","floor":19}],"player_experience":611528,"relics_obtained":[{"floor":6,"key":"Sundial"},{"floor":8,"key":"Anchor"},{"floor":9,"key":"Molten Egg 2"},{"floor":13,"key":"Boot"},{"floor":14,"key":"Calipers"}],"event_choices":[{"damage_healed":0,"gold_gain":30,"player_choice":"Searched \u00273\u0027 times","damage_taken":0,"max_hp_gain":0,"max_hp_loss":0,"event_name":"Dead Adventurer","floor":13,"gold_loss":0}],"is_beta":false,"boss_relics":[{"not_picked":["Fusion Hammer","Velvet Choker"],"picked":"SlaversCollar"}],"items_purged_floors":[],"is_endless":false,"potions_floor_spawned":[4,5,6,11,12,19],"killed_by":"Cultist and Chosen","ascension_level":2}}