{"host":"og21o26alpnbwmz8","time":1612973516,"event":{"mods":["100% Spire Juice","Act Like it!","Aspiration","BaseMod","Conspire","Downfall","Gensokyo","Halation","Hubris","Jedi Mod","Mimic Mod","Minty Spire (QoL Compilation)","Pale of the Ancients","Reliquary","Replay The Spire","Shop Mod","Spikes Relics","StSLib","The Alterego","The Blue Laboratory","The Marked","Waifu the Spire"],"gold_per_floor":[109,109,109,1,16,16,16,16,16,16,26,43,63,77,77,59,59,70,90,90,90,90,105,105,105,105,105,105,12,12,12,22,33,33,33,33],"floor_reached":35,"language":"ENG","playtime":1501,"items_purged":[],"score":344,"play_id":"f754960c-9970-42cf-986f-4a3f2d506b72","local_time":"20210210111156","is_ascension_mode":false,"campfire_choices":[{"data":"Moonworks:CrystalBarrier","floor":6,"key":"SMITH"},{"data":"Moonworks:Ambush","floor":8,"key":"SMITH"},{"data":"Moonworks:TacticalRetreat","floor":10,"key":"SMITH"},{"data":"hubris:Counter","floor":15,"key":"SMITH"},{"data":"aspiration:Lunge","floor":27,"key":"SMITH"},{"data":"Toxin Wave","floor":31,"key":"SMITH"},{"floor":34,"key":"RECALL"}],"circlet_count":0,"master_deck":["Moonworks:Defend","Moonworks:Defend","Moonworks:Defend","Moonworks:Defend","Moonworks:Ambush+1","Moonworks:TacticalRetreat+1","Moonworks:CrystalBarrier+1","hubris:Counter+1","aspiration:Lunge+1","Dagger Throw","Moonworks:MeltingMemories","Heel Hook","Glass Knife","Toxin Wave+1","Moonworks:Poppoformation+1"],"relics":["Moonworks:BrokenBomb","Moonworks:Homemark","NeowsBlessing","Matryoshka","hubris:PeanutButter","Replay:Bottled Snecko","aspiration:FutureDiary","aspiration:HummingbirdHeart","reliquary:BallBearing","Gensokyo:RedStar","Ancient Tea Set"],"acts_visited":["Exordium","Gensokyo:Gensokyo"],"potions_floor_usage":[23,35,35],"damage_taken":[{"damage":0,"enemies":"Gensokyo:Python","floor":1,"turns":1},{"damage":0,"enemies":"Gensokyo:3_Fairies","floor":4,"turns":1},{"damage":0,"enemies":"Gensokyo:2_Kodama","floor":5,"turns":1},{"damage":0,"enemies":"Gensokyo:CorruptedTreant","floor":11,"turns":4},{"damage":0,"enemies":"Gensokyo:Python_and_Kodama","floor":12,"turns":3},{"damage":0,"enemies":"Gensokyo:LivingMonolith","floor":13,"turns":2},{"damage":5,"enemies":"Gensokyo:2_Rabbits","floor":14,"turns":3},{"damage":0,"enemies":"Gensokyo:Yukari","floor":16,"turns":11},{"damage":0,"enemies":"Gensokyo:3_Dogs","floor":18,"turns":3},{"damage":0,"enemies":"Gensokyo:2_Gloops","floor":19,"turns":3},{"damage":0,"enemies":"Gensokyo:Monolith_and_Dog","floor":23,"turns":5},{"damage":0,"enemies":"Gensokyo:Reisen","floor":29,"turns":7},{"damage":0,"enemies":"Gensokyo:Chomper_and_Gloop","floor":32,"turns":4},{"damage":0,"enemies":"Gensokyo:Wraith","floor":33,"turns":3},{"damage":38,"enemies":"Gensokyo:Eiki","floor":35,"turns":16}],"seed_played":"8850088238996094515","potions_obtained":[{"floor":4,"key":"Energy Potion"},{"floor":5,"key":"ColorlessPotion"},{"floor":11,"key":"blueLaboratory:PhilterOfMotion"},{"floor":32,"key":"ColorlessPotion"}],"is_trial":false,"path_per_floor":["M","T","$","M","M","R","?","R","T","R","M","M","M","M","R","B",null,"M","M","T","COS","?","M","PTL","PTL","?","R","T","E","?","R","M","M","R","B"],"character_chosen":"THE_STARBREAKER","items_purchased":[],"campfire_rested":0,"item_purchase_floors":[],"current_hp_per_floor":[60,60,60,60,60,60,60,60,60,60,60,60,60,55,55,55,60,60,60,60,60,60,60,60,60,60,60,60,60,60,60,60,60,60,0,0],"gold":33,"neow_bonus":"THREE_ENEMY_KILL","is_daily":false,"chose_seed":false,"campfire_upgraded":6,"win_rate":0.0,"timestamp":1612973516,"path_taken":["M","?","?","?","M","R","?","R","T","R","M","M","M","M","R","BOSS","M","?","?","COS","?","?","PTL","PTL","?","R","T","E","?","R","M","M","R","BOSS"],"items_purchased_type":[],"build_version":"2020-12-22","purchased_purges":0,"victory":false,"max_hp_per_floor":[60,60,60,60,60,60,60,60,60,60,60,60,60,60,60,60,60,60,60,60,60,60,60,60,60,60,60,60,60,60,60,60,60,60,30,30],"card_choices":[{"not_picked":["Moonworks:JonathanRush","Moonworks:IndiscriminateFireSupport"],"picked":"Moonworks:LulusLuckyEgg","floor":1},{"not_picked":["Moonworks:x16BigRocket","Moonworks:JonathanRush"],"picked":"Moonworks:TacticalRetreat","floor":4},{"not_picked":["Moonworks:DeployBits","Moonworks:ForcedRevival"],"picked":"Moonworks:CrystalBarrier","floor":5},{"not_picked":["Moonworks:Assault","Moonworks:UnluckyCharm","Moonworks:LulusLuckyEgg"],"picked":"SKIP","floor":11},{"not_picked":["Moonworks:ForcedRevival","Moonworks:IndiscriminateFireSupport","Moonworks:NicePresent"],"picked":"SKIP","floor":12},{"not_picked":["Moonworks:JonathanRush","Moonworks:MixPhenomenon","Moonworks:UnpaidWork"],"picked":"SKIP","floor":13},{"not_picked":["Moonworks:NicePresent","Moonworks:Assault","Moonworks:Flamethrower"],"picked":"SKIP","floor":14},{"not_picked":["Moonworks:StarBlastingFuse","Moonworks:SubspaceTunnel"],"picked":"Moonworks:MeltingMemories","floor":16},{"not_picked":["Moonworks:NicePresent","Moonworks:SakisCookie","Moonworks:CloudOfSeagulls"],"picked":"SKIP","floor":18},{"not_picked":["Moonworks:CloudOfSeagulls","Moonworks:Assault+1","Moonworks:DeployBits+1"],"picked":"SKIP","floor":19},{"not_picked":["Moonworks:ExtendedPhotonRifle+1","Moonworks:JonathanRush","Moonworks:CloudOfSeagulls+1"],"picked":"SKIP","floor":23},{"not_picked":["Moonworks:LulusLuckyEgg","Moonworks:NicePresent","Moonworks:ImOnFire"],"picked":"SKIP","floor":29},{"not_picked":["Moonworks:NicePresent","Moonworks:SubspaceTunnel","Moonworks:DeployBits"],"picked":"SKIP","floor":32},{"not_picked":["Moonworks:CloudOfSeagulls","Moonworks:CastOff"],"picked":"Moonworks:Poppoformation+1","floor":33}],"player_experience":244216,"relics_obtained":[{"floor":2,"key":"Matryoshka"},{"floor":9,"key":"hubris:PeanutButter"},{"floor":9,"key":"Replay:Bottled Snecko"},{"floor":20,"key":"aspiration:HummingbirdHeart"},{"floor":20,"key":"reliquary:BallBearing"},{"floor":29,"key":"Ancient Tea Set"}],"event_choices":[],"is_beta":false,"boss_relics":[{"not_picked":["halation:MonkeysPaw","Replay:Bronze Core"],"picked":"aspiration:FutureDiary"}],"items_purged_floors":[],"is_endless":false,"potions_floor_spawned":[4,5,11,16,19,32],"killed_by":"Gensokyo:Eiki","ascension_level":0}}