{"host":"8o45mh5p3pp1o2mi","time":1612918108,"event":{"mods":["BaseMod","Bestiary","Better Match","Better Third Choice","BetterRewards","Dark Map","Downfall","Fox Events","Minty Spire (QoL Compilation)","Rare Cards Sparkle","Relic Stats","Replay The Spire","Shop Mod","Spire Exporter","StSLib","everything is the same but u backflip on backflip"],"gold_per_floor":[114,132,145,145,145,174,187,219,219,219,285,297,309,103,103,206,206,223,223,233,233,108,108,134,134,157,188,188,188,188,200,200,302,302,315,315,315,327,154,154,182,182,182,192,206,233,245,257,269,281,293,305,9,35,35],"floor_reached":56,"language":"ENG","playtime":3085,"items_purged":["Strike_B","Strike_B","downfall:Bewildered","Strike_B","Strike_B"],"score":1996,"play_id":"f03156f6-2c7d-4d3f-84a1-ba3d767dc280","local_time":"20210210004828","is_ascension_mode":true,"campfire_choices":[{"floor":10.0,"key":"REST"},{"data":"Loop","floor":15.0,"key":"SMITH"},{"floor":23.0,"key":"RECALL"},{"data":"Biased Cognition","floor":25.0,"key":"SMITH"},{"data":"Tempest","floor":29.0,"key":"SMITH"},{"data":"Self Repair","floor":32.0,"key":"SMITH"},{"data":"ReplayRNGCard","floor":40.0,"key":"SMITH"},{"data":"Hologram","floor":42.0,"key":"SMITH"},{"data":"Defragment","floor":49.0,"key":"SMITH"},{"data":"Seek","floor":52.0,"key":"SMITH"}],"circlet_count":0,"master_deck":["Defend_B","Defend_B","Defend_B","Defend_B","Zap+1","Dualcast","Defragment+1","BasicCrystalCard+1","ReplayTheSpireMod:Calculation Training","Cold Snap","Fission+1","Turbo","Sweeping Beam","Replay:DivineShield","Glacier","Electrodynamics","Compile Driver","Seek+1","Crystallizer","Loop+1","Biased Cognition+1","Ball Lightning","Crystallizer","Loop","Voices","Tempest+1","Self Repair+1","Steam","ReplayRNGCard+1","ReplayTheSpireMod:Private Reserves","Deep Breath","FTL","Hologram+1","Chill+1","CommonCold","Time Bomb+1","Capacitor","Leap","Force Field"],"relics":["Cracked Core","Mango","Replay:Kaleidoscope","Orrery","Orichalcum","Bronze Scales","Gambling Chip","Centennial Puzzle","BargainBundle","Replay:Rubber Ducky","Mercury Hourglass","Cursed Key","sneckomod:BabySnecko","Cables","Anchor","Matryoshka","Ring of Peace","Black Star","Calipers","Dream Catcher","Replay:Baseball","Bag of Marbles","ReplayFunnel","MawBank","Art of War","Durian"],"acts_visited":["Exordium","TheCity","TheBeyond","TheEnding"],"potions_floor_usage":[],"damage_taken":[{"damage":0.0,"enemies":"2 Louse","floor":1.0,"turns":2.0},{"damage":2.0,"enemies":"Jaw Worm","floor":2.0,"turns":5.0},{"damage":1.0,"enemies":"Small Slimes","floor":3.0,"turns":4.0},{"damage":0.0,"enemies":"Lagavulin","floor":6.0,"turns":7.0},{"damage":0.0,"enemies":"3 Louse","floor":7.0,"turns":1.0},{"damage":12.0,"enemies":"Gremlin Nob","floor":8.0,"turns":4.0},{"damage":0.0,"enemies":"Blue Slaver","floor":12.0,"turns":3.0},{"damage":0.0,"enemies":"Exordium Wildlife","floor":13.0,"turns":1.0},{"damage":0.0,"enemies":"Slime Boss","floor":16.0,"turns":4.0},{"damage":7.0,"enemies":"2 Thieves","floor":18.0,"turns":2.0},{"damage":0.0,"enemies":"3 Byrds","floor":20.0,"turns":1.0},{"damage":15.0,"enemies":"Slavers","floor":24.0,"turns":2.0},{"damage":0.0,"enemies":"Replay:Snechameleon","floor":27.0,"turns":3.0},{"damage":0.0,"enemies":"Snake Plant","floor":31.0,"turns":3.0},{"damage":0.0,"enemies":"Collector","floor":33.0,"turns":5.0},{"damage":0.0,"enemies":"3 Darklings","floor":35.0,"turns":2.0},{"damage":0.0,"enemies":"Orb Walker","floor":38.0,"turns":3.0},{"damage":21.0,"enemies":"Giant Head","floor":41.0,"turns":6.0},{"damage":0.0,"enemies":"Transient","floor":44.0,"turns":5.0},{"damage":0.0,"enemies":"Spire Growth","floor":45.0,"turns":4.0},{"damage":0.0,"enemies":"Nemesis","floor":46.0,"turns":5.0},{"damage":48.0,"enemies":"Awakened One","floor":50.0,"turns":10.0},{"damage":20,"enemies":"Shield and Spear","floor":54,"turns":4},{"damage":33,"enemies":"The Heart","floor":55,"turns":8}],"seed_played":"3899130411643964668","potions_obtained":[{"floor":2.0,"key":"Fire Potion"},{"floor":3.0,"key":"LiquidMemories"},{"floor":6.0,"key":"Strength Potion"},{"floor":11.0,"key":"Strength Potion"},{"floor":27.0,"key":"hexamod:SoulburnPotion"},{"floor":41.0,"key":"Regen Potion"},{"floor":44.0,"key":"FocusPotion"},{"floor":46.0,"key":"champ:CounterPotion"},{"floor":54,"key":"FairyPotion"}],"is_trial":false,"path_per_floor":["M","M","M","?","?","E","M","E","T","R","?","M","M","$","R","B",null,"M","?","M","?","$","R","E","R","T","E","?","R","?","M","R","B",null,"M","?","?","M","$","R","E","R","T","M","M","E","?","$","R","B",null,"R","$","E","B",null],"character_chosen":"DEFECT","items_purchased":["Defragment","BasicCrystalCard+1","Mango","Orrery","BargainBundle","Replay:Rubber Ducky","Mercury Hourglass","Loop","ColorlessPotion","DuplicationPotion","Hologram","Capacitor","Leap"],"campfire_rested":1,"item_purchase_floors":[0,0,0,0,14,14,14,14,14,14,39,53,53],"current_hp_per_floor":[89,87,86,74,56,56,56,44,44,70,70,70,70,70,70,70,89,82,82,82,82,82,82,67,67,67,67,67,67,67,74,74,74,89,89,89,84,89,89,89,68,68,68,78,88,88,88,88,88,64,89,89,89,84,51],"gold":35,"neow_bonus":"","is_daily":false,"chose_seed":false,"campfire_upgraded":8,"win_rate":0.0,"timestamp":1612918108,"path_taken":["M","M","M","?","?","E","M","E","T","R","?","?","M","$","R","BOSS","M","?","M","?","$","R","E","R","T","E","?","R","?","M","R","BOSS","M","?","?","M","?","R","E","R","T","M","M","E","?","?","R","BOSS","R","$","E","BOSS"],"items_purchased_type":["Card","Card","Relic","Relic","Relic","Relic","Relic","Card","Potion","Potion","Card","Card","Card"],"build_version":"2020-12-22","purchased_purges":5,"victory":true,"max_hp_per_floor":[89,89,89,89,89,89,89,89,89,89,89,89,89,89,89,89,89,89,89,89,89,89,89,89,89,89,89,89,89,89,89,89,89,89,89,89,89,89,89,89,89,89,89,89,89,89,89,89,89,89,89,89,89,94,94],"relic_stats":{"counters":[83,377],"Orichalcum":[120],"Cursed Key":2,"MawBank":84,"Mercury Hourglass":[266],"Cables":[39,28,6,2,3],"Centennial Puzzle":[18],"Dream Catcher":0,"Bronze Scales":[284],"Gambling Chip":[38],"Black Star":3,"Art of War":[3],"obtain_stats":[{"Replay:Accelerometer":20,"Calipers":41,"CeramicFish":7,"Ginger":13,"Whetstone":54,"Replay:Ringing Soul":4,"Centennial Puzzle":11,"MealTicket":26,"Ring of Shattering":4,"HandDrill":28,"Toxic Egg 2":0,"MerchantsRug":0,"Astrolabe":17,"Replay:Grab Bag":34,"Blue Candle":40,"Oddly Smooth Stone":9,"Pen Nib":11,"Replay:Kaleidoscope":0,"Question Card":8,"Akabeko":12,"Cables":24,"SlaversCollar":17,"Replay:Baseball":44,"ReplayTheSpireMod:Shallot":0,"Shuriken":0,"Bronze Scales":6,"Simple Rune":29,"Onion Ring":43,"ReplayTheSpireMod:TigerMarble":37,"Black Star":34,"Abe\u0027s Treasure":17,"ReplayFunnel":46,"Lantern":5,"Replay:PocketPolymizer":6,"Singing Bowl":6,"Mango":0,"Replay:Mystery Machine":41,"Smiling Mask":39,"Empty Cage":34,"Cursed Key":17,"ClockworkSouvenir":46,"Replay:Rubber Ducky":14,"Dream Catcher":41,"Matryoshka":27,"Mummified Hand":28,"Pantograph":47,"Gambling Chip":8,"Ring of Peace":28,"Tiny Chest":23,"Red Mask":49,"Replay:Antivirus Software":26,"Cracked Core":0,"Replay:Drink Me":34,"Potion Belt":37,"BargainBundle":20,"The Courier":9,"Omamori":3,"Frozen Egg 2":42,"Orichalcum":4,"MawBank":46,"Replay:Arrowhead":0,"Mercury Hourglass":14,"sneckomod:BabySnecko":21,"Anchor":26,"Busted Crown":34,"Ornamental Fan":25,"Orrery":0,"Garlic":0,"Bag of Marbles":27,"Coffee Dripper":34,"Art of War":54,"Durian":54,"Bottled Lightning":43,"Membership Card":22,"ReplayTheSpireMod:Ring of Challenge":4,"Toy Ornithopter":12},{"Replay:Accelerometer":18,"Calipers":77,"CeramicFish":12,"Ginger":6,"Whetstone":33,"Replay:Ringing Soul":11,"Centennial Puzzle":65,"MealTicket":20,"Ring of Shattering":36,"HandDrill":48,"Toxic Egg 2":9,"MerchantsRug":34,"Astrolabe":43,"Replay:Grab Bag":51,"Blue Candle":54,"Oddly Smooth Stone":39,"Pen Nib":14,"Replay:Kaleidoscope":59,"Question Card":4,"Akabeko":41,"Cables":71,"SlaversCollar":7,"Replay:Baseball":29,"ReplayTheSpireMod:Shallot":34,"Shuriken":34,"Bronze Scales":63,"Simple Rune":21,"Onion Ring":55,"ReplayTheSpireMod:TigerMarble":26,"Black Star":74,"Abe\u0027s Treasure":16,"ReplayFunnel":80,"Lantern":11,"Replay:PocketPolymizer":3,"Singing Bowl":38,"Mango":59,"Replay:Mystery Machine":28,"Smiling Mask":27,"Empty Cage":51,"Cursed Key":68,"ClockworkSouvenir":30,"Replay:Rubber Ducky":67,"Dream Catcher":77,"Matryoshka":72,"Mummified Hand":21,"Pantograph":57,"Gambling Chip":65,"Ring of Peace":72,"Tiny Chest":19,"Red Mask":58,"Replay:Antivirus Software":48,"Cracked Core":0,"Replay:Drink Me":24,"Potion Belt":52,"BargainBundle":18,"The Courier":4,"Omamori":1,"Frozen Egg 2":55,"Orichalcum":62,"MawBank":80,"Replay:Arrowhead":9,"Mercury Hourglass":67,"sneckomod:BabySnecko":70,"Anchor":71,"Busted Crown":51,"Ornamental Fan":48,"Orrery":59,"Garlic":9,"Bag of Marbles":21,"Coffee Dripper":51,"Art of War":82,"Durian":82,"Bottled Lightning":28,"Membership Card":46,"ReplayTheSpireMod:Ring of Challenge":36,"Toy Ornithopter":14},{"Replay:Accelerometer":83,"Calipers":341,"CeramicFish":54,"Ginger":26,"Whetstone":153,"Replay:Ringing Soul":48,"Centennial Puzzle":306,"MealTicket":93,"Ring of Shattering":169,"HandDrill":227,"Toxic Egg 2":41,"MerchantsRug":163,"Astrolabe":200,"Replay:Grab Bag":243,"Blue Candle":259,"Oddly Smooth Stone":180,"Pen Nib":64,"Replay:Kaleidoscope":283,"Question Card":18,"Akabeko":186,"Cables":319,"SlaversCollar":34,"Replay:Baseball":133,"ReplayTheSpireMod:Shallot":163,"Shuriken":163,"Bronze Scales":301,"Simple Rune":101,"Onion Ring":264,"ReplayTheSpireMod:TigerMarble":120,"Black Star":330,"Abe\u0027s Treasure":75,"ReplayFunnel":355,"Lantern":48,"Replay:PocketPolymizer":11,"Singing Bowl":177,"Mango":283,"Replay:Mystery Machine":129,"Smiling Mask":123,"Empty Cage":243,"Cursed Key":314,"ClockworkSouvenir":136,"Replay:Rubber Ducky":310,"Dream Catcher":341,"Matryoshka":322,"Mummified Hand":101,"Pantograph":274,"Gambling Chip":306,"Ring of Peace":322,"Tiny Chest":88,"Red Mask":278,"Replay:Antivirus Software":227,"Cracked Core":0,"Replay:Drink Me":114,"Potion Belt":247,"BargainBundle":83,"The Courier":18,"Omamori":3,"Frozen Egg 2":264,"Orichalcum":294,"MawBank":355,"Replay:Arrowhead":41,"Mercury Hourglass":310,"sneckomod:BabySnecko":317,"Anchor":319,"Busted Crown":243,"Ornamental Fan":227,"Orrery":283,"Garlic":41,"Bag of Marbles":101,"Coffee Dripper":243,"Art of War":369,"Durian":369,"Bottled Lightning":129,"Membership Card":214,"ReplayTheSpireMod:Ring of Challenge":169,"Toy Ornithopter":64}]},"card_choices":[{"not_picked":["Barrage","Melter"],"picked":"ReplayTheSpireMod:Calculation Training","floor":0.0},{"not_picked":["Storm","Redo"],"picked":"Cold Snap","floor":0.0},{"not_picked":["Cold Snap","Coolheaded"],"picked":"Fission","floor":0.0},{"not_picked":["Skim","All For One"],"picked":"Turbo","floor":0.0},{"not_picked":["Go for the Eyes","BasicCrystalCard","Gash"],"picked":"SKIP","floor":1.0},{"not_picked":["Redo","Aggregate","BasicCrystalCard"],"picked":"SKIP","floor":2.0},{"not_picked":["Beam Cell","ReplayTheSpireMod:System Scan"],"picked":"Sweeping Beam","floor":3.0},{"not_picked":["Meteor Strike","Streamline"],"picked":"Ball Lightning","floor":6.0},{"not_picked":["Tempest","Cold Snap"],"picked":"Glacier","floor":7.0},{"not_picked":["ReplaySort","Leap"],"picked":"Electrodynamics","floor":8.0},{"not_picked":["Lockon","Rebound"],"picked":"Compile Driver","floor":11.0},{"not_picked":["Gash","Streamline"],"picked":"Seek","floor":12.0},{"not_picked":["Darkness","Consume"],"picked":"Crystallizer","floor":13.0},{"not_picked":["Reboot","Rainbow"],"picked":"Biased Cognition","floor":16.0},{"not_picked":["Leap","White Noise"],"picked":"Ball Lightning","floor":18.0},{"not_picked":["ReplayTheSpireMod:GoodbyeWorld","Go for the Eyes+1"],"picked":"Crystallizer","floor":20.0},{"not_picked":["Rip and Tear","ReplayTheSpireMod:Reroute Power"],"picked":"Loop","floor":24.0},{"not_picked":["Steam Power+1","BasicCrystalCard"],"picked":"Tempest","floor":27.0},{"not_picked":["Defragment","Rebound"],"picked":"Steam","floor":31.0},{"not_picked":["Creative AI","Seek"],"picked":"ReplayRNGCard","floor":33.0},{"not_picked":["Heatsinks+1","Tempest+1","Storm+1"],"picked":"SKIP","floor":35.0},{"not_picked":["Madness","Enlightenment"],"picked":"ReplayTheSpireMod:Private Reserves","floor":37.0},{"not_picked":["Magnetism","ReplayTheSpireMod:Private Reserves"],"picked":"Deep Breath","floor":37.0},{"not_picked":["Stack+1","Turbo"],"picked":"FTL","floor":38.0},{"not_picked":["Hologram+1","Aggregate"],"picked":"Chill+1","floor":41.0},{"not_picked":["Go for the Eyes","Hologram","Steam+1"],"picked":"SKIP","floor":44.0},{"not_picked":["Leap+1","Rip and Tear"],"picked":"Time Bomb+1","floor":45.0},{"not_picked":["Ball Lightning","Doom and Gloom+1","Panic Button+1"],"picked":"SKIP","floor":46.0},{"not_picked":["ReplayGash","Conserve Battery"],"picked":"Force Field","floor":54}],"player_experience":184093,"relics_obtained":[{"floor":6.0,"key":"Bronze Scales"},{"floor":8.0,"key":"Gambling Chip"},{"floor":11.0,"key":"Centennial Puzzle"},{"floor":24.0,"key":"Cables"},{"floor":26.0,"key":"Anchor"},{"floor":27.0,"key":"Matryoshka"},{"floor":28.0,"key":"Ring of Peace"},{"floor":41.0,"key":"Calipers"},{"floor":41.0,"key":"Dream Catcher"},{"floor":43.0,"key":"Replay:Baseball"},{"floor":43.0,"key":"Bag of Marbles"},{"floor":46.0,"key":"ReplayFunnel"},{"floor":46.0,"key":"MawBank"},{"floor":54,"key":"Art of War"},{"floor":54,"key":"Durian"}],"event_choices":[{"damage_healed":74.0,"max_hp_gain":0.0,"max_hp_loss":89.0,"gold_gain":0.0,"event_name":"betterThird:BetterShining","player_choice":"Upgrade","floor":5.0,"gold_loss":0.0,"damage_taken":18.0,"cards_upgraded":["Zap","Fission"]},{"damage_healed":0.0,"max_hp_gain":0.0,"max_hp_loss":0.0,"gold_gain":0.0,"event_name":"Vampires","player_choice":"Ignored","floor":19.0,"gold_loss":0.0,"damage_taken":0.0},{"damage_healed":0.0,"max_hp_gain":0.0,"max_hp_loss":0.0,"gold_gain":0.0,"event_name":"The Library","player_choice":"Read","floor":30.0,"gold_loss":0.0,"damage_taken":0.0,"cards_obtained":["Self Repair"]},{"damage_healed":0.0,"max_hp_gain":0.0,"max_hp_loss":0.0,"gold_gain":0.0,"event_name":"Tomb of Lord Red Mask","player_choice":"Ignored","floor":36.0,"gold_loss":0.0,"damage_taken":0.0},{"damage_healed":0.0,"max_hp_gain":0.0,"max_hp_loss":0.0,"gold_gain":0.0,"event_name":"SensoryStone","player_choice":"Memory 2","floor":37.0,"gold_loss":0.0,"damage_taken":5.0},{"cards_removed":["Ball Lightning"],"damage_healed":0.0,"max_hp_gain":0.0,"max_hp_loss":0.0,"gold_gain":0.0,"event_name":"Falling","player_choice":"Removed Attack","floor":47.0,"gold_loss":0.0,"damage_taken":0.0}],"is_beta":false,"boss_relics":[{"not_picked":["Replay:Ancient Bell","Runic Dome"],"picked":"Cursed Key"},{"not_picked":["Coffee Dripper","Ring of Chaos"],"picked":"Black Star"}],"items_purged_floors":[0,14,22,39,53],"is_endless":false,"potions_floor_spawned":[2,3,6,13,18,20,27,35,41,44,46,54],"ascension_level":4}}