{"host":"prxrhpgaxnj4om9r","time":1612973055,"event":{"mods":["AchievementEnabler","BaseMod","DeckTracker","Keyboard Shortcuts","Minty Spire (QoL Compilation)"],"gold_per_floor":[118,118,118,43,63,63,74,74,74,92,125,125,157,172,172,270,270,280,296,6,22,22,22,56,56,82,82,32,48,48,48,48,153,153,171,171,0,12,30,65,0,19,19,0,0,18,37,49,49,49,49,49,11,41,41,41],"floor_reached":55,"language":"KOR","playtime":4024,"items_purged":["Regret"],"score":702,"play_id":"32dfe4a6-e598-40cd-9a82-dd2fcf407fb6","local_time":"20210211010414","is_ascension_mode":false,"campfire_choices":[{"data":"Envenom","floor":6,"key":"SMITH"},{"floor":12,"key":"RECALL"},{"floor":15,"key":"REST"},{"data":"Poisoned Stab","floor":23,"key":"SMITH"},{"data":"Infinite Blades","floor":25,"key":"SMITH"},{"floor":27,"key":"REST"},{"data":"Noxious Fumes","floor":32,"key":"SMITH"},{"floor":45,"key":"REST"},{"data":"Accuracy","floor":49,"key":"SMITH"},{"data":"Eviscerate","floor":52,"key":"SMITH"}],"circlet_count":0,"master_deck":["Strike_G","Strike_G","Strike_G","Strike_G","Defend_G","Defend_G","Defend_G","Defend_G","Defend_G","Survivor","Neutralize","Envenom+1","Escape Plan","Sucker Punch","Poisoned Stab+1","Prepared+1","Deflect+1","Noxious Fumes+1","Outmaneuver+1","Venomology+1","Calculated Gamble+1","Footwork+1","Setup+1","Deadly Poison+1","Infinite Blades+1","Dash+1","Adrenaline+1","Bane+1","PiercingWail+1","Deep Breath+1","Flash of Steel","Distraction+1","Accuracy+1","Outmaneuver+1","Flying Knee","Prepared+1","Malaise+1","Infinite Blades+1","Crippling Poison+1","Eviscerate+1","Skewer+1","Catalyst+1","Leg Sweep+1","Parasite","Quick Slash+1","Backflip+1"],"relics":["Ring of the Serpent","Pen Nib","Toxic Egg 2","Ninja Scroll","Bag of Preparation","Prayer Wheel","Bronze Scales","Oddly Smooth Stone","Meat on the Bone","Busted Crown","Membership Card","Snake Skull","Red Mask","Letter Opener","Bottled Lightning"],"acts_visited":["Exordium","TheCity","TheBeyond","TheEnding"],"potions_floor_usage":[11,16,19,19,21,24,24,29,33,33,33,35,38,39,40,42,46,47,48,50,50,50,50,50,54,55,55],"damage_taken":[{"damage":2,"enemies":"Small Slimes","floor":1,"turns":4},{"damage":2,"enemies":"2 Louse","floor":5,"turns":3},{"damage":0,"enemies":"Cultist","floor":7,"turns":3},{"damage":4,"enemies":"Looter","floor":10,"turns":3},{"damage":3,"enemies":"Lagavulin","floor":11,"turns":5},{"damage":21,"enemies":"3 Sentries","floor":13,"turns":10},{"damage":8,"enemies":"3 Louse","floor":14,"turns":3},{"damage":23,"enemies":"Hexaghost","floor":16,"turns":8},{"damage":16,"enemies":"Chosen","floor":18,"turns":5},{"damage":8,"enemies":"Shell Parasite","floor":19,"turns":5},{"damage":31,"enemies":"Cultist and Chosen","floor":21,"turns":6},{"damage":9,"enemies":"Book of Stabbing","floor":24,"turns":6},{"damage":14,"enemies":"Snake Plant","floor":29,"turns":4},{"damage":12,"enemies":"Champ","floor":33,"turns":9},{"damage":0,"enemies":"3 Darklings","floor":35,"turns":6},{"damage":0,"enemies":"Orb Walker","floor":38,"turns":4},{"damage":0,"enemies":"Transient","floor":39,"turns":5},{"damage":25,"enemies":"Giant Head","floor":40,"turns":8},{"damage":1,"enemies":"3 Darklings","floor":42,"turns":6},{"damage":35,"enemies":"Spire Growth","floor":46,"turns":5},{"damage":0,"enemies":"Transient","floor":47,"turns":5},{"damage":1,"enemies":"Writhing Mass","floor":48,"turns":3},{"damage":56,"enemies":"Awakened One","floor":50,"turns":11},{"damage":28,"enemies":"Shield and Spear","floor":54,"turns":5},{"damage":70,"enemies":"The Heart","floor":55,"turns":5}],"seed_played":"6208859733298565376","potions_obtained":[{"floor":1,"key":"Regen Potion"},{"floor":7,"key":"FearPotion"},{"floor":11,"key":"Weak Potion"},{"floor":16,"key":"CultistPotion"},{"floor":21,"key":"Poison Potion"},{"floor":29,"key":"Dexterity Potion"},{"floor":35,"key":"Dexterity Potion"},{"floor":42,"key":"SteroidPotion"}],"is_trial":false,"path_per_floor":["M","?","?","$","M","R","M","?","T","M","E","R","E","M","R","B",null,"M","M","$","M","?","R","E","R","T","R","?","M","T","$","R","B",null,"M","?","$","M","M","E","?","M","T","$","R","M","M","M","R","B",null,"R","$","E","B"],"character_chosen":"THE_SILENT","items_purchased":["Prayer Wheel","Membership Card","Distraction+1","Crippling Poison+1","LiquidMemories"],"campfire_rested":3,"item_purchase_floors":[20,37,37,44,53],"current_hp_per_floor":[68,68,68,68,66,66,66,66,66,62,59,59,38,30,51,28,70,54,60,60,29,52,52,43,43,43,64,64,50,50,50,50,38,70,70,65,65,65,65,40,40,39,39,39,60,37,52,51,51,29,70,70,70,42,0,0],"gold":41,"neow_bonus":"ONE_RANDOM_RARE_CARD","is_daily":false,"chose_seed":false,"campfire_upgraded":6,"win_rate":0.0,"timestamp":1612973054,"path_taken":["M","?","?","$","M","R","M","?","T","?","E","R","E","M","R","BOSS","M","M","$","M","?","R","E","R","T","R","?","?","?","?","R","BOSS","M","?","?","M","?","E","?","M","T","$","R","M","M","M","R","BOSS","R","$","E","BOSS"],"items_purchased_type":["Relic","Relic","Card","Card","Potion"],"build_version":"2020-12-22","purchased_purges":1,"victory":false,"max_hp_per_floor":[70,70,70,70,70,70,70,70,70,70,70,70,70,70,70,70,70,70,70,70,70,70,70,70,70,70,70,70,70,70,70,70,70,70,70,70,70,70,70,70,70,70,70,70,70,70,70,70,70,70,70,70,70,70,70,70],"card_choices":[{"not_picked":["Riddle With Holes","Backflip"],"picked":"Escape Plan","floor":1},{"not_picked":["Deflect","Cloak And Dagger"],"picked":"Sucker Punch","floor":5},{"not_picked":["PiercingWail","Choke"],"picked":"Poisoned Stab","floor":7},{"not_picked":["Burst+1","Terror+1"],"picked":"Prepared+1","floor":10},{"not_picked":["Finisher","Prepared+1"],"picked":"Deflect+1","floor":11},{"not_picked":["Masterful Stab","Heel Hook"],"picked":"Noxious Fumes","floor":13},{"not_picked":["Caltrops","Poisoned Stab"],"picked":"Outmaneuver+1","floor":14},{"not_picked":["Malaise+1","Die Die Die"],"picked":"Venomology+1","floor":16},{"not_picked":["Flying Knee","Quick Slash"],"picked":"Calculated Gamble+1","floor":18},{"not_picked":["Poisoned Stab","Cloak And Dagger+1"],"picked":"Footwork+1","floor":19},{"not_picked":["Masterful Stab","Skewer+1"],"picked":"Setup+1","floor":21},{"not_picked":["Slice+1","Masterful Stab+1"],"picked":"Deadly Poison+1","floor":21},{"not_picked":["Grand Finale","Choke"],"picked":"Infinite Blades","floor":24},{"not_picked":["Leg Sweep+1","Dagger Throw+1"],"picked":"Dash+1","floor":29},{"not_picked":["Footwork","Masterful Stab","Quick Slash"],"picked":"SKIP","floor":29},{"not_picked":["Storm of Steel+1","Venomology+1"],"picked":"Adrenaline+1","floor":33},{"not_picked":[],"picked":"Bane+1","floor":35},{"not_picked":[],"picked":"PiercingWail+1","floor":35},{"not_picked":[],"picked":"Deep Breath+1","floor":36},{"not_picked":[],"picked":"Flash of Steel","floor":36},{"not_picked":[],"picked":"Accuracy","floor":38},{"not_picked":["Underhanded Strike"],"picked":"SKIP","floor":38},{"not_picked":[],"picked":"Outmaneuver+1","floor":39},{"not_picked":[],"picked":"Flying Knee","floor":39},{"not_picked":[],"picked":"Prepared+1","floor":40},{"not_picked":[],"picked":"Malaise+1","floor":42},{"not_picked":[],"picked":"Infinite Blades+1","floor":42},{"not_picked":[],"picked":"Eviscerate","floor":46},{"not_picked":[],"picked":"Skewer+1","floor":46},{"not_picked":[],"picked":"Catalyst+1","floor":47},{"not_picked":[],"picked":"Leg Sweep+1","floor":47},{"not_picked":[],"picked":"Quick Slash+1","floor":48},{"not_picked":["Outmaneuver+1"],"picked":"SKIP","floor":48},{"not_picked":[],"picked":"Backflip+1","floor":54}],"player_experience":366726,"relics_obtained":[{"floor":9,"key":"Toxic Egg 2"},{"floor":11,"key":"Ninja Scroll"},{"floor":13,"key":"Bag of Preparation"},{"floor":24,"key":"Bronze Scales"},{"floor":30,"key":"Meat on the Bone"},{"floor":40,"key":"Snake Skull"},{"floor":43,"key":"Letter Opener"},{"floor":54,"key":"Bottled Lightning"}],"event_choices":[{"damage_healed":0,"gold_gain":0,"player_choice":"Box","damage_taken":0,"relics_obtained":["Pen Nib"],"max_hp_gain":0,"max_hp_loss":0,"event_name":"Big Fish","floor":2,"gold_loss":0,"cards_obtained":["Regret"]},{"damage_healed":0,"gold_gain":0,"player_choice":"Ignored","damage_taken":0,"max_hp_gain":0,"max_hp_loss":0,"event_name":"Golden Wing","floor":3,"gold_loss":0},{"cards_removed":["Strike_G"],"damage_healed":0,"gold_gain":0,"player_choice":"Card Removal","damage_taken":0,"max_hp_gain":0,"max_hp_loss":0,"event_name":"Wheel of Change","floor":8,"gold_loss":0},{"damage_healed":23,"gold_gain":0,"player_choice":"Heal","damage_taken":0,"max_hp_gain":0,"max_hp_loss":0,"event_name":"The Library","floor":22,"gold_loss":0},{"damage_healed":0,"gold_gain":0,"player_choice":"Paid Gold","damage_taken":0,"relics_obtained":["Oddly Smooth Stone"],"max_hp_gain":0,"max_hp_loss":0,"event_name":"WeMeetAgain","floor":28,"gold_loss":50},{"damage_healed":0,"gold_gain":0,"player_choice":"Memory 2","damage_taken":5,"max_hp_gain":0,"max_hp_loss":0,"event_name":"SensoryStone","floor":36,"gold_loss":0},{"damage_healed":0,"gold_gain":0,"player_choice":"Paid","damage_taken":0,"relics_obtained":["Red Mask"],"max_hp_gain":0,"max_hp_loss":0,"event_name":"Tomb of Lord Red Mask","floor":41,"gold_loss":65}],"is_beta":false,"boss_relics":[{"not_picked":["Snecko Eye","SlaversCollar"],"picked":"Ring of the Serpent"},{"not_picked":["Tiny House","SacredBark"],"picked":"Busted Crown"}],"items_purged_floors":[4],"is_endless":false,"potions_floor_spawned":[1,7,11,16,18,21,29,35,42,47,48],"killed_by":"The Heart","ascension_level":0}}