{"host":"e5ydbbdshmac12xb","time":1612931785,"event":{"mods":["2.2 Compatiblity","Aspiration","BaseMod","Beaked The Cultist","Better Altar","BetterRewards","Clockwork Mod","Colored Map","Conspire","Downfall","Hermit","Highlight Path","Hubris","Infinite Spire","Jedi Mod","Jorbs\u0027s Wanderer Trilogy","Mad Scientist","Minty Spire (QoL Compilation)","READ ME - Guardian Mod","Reliquary","Replay The Spire","Shop Mod","Spikes Relics","StSLib","The Bladedancer","The Construct","The Cursed","The Disciple","The Druid","The Jungle","The Mystic","The Necromancer","The Runesmith","The Senshi","The Servant 0.9.4","Trackpad"],"gold_per_floor":[187,201,221,221,221,15,15,31,43,43,69,89,89,99,119,218,218,18,29,114,126,226,226,226,226,237,237,270,281,281,306,316,416,416,416,431,451,18,18,46,46,65,65,278,288,288,288,299,309,404,404,404,420,420,420,420,420,420,445,445,445,461,311,311,354,386,484,484,514,524,574,947,967,967,1002,1002,1002,1002,1002,1002,1002,1020,1183,1282,1282,1282,1293,1339,1386,1486,1486,1521,1039,1039,1052,1295,1295,1020,732,959,1057,1057,1057,1084,1104,1124,1124,1124,1159,1159,1259,1270,1282,1292,1292,1309,1323,1323,1323,1323],"floor_reached":118,"language":"ENG","playtime":12711,"items_purged":["champ:Defend","Parasite","Pride","Pride","champ:Defend","champ:Strike","champ:Defend","champ:Strike","champ:Defend","Injury"],"score":2397,"play_id":"7ca1d0bc-25a2-4463-8201-3dbae59ba1af","local_time":"20210210043625","is_ascension_mode":false,"campfire_choices":[{"floor":10.0,"key":"RECALL"},{"data":"champ:StrikeOfGenius","floor":18.0,"key":"SMITH"},{"data":"expansioncontent:QuickStudy","floor":23.0,"key":"SMITH"},{"data":"champ:Improvising","floor":25.0,"key":"SMITH"},{"data":"champ:StanceDance","floor":30.0,"key":"SMITH"},{"floor":35.0,"key":"DIG"},{"data":"champ:GladiatorForm","floor":43.0,"key":"SMITH"},{"data":"champ:UltimateStance","floor":52.0,"key":"SMITH"},{"data":"champ:StrikeOfGenius","floor":57.0,"key":"SMITH"},{"data":"infinitespire:UltimateForm","floor":61.0,"key":"SMITH"},{"data":"infinitespire:NeuralNetwork","floor":64.0,"key":"SMITH"},{"data":"infinitespire:Collect","floor":81.0,"key":"SMITH"},{"data":"champ:StrikeOfGenius","floor":97,"key":"SMITH"},{"data":"expansioncontent:Chronoboost","floor":103,"key":"SMITH"},{"data":"ReplayUltimateDefense","floor":110,"key":"SMITH"}],"circlet_count":0,"master_deck":["champ:Execute","champ:Taunt","champ:PreciseThrust","champ:CalledShot","champ:DancingMaster+1","expansioncontent:QuickStudy+1","champ:FlashCut","champ:AdrenalArmor","champ:SkillfulDodge","champ:GladiatorStyle","champ:Endure","champ:BringItOn","champ:StrikeOfGenius+1","champ:ShieldSlam+1","champ:Improvising+1","champ:ShieldWall","champ:Circumvent+1","champ:IronFortress+1","champ:StanceDance+1","champ:StanceDance","champ:FalseCounter","champ:GladiatorForm+1","champ:EndlessRage+1","champ:RisingSlash+1","champ:StrikeOfGenius+1","champ:BerserkersShout+1","infinitespire:UltimateForm+1","infinitespire:NeuralNetwork+1","champ:SkillfulDodge","champ:IgnorePain+1","champ:UltimateStance+1","champ:HeavySlash+1","champ:HeavySlash","champ:DeathBlow","champ:BerserkersShout","champ:AdrenalArmor","infinitespire:Collect+1","champ:LastStand","champ:Endure","champ:Improvising+1","champ:PreciseThrust","champ:BringItOn","champ:GladiatorStyle","champ:GutPunch","champ:RisingSlash","champ:Shatter+1","champ:StrikeOfGenius+1","champ:FocusedBerserking","champ:CrownThrow+1","champ:PreciseThrust+1","ReplayUltimateDefense+1","champ:GladiatorStyle","champ:BringItOn","expansioncontent:QuickStudy","champ:IronFortress","champ:PerfectedStrike+1","expansioncontent:Chronoboost+1","champ:IgnorePain","champ:Duel","champ:Devastate","infinitespire:UltimateForm+1","champ:RapidStrikes","champ:UltimateStance","champ:EndlessRage+1","ReplayTheSpireMod:Book of Names+1"],"relics":["conspire:RoyalGoblet","ReplayTheSpireMod:Ring of Collecting","Ring of Peace","hubris:Towel","Ring of Fury","Oddly Smooth Stone","jedi:gremlinknob","jedi:paperlyon","downfall:HeartBlessingRed","downfall:HeartBlessingGreen","champ:BlackKnightHelmet","Ring of Searing","infinitespire:Bottled Soul","trackpad:DisasterInABottle","trackpad:ZombieHeart","SlaversCollar","hubris:TenFootPole","Membership Card","Calipers","reliquary:Stiletto","trackpad:HandOfMidas","WingedGreaves","InkBottle","hubris:RunicObelisk","trackpad:Coffee","War Paint","champ:DefensiveTrainingManual","conspire:SlowCooker","Ring of Hypnosis","Blood Vial","conspire:TopHat","Replay:Grab Bag","CosmicIsotope","Replay:Fungal Core","Black Star","hubris:SlimyHat","Medical Kit","infinitespire:Broken Mirror","Pocketwatch","jedi:archwizardhat","infinitespire:PuzzleCube","conspire:RunicOctahedron","hubris:64BitClover","WizardHat","Replay:Wanted Poster","Meat on the Bone","champ:FightingForDummies","MerchantsRug","Strange Spoon","SpikesRelics:DaevaFist","reliquary:RosewoodLute","Bottled Tornado","Painkiller Herb","Boot","Frozen Egg 2","CloakClasp","conspire:Dentures","SacredBark"],"acts_visited":["Exordium","TheCity","TheBeyond","TheCity","TheBeyond","Exordium"],"potions_floor_usage":[],"damage_taken":[{"damage":10.0,"enemies":"2 Louse","floor":2.0,"turns":2.0},{"damage":10.0,"enemies":"Jaw Worm","floor":3.0,"turns":3.0},{"damage":10.0,"enemies":"downfall:FleeingMerchant","floor":6.0,"turns":4.0},{"damage":1.0,"enemies":"Small Slimes","floor":8.0,"turns":3.0},{"damage":0.0,"enemies":"2 Fungi Beasts","floor":9.0,"turns":4.0},{"damage":23.0,"enemies":"3 Sentries","floor":11.0,"turns":4.0},{"damage":20.0,"enemies":"Large Slime","floor":12.0,"turns":5.0},{"damage":19.0,"enemies":"Exordium Wildlife","floor":14.0,"turns":4.0},{"damage":10.0,"enemies":"Exordium Thugs","floor":15.0,"turns":4.0},{"damage":12.0,"enemies":"SI_SHIV_ARCHETYPE","floor":16.0,"turns":9.0},{"damage":10.0,"enemies":"Shell Parasite","floor":19.0,"turns":4.0},{"damage":28.0,"enemies":"3 Byrds","floor":21.0,"turns":6.0},{"damage":19.0,"enemies":"3 Byrds","floor":22.0,"turns":8.0},{"damage":0.0,"enemies":"Cultist and Chosen","floor":26.0,"turns":6.0},{"damage":37.0,"enemies":"Book of Stabbing","floor":28.0,"turns":4.0},{"damage":0.0,"enemies":"Sentry and Sphere","floor":29.0,"turns":3.0},{"damage":33.0,"enemies":"Nightmare","floor":31.0,"turns":5.0},{"damage":26.0,"enemies":"Centurion and Healer","floor":32.0,"turns":5.0},{"damage":26.0,"enemies":"IC_MUSHROOM_ARCHETYPE","floor":33.0,"turns":5.0},{"damage":26.0,"enemies":"3 Shapes","floor":36.0,"turns":5.0},{"damage":62.0,"enemies":"3 Darklings","floor":37.0,"turns":11.0},{"damage":0.0,"enemies":"downfall:FleeingMerchant","floor":38.0,"turns":4.0},{"damage":26.0,"enemies":"Giant Head","floor":40.0,"turns":8.0},{"damage":10.0,"enemies":"Writhing Mass","floor":42.0,"turns":5.0},{"damage":11.0,"enemies":"Maw","floor":44.0,"turns":3.0},{"damage":10.0,"enemies":"Transient","floor":45.0,"turns":5.0},{"damage":7.0,"enemies":"4 Shapes","floor":48.0,"turns":5.0},{"damage":0.0,"enemies":"Jaw Worm Horde","floor":49.0,"turns":1.0},{"damage":75.0,"enemies":"WA_ARCHETYPE_DIVINITY","floor":50.0,"turns":10.0},{"damage":35.0,"enemies":"2 Louse","floor":53.0,"turns":4.0},{"damage":10.0,"enemies":"Gremlin Nob","floor":59.0,"turns":4.0},{"damage":0.0,"enemies":"Cultist","floor":62.0,"turns":3.0},{"damage":11.0,"enemies":"Jaw Worm","floor":65.0,"turns":3.0},{"damage":37.0,"enemies":"Gremlin Gang","floor":66.0,"turns":3.0},{"damage":9.0,"enemies":"Hexaghost","floor":67.0,"turns":4.0},{"damage":69.0,"enemies":"conspire:MimicChest","floor":69.0,"turns":4.0},{"damage":38.0,"enemies":"Spheric Guardian","floor":70.0,"turns":3.0},{"damage":37.0,"enemies":"3 Byrds","floor":71.0,"turns":5.0},{"damage":1.0,"enemies":"downfall:FleeingMerchant","floor":72.0,"turns":2.0},{"damage":46.0,"enemies":"Centurion and Healer","floor":73.0,"turns":5.0},{"damage":0.0,"enemies":"conspire:SneckoGhost","floor":75.0,"turns":1.0},{"damage":12.0,"enemies":"Chosen and Byrds","floor":82.0,"turns":5.0},{"damage":1.0,"enemies":"Cultist and Chosen","floor":83.0,"turns":2.0},{"damage":111.0,"enemies":"hubris:MusketHawk","floor":84.0,"turns":6.0},{"damage":22.0,"enemies":"3 Shapes","floor":87.0,"turns":3.0},{"damage":34,"enemies":"3 Darklings","floor":88,"turns":3},{"damage":76,"enemies":"2 Orb Walkers","floor":89,"turns":3},{"damage":81,"enemies":"Reptomancer","floor":92,"turns":3},{"damage":0,"enemies":"4 Shapes","floor":95,"turns":1},{"damage":0,"enemies":"Spire Growth","floor":96,"turns":1},{"damage":35,"enemies":"Maw","floor":100,"turns":3},{"damage":50,"enemies":"Time Eater","floor":101,"turns":6},{"damage":61,"enemies":"Small Slimes","floor":104,"turns":4},{"damage":0,"enemies":"Jaw Worm","floor":105,"turns":1},{"damage":44,"enemies":"conspire:RoseBush","floor":106,"turns":2},{"damage":20,"enemies":"Replay:BlueRogue","floor":109,"turns":2},{"damage":5,"enemies":"Replay:BlueRogue","floor":111,"turns":3},{"damage":35,"enemies":"Large Slime","floor":112,"turns":2},{"damage":46,"enemies":"Lots of Slimes","floor":113,"turns":3},{"damage":5,"enemies":"Exordium Wildlife","floor":114,"turns":3},{"damage":30,"enemies":"Blue Slaver","floor":116,"turns":2},{"damage":0,"enemies":"2 Fungi Beasts","floor":117,"turns":1},{"damage":170,"enemies":"Hexaghost","floor":118,"turns":2}],"seed_played":"-466117738746018560","potions_obtained":[{"floor":3.0,"key":"champ:CounterPotion"},{"floor":11.0,"key":"SneckoOil"},{"floor":14.0,"key":"SpeedPotion"},{"floor":15.0,"key":"jedi:wingpotion"},{"floor":16.0,"key":"Adrenaline Potion"},{"floor":19.0,"key":"champ:TechniquePotion"},{"floor":22.0,"key":"Adrenaline Potion"},{"floor":32.0,"key":"Dexterity Potion"},{"floor":40.0,"key":"Block Potion"},{"floor":42.0,"key":"Fire Potion"},{"floor":45.0,"key":"Fire Potion"},{"floor":48.0,"key":"SpeedPotion"},{"floor":49.0,"key":"jedi:wingpotion"},{"floor":59.0,"key":"jedi:tentaclejuice"},{"floor":62.0,"key":"Swift Potion"},{"floor":66.0,"key":"Block Potion"},{"floor":71.0,"key":"Explosive Potion"},{"floor":83.0,"key":"Explosive Potion"},{"floor":86.0,"key":"champ:CounterPotion"},{"floor":86.0,"key":"construct:ShiftPotion"},{"floor":87.0,"key":"Explosive Potion"},{"floor":95,"key":"LiquidBronze"},{"floor":104,"key":"Reflective Coating"},{"floor":105,"key":"conspire:TimeTravelPotion"}],"is_trial":false,"path_per_floor":["R_BF","M","M","?","?","$","T","M","M","R","E","M","?","M","M","B",null,"R","M","?","M","?","R","T","R","M","?","E","M","R","NM","M","B",null,"R_BF","M","M","$","?","E","T","M","R","M","M","AVR","?","M","M","B",null,"R","M","?","AVR","?","R","T","E","?","R","M","?","R","M","M","B",null,"R_BF","M","M","$","M","AVR","E","?","?","R","?","?","R","M","M","B",null,"R_BF","M","M","?","AVR","?","E","$","?","M","M","R","?","$","M","B",null,"T","?","?","?","?","?","E","T","?","?","?","?","AVR","?","?","B"],"character_chosen":"THE_CHAMP","items_purchased":["expansioncontent:QuickStudy","Membership Card","Calipers","reliquary:Stiletto","Medical Kit","infinitespire:Broken Mirror","Pocketwatch","champ:GladiatorStyle","Fruit Juice","Meat on the Bone","champ:FightingForDummies","MerchantsRug","ReplayUltimateDefense","Strange Spoon","SpikesRelics:DaevaFist","expansioncontent:QuickStudy","champ:IronFortress","reliquary:RosewoodLute","champ:PerfectedStrike+1","expansioncontent:Chronoboost","Bottled Tornado"],"campfire_rested":0,"item_purchase_floors":[6,38,38,38,72,72,72,72,72,93,93,93,93,93,98,98,98,99,99,99,99],"current_hp_per_floor":[90,90,90,90,90,90,90,90,90,90,87,90,90,90,90,90,90,90,90,72,64,55,55,55,55,65,65,53,63,63,40,56,51,93,93,80,55,65,48,78,78,69,69,69,80,80,80,82,82,58,114,114,91,83,83,83,83,83,76,76,76,79,128,128,118,117,134,134,135,128,129,136,114,114,116,116,116,116,116,116,116,108,116,78,152,152,155,147,130,130,130,107,107,107,109,112,112,112,112,120,128,167,167,138,141,125,125,105,108,108,132,135,111,140,140,138,140,0,0,0],"gold":1323,"neow_bonus":"BOSS_RELIC","is_daily":false,"chose_seed":false,"campfire_upgraded":13,"win_rate":0.0,"timestamp":1612931785,"path_taken":["R_BF","M","M","?","?","$","T","M","M","R","E","M","?","M","M","BOSS","R","M","?","M","?","R","T","R","?","?","E","M","R","NM","M","BOSS","R_BF","M","M","$","?","E","T","M","R","?","?","AVR","?","?","M","BOSS","R","M","?","AVR","?","R","T","E","?","R","M","?","R","?","M","BOSS","R_BF","M","M","$","M","AVR","E","?","?","R","?","?","R","?","M","BOSS","R_BF","M","M","?","AVR","?","E","$","?","?","M","R","?","$","M","BOSS","T","?","?","?","?","?","E","T","?","?","?","?","AVR","?","?","BOSS"],"items_purchased_type":["Card","Relic","Relic","Relic","Relic","Relic","Relic","Card","Potion","Relic","Relic","Relic","Card","Relic","Relic","Card","Card","Relic","Card","Card","Relic"],"build_version":"2020-12-22","purchased_purges":10,"victory":false,"max_hp_per_floor":[90,90,90,90,90,90,90,90,90,90,90,90,90,90,90,90,90,90,90,90,90,90,90,90,90,90,90,90,90,90,90,92,93,93,93,96,108,108,108,109,109,110,110,111,112,109,109,113,113,114,114,114,116,116,116,116,116,116,117,117,117,118,128,128,129,133,134,134,135,136,139,145,147,147,147,147,147,147,147,147,147,149,151,152,152,152,155,161,163,163,163,164,164,164,164,165,165,165,165,166,167,167,167,169,170,171,171,171,172,172,174,175,180,182,182,183,183,183,183,183],"card_choices":[{"not_picked":["champ:Shatter","champ:Haymaker"],"picked":"champ:PreciseThrust","floor":2.0},{"not_picked":["champ:BerserkersShout","champ:Lariat"],"picked":"champ:CalledShot","floor":3.0},{"not_picked":["champ:PreciseThrust","champ:SetATrap"],"picked":"champ:DancingMaster","floor":6.0},{"not_picked":["champ:Shatter","champ:DefensiveShout"],"picked":"champ:FlashCut","floor":8.0},{"not_picked":["champ:CrownThrow","champ:BerserkersShout"],"picked":"champ:AdrenalArmor","floor":9.0},{"not_picked":["champ:PreemptiveStrike","champ:PerfectedStrike"],"picked":"champ:SkillfulDodge","floor":11.0},{"not_picked":["champ:StanceDance","champ:RisingSlash"],"picked":"champ:GladiatorStyle","floor":12.0},{"not_picked":["champ:FlashCut","champ:CrownThrow"],"picked":"champ:Endure","floor":14.0},{"not_picked":["champ:PerfectedStrike","champ:CrownThrow"],"picked":"champ:BringItOn","floor":15.0},{"not_picked":["champ:VampiricStrike","champ:TripleStrike"],"picked":"champ:StrikeOfGenius","floor":16.0},{"not_picked":["champ:Endure","champ:FanOfKnives"],"picked":"champ:ShieldSlam","floor":19.0},{"not_picked":["champ:ShieldWall+1","champ:PreemptiveStrike"],"picked":"champ:Improvising","floor":21.0},{"not_picked":["champ:GutPunch","champ:Shatter"],"picked":"champ:ShieldWall","floor":22.0},{"not_picked":["champ:Haymaker","champ:BringItOn"],"picked":"champ:Circumvent+1","floor":26.0},{"not_picked":["champ:BringItOn","champ:PerfectedStrike+1"],"picked":"champ:IronFortress+1","floor":28.0},{"not_picked":["champ:FlashCut","champ:DefensiveShout"],"picked":"champ:StanceDance","floor":29.0},{"not_picked":["champ:PreciseThrust","champ:TornadoPunch"],"picked":"champ:StanceDance","floor":31.0},{"not_picked":["champ:StanceDance","champ:DefensiveShout"],"picked":"champ:FalseCounter","floor":32.0},{"not_picked":["champ:Devastate","champ:LastStand"],"picked":"champ:GladiatorForm","floor":33.0},{"not_picked":["champ:GladiatorStyle","champ:Haymaker+1"],"picked":"champ:EndlessRage+1","floor":36.0},{"not_picked":["champ:FaceSlap","champ:Encircle+1"],"picked":"champ:RisingSlash+1","floor":37.0},{"not_picked":["champ:PreciseThrust","champ:SetATrap+1"],"picked":"champ:FocusedDefense","floor":38.0},{"not_picked":["champ:Shatter","champ:FalseCounter","champ:BringItOn"],"picked":"SKIP","floor":40.0},{"not_picked":["champ:Encircle","champ:SkillfulDodge"],"picked":"champ:StrikeOfGenius","floor":42.0},{"not_picked":["champ:EnGarde+1","champ:PerfectedStrike"],"picked":"champ:BerserkersShout+1","floor":44.0},{"not_picked":["champ:Parry","champ:CrookedStrike+1","champ:BringItOn+1"],"picked":"SKIP","floor":45.0},{"not_picked":["champ:Parry","champ:CrookedStrike+1","champ:BringItOn+1"],"picked":"SKIP","floor":45.0},{"not_picked":["champ:Endure+1","champ:BerserkersShout+1"],"picked":"champ:SkillfulDodge","floor":48.0},{"not_picked":["champ:FlashCut","champ:Haymaker"],"picked":"champ:IgnorePain","floor":49.0},{"not_picked":["champ:DancingMaster","champ:ShieldThrow"],"picked":"champ:UltimateStance","floor":50.0},{"not_picked":["champ:DefensiveShout","champ:TornadoPunch"],"picked":"champ:PreciseThrust","floor":53.0},{"not_picked":["champ:DefensiveShout","champ:ShieldSlam"],"picked":"champ:HeavySlash","floor":59.0},{"not_picked":["champ:BringItOn","champ:FalseCounter"],"picked":"champ:DeathBlow","floor":62.0},{"not_picked":["champ:RisingSlash","champ:RapidStrikes"],"picked":"champ:BerserkersShout","floor":65.0},{"not_picked":["champ:EnGarde","champ:Shatter"],"picked":"champ:AdrenalArmor","floor":66.0},{"not_picked":["ReplayTheSpireMod:Chaos Vortex","infinitespire:SevenWalls"],"picked":"infinitespire:Collect","floor":67.0},{"not_picked":["champ:HoldFirm","champ:UltimateStance"],"picked":"champ:LastStand","floor":67.0},{"not_picked":["champ:Shatter","champ:BerserkersShout"],"picked":"champ:Endure","floor":69.0},{"not_picked":["champ:RecklessLeap","champ:EnragedBash"],"picked":"champ:Improvising","floor":70.0},{"not_picked":["champ:Shatter","champ:DeathBlow"],"picked":"champ:PreciseThrust","floor":71.0},{"not_picked":["champ:FalseCounter","champ:ShieldSlam"],"picked":"champ:BringItOn","floor":72.0},{"not_picked":["champ:EnGarde","champ:PreciseThrust","champ:BladeFlurry"],"picked":"SKIP","floor":73.0},{"not_picked":["champ:DeathBlow","champ:SkillfulDodge"],"picked":"champ:GutPunch","floor":75.0},{"not_picked":["champ:RapidStrikes","champ:AdrenalArmor+1"],"picked":"champ:RisingSlash","floor":82.0},{"not_picked":["champ:GutPunch","champ:Lariat"],"picked":"champ:Shatter+1","floor":83.0},{"not_picked":["champ:Improvising","champ:IgnorePain"],"picked":"champ:StrikeOfGenius","floor":84.0},{"not_picked":["champ:FlashCut","champ:SkillfulDodge"],"picked":"champ:FocusedBerserking","floor":87.0},{"not_picked":["champ:TornadoPunch","champ:SwordThrow"],"picked":"champ:CrownThrow+1","floor":88},{"not_picked":["champ:FocusedDefense+1","champ:Lariat"],"picked":"champ:PreciseThrust+1","floor":92},{"not_picked":["champ:FaceSlap+1","champ:DefensiveShout","champ:PerfectedStrike"],"picked":"SKIP","floor":95},{"not_picked":["champ:BerserkersShout","champ:Backstep"],"picked":"champ:BringItOn","floor":96},{"not_picked":["champ:FlashCut+1","champ:EnGarde+1","champ:TornadoPunch"],"picked":"SKIP","floor":100},{"not_picked":["champ:CheapShot","champ:HeavySlash"],"picked":"champ:IgnorePain","floor":101},{"not_picked":["champ:BerserkersShout","champ:Shatter"],"picked":"champ:Duel","floor":104},{"not_picked":["champ:EndlessRage","champ:CrookedStrike","champ:PreciseThrust"],"picked":"SKIP","floor":105},{"not_picked":["champ:SetATrap","champ:ArenaPreparation"],"picked":"champ:Devastate","floor":106},{"not_picked":["infinitespire:Starlight","infinitespire:FinalStrike"],"picked":"infinitespire:UltimateForm","floor":108},{"not_picked":["champ:Shatter","champ:BladeFlurry"],"picked":"champ:RapidStrikes","floor":109},{"not_picked":["champ:AdrenalArmor","champ:ShieldSlam"],"picked":"champ:UltimateStance","floor":112},{"not_picked":["champ:TornadoPunch","champ:Endure"],"picked":"champ:EndlessRage+1","floor":113},{"not_picked":["champ:PreemptiveStrike","champ:BerserkersShout","champ:DefensiveShout"],"picked":"SKIP","floor":114},{"not_picked":["champ:PreciseThrust","champ:GutPunch","champ:Duel"],"picked":"SKIP","floor":116},{"not_picked":["champ:EnragedBash","champ:CheapShot","champ:DeathBlow"],"picked":"SKIP","floor":117}],"player_experience":504845,"relics_obtained":[{"floor":4.0,"key":"ReplayTheSpireMod:Ring of Collecting"},{"floor":4.0,"key":"Ring of Peace"},{"floor":7.0,"key":"Ring of Fury"},{"floor":7.0,"key":"Oddly Smooth Stone"},{"floor":11.0,"key":"jedi:gremlinknob"},{"floor":22.0,"key":"champ:BlackKnightHelmet"},{"floor":22.0,"key":"hubris:CrystalStatue"},{"floor":24.0,"key":"Ring of Searing"},{"floor":24.0,"key":"infinitespire:Bottled Soul"},{"floor":28.0,"key":"trackpad:DisasterInABottle"},{"floor":31.0,"key":"trackpad:ZombieHeart"},{"floor":35.0,"key":"hubris:TenFootPole"},{"floor":40.0,"key":"trackpad:HandOfMidas"},{"floor":41.0,"key":"WingedGreaves"},{"floor":58.0,"key":"Ring of Hypnosis"},{"floor":58.0,"key":"Blood Vial"},{"floor":60.0,"key":"conspire:TopHat"},{"floor":69.0,"key":"hubris:SlimyHat"},{"floor":79.0,"key":"infinitespire:PuzzleCube"},{"floor":89,"key":"hubris:64BitClover"},{"floor":106,"key":"Boot"},{"floor":111,"key":"CloakClasp"}],"event_choices":[{"cards_removed":["champ:Strike"],"damage_healed":0.0,"max_hp_gain":0.0,"max_hp_loss":0.0,"gold_gain":0.0,"event_name":"Falling","player_choice":"Removed Attack","floor":47.0,"gold_loss":0.0,"damage_taken":0.0},{"damage_healed":0.0,"max_hp_gain":0.0,"max_hp_loss":0.0,"gold_gain":0.0,"event_name":"Scrap Ooze","player_choice":"Success","floor":54.0,"gold_loss":0.0,"damage_taken":18.0,"relics_obtained":["War Paint"]},{"damage_healed":0.0,"max_hp_gain":0.0,"max_hp_loss":0.0,"gold_gain":0.0,"event_name":"conspire:Investor","player_choice":"Leave","floor":77.0,"gold_loss":0.0,"damage_taken":0.0},{"damage_healed":0,"gold_gain":0,"player_choice":"Fight","damage_taken":0,"max_hp_gain":0,"max_hp_loss":0,"event_name":"Mysterious Sphere","floor":89,"gold_loss":0},{"cards_removed":["champ:FocusedDefense"],"damage_healed":0,"gold_gain":0,"player_choice":"Removed Skill","damage_taken":0,"max_hp_gain":0,"max_hp_loss":0,"event_name":"Falling","floor":91,"gold_loss":0}],"is_beta":false,"boss_relics":[{"not_picked":["aspiration:RunesmithSkillbook","reliquary:Ember"],"picked":"jedi:paperlyon"},{"not_picked":["Honey Jar","Replay:Drink Me"],"picked":"SlaversCollar"},{"not_picked":["Pandora\u0027s Box","jedi:battlestandard"],"picked":"trackpad:Coffee"},{"not_picked":["ChewingGum","reliquary:Ember"],"picked":"Replay:Grab Bag"},{"not_picked":["bronze:MakeshiftBattery","reliquary:KinkedSpring"],"picked":"CosmicIsotope"},{"not_picked":["hubris:GrandSneckoEye","jedi:hotpepper"],"picked":"Replay:Fungal Core"},{"not_picked":["aspiration:ServantSkillbook","Runic Pyramid"],"picked":"Black Star"},{"not_picked":["aspiration:MobileForge","aspiration:SecretTechniqueScroll"],"picked":"conspire:RunicOctahedron"},{"not_picked":["Fusion Hammer","aspiration:RitualDagger"],"picked":"Painkiller Herb"}],"items_purged_floors":[38,46,55,72,74,90,93,98,99,115],"is_endless":true,"potions_floor_spawned":[3,11,14,15,16,19,21,22,32,40,42,45,48,49,59,62,66,69,71,83,87,89,95,104,105,109,113],"killed_by":"Hexaghost","ascension_level":0}}