{"host":"jegehu1t82aiec5j","time":1612970935,"event":{"mods":["BaseMod","Colored Map","Minty Spire (QoL Compilation)","Relic Stats","StSLib"],"gold_per_floor":[110,110,110,128,128,128,143,155,236,250,280,280,290,45,45,147,147,167,167,186,1,1,33,33,58,106,26,42,42,61,61,61,162,162,172,187,29,81,92,118,132,132,132,12,31,64,286,286,286,286],"floor_reached":51,"language":"ENG","playtime":1187,"items_purged":["Defend_R","Strike_R","Strike_R","Strike_R"],"score":840,"play_id":"48b73c6d-a4a0-4758-adca-e292e713b162","local_time":"20210210102855","is_ascension_mode":false,"campfire_choices":[{"data":"Bash","floor":6,"key":"SMITH"},{"data":"Strike_R","floor":12,"key":"SMITH"},{"data":"Whirlwind","floor":15,"key":"SMITH"},{"data":"Flex","floor":24,"key":"SMITH"},{"data":"Dropkick","floor":29,"key":"SMITH"},{"floor":32,"key":"REST"},{"data":"Whirlwind","floor":42,"key":"SMITH"},{"floor":49,"key":"REST"}],"circlet_count":0,"master_deck":["Strike_R+1","Defend_R+1","Bash+1","Dropkick+1","Whirlwind+1","Double Tap","Flex+1","Offering+1","Flex+1","Whirlwind+1","Battle Trance+1"],"relics":["Burning Blood","NeowsBlessing","WarpedTongs","The Courier","Chemical X","SlaversCollar","Brimstone","MutagenicStrength","Art of War","Red Mask","Oddly Smooth Stone","Philosopher\u0027s Stone","Pantograph","Mercury Hourglass","War Paint"],"acts_visited":["Exordium","TheCity","TheBeyond"],"potions_floor_usage":[16,20,50],"damage_taken":[{"damage":0,"enemies":"Small Slimes","floor":1,"turns":1},{"damage":0,"enemies":"Cultist","floor":4,"turns":1},{"damage":0,"enemies":"Jaw Worm","floor":7,"turns":1},{"damage":30,"enemies":"Exordium Wildlife","floor":8,"turns":4},{"damage":3,"enemies":"2 Fungi Beasts","floor":10,"turns":3},{"damage":16,"enemies":"Large Slime","floor":13,"turns":3},{"damage":22,"enemies":"The Guardian","floor":16,"turns":7},{"damage":0,"enemies":"3 Byrds","floor":18,"turns":1},{"damage":10,"enemies":"Spheric Guardian","floor":20,"turns":3},{"damage":0,"enemies":"Gremlin Leader","floor":23,"turns":2},{"damage":12,"enemies":"Masked Bandits","floor":25,"turns":2},{"damage":0,"enemies":"Chosen and Byrds","floor":28,"turns":1},{"damage":9,"enemies":"Centurion and Healer","floor":30,"turns":2},{"damage":46,"enemies":"Automaton","floor":33,"turns":5},{"damage":3,"enemies":"3 Shapes","floor":35,"turns":1},{"damage":0,"enemies":"3 Darklings","floor":36,"turns":1},{"damage":45,"enemies":"2 Orb Walkers","floor":38,"turns":3},{"damage":0,"enemies":"Spire Growth","floor":39,"turns":2},{"damage":6,"enemies":"Giant Head","floor":40,"turns":2},{"damage":15,"enemies":"4 Shapes","floor":41,"turns":1},{"damage":6,"enemies":"Writhing Mass","floor":45,"turns":1},{"damage":6,"enemies":"Reptomancer","floor":46,"turns":1},{"damage":6,"enemies":"Donu and Deca","floor":50,"turns":1}],"seed_played":"-4003123034129462399","potions_obtained":[{"floor":7,"key":"ElixirPotion"},{"floor":8,"key":"Fruit Juice"},{"floor":13,"key":"FairyPotion"},{"floor":16,"key":"SkillPotion"},{"floor":20,"key":"SkillPotion"},{"floor":28,"key":"LiquidMemories"},{"floor":38,"key":"Regen Potion"}],"is_trial":false,"path_per_floor":["M","?","$","M","?","R","M","M","T","M","?","R","M","$","R","B",null,"M","?","M","$","?","E","R","?","T","$","M","R","M","?","R","B",null,"M","M","$","?","M","E","M","R","T","$","M","E","?","?","R","B",null],"character_chosen":"IRONCLAD","items_purchased":["Dropkick","Chemical X","Whirlwind","Brimstone","Whirlwind"],"campfire_rested":2,"item_purchase_floors":[14,14,14,21,37],"current_hp_per_floor":[80,73,73,79,79,79,80,56,56,59,59,59,49,49,49,33,80,80,80,81,81,81,85,85,79,79,79,85,85,82,66,90,50,90,90,90,90,51,57,57,48,48,48,48,48,48,48,48,75,90],"gold":286,"neow_bonus":"THREE_ENEMY_KILL","is_daily":false,"chose_seed":false,"campfire_upgraded":6,"win_rate":0.0,"timestamp":1612970935,"path_taken":["M","?","$","M","?","R","?","M","T","M","?","R","M","$","R","BOSS","M","?","M","$","?","E","R","?","T","$","M","R","M","?","R","BOSS","M","M","$","?","M","E","M","R","T","$","M","E","?","?","R","BOSS"],"items_purchased_type":["Card","Relic","Card","Relic","Card"],"build_version":"2020-12-22","purchased_purges":4,"victory":true,"max_hp_per_floor":[80,80,80,80,80,80,80,80,80,80,80,80,80,80,80,80,80,80,80,85,85,85,85,85,85,85,85,85,85,85,90,90,90,90,90,90,90,90,90,90,90,90,90,90,90,90,90,90,90,90],"relic_stats":{"counters":[23,49],"Pantograph":15,"Art of War":[0],"Chemical X":[34],"War Paint":["Offering","Defend_R"],"obtain_stats":[{"NeowsBlessing":0,"Oddly Smooth Stone":26,"The Courier":9,"War Paint":46,"Burning Blood":0,"WarpedTongs":1,"Mercury Hourglass":43,"SlaversCollar":17,"Brimstone":21,"MutagenicStrength":22,"Pantograph":40,"Philosopher\u0027s Stone":34,"Art of War":23,"Red Mask":25,"Chemical X":14},{"NeowsBlessing":0,"Oddly Smooth Stone":11,"The Courier":4,"War Paint":22,"Burning Blood":0,"WarpedTongs":1,"Mercury Hourglass":20,"SlaversCollar":7,"Brimstone":9,"MutagenicStrength":9,"Pantograph":19,"Philosopher\u0027s Stone":14,"Art of War":10,"Red Mask":11,"Chemical X":6},{"NeowsBlessing":0,"Oddly Smooth Stone":28,"The Courier":7,"War Paint":48,"Burning Blood":0,"WarpedTongs":1,"Mercury Hourglass":46,"SlaversCollar":20,"Brimstone":24,"MutagenicStrength":24,"Pantograph":45,"Philosopher\u0027s Stone":36,"Art of War":26,"Red Mask":28,"Chemical X":13}],"Burning Blood":110,"WarpedTongs":[47],"Mercury Hourglass":[18]},"card_choices":[{"not_picked":["Flex","Havoc","Warcry"],"picked":"SKIP","floor":1},{"not_picked":["Iron Wave","Anger","Intimidate"],"picked":"SKIP","floor":4},{"not_picked":["Intimidate","Twin Strike","Warcry"],"picked":"SKIP","floor":7},{"not_picked":["Cleave","Rampage","Clash"],"picked":"SKIP","floor":8},{"not_picked":["Headbutt","Double Tap","Intimidate"],"picked":"SKIP","floor":10},{"not_picked":["Blood for Blood","Dark Embrace","Dual Wield"],"picked":"SKIP","floor":13},{"not_picked":["Brutality","Impervious"],"picked":"Double Tap","floor":16},{"not_picked":["Pommel Strike","Perfected Strike+1","True Grit"],"picked":"SKIP","floor":18},{"not_picked":["Hemokinesis","Dual Wield","Body Slam"],"picked":"SKIP","floor":20},{"not_picked":["Feel No Pain","Sever Soul"],"picked":"Flex","floor":23},{"not_picked":["Thunderclap+1","Clothesline+1","Demon Form"],"picked":"SKIP","floor":28},{"not_picked":["Cleave","Shrug It Off","Thunderclap"],"picked":"SKIP","floor":30},{"not_picked":["Juggernaut","Double Tap"],"picked":"Offering","floor":33},{"not_picked":["Perfected Strike","Metallicize+1"],"picked":"Flex+1","floor":35},{"not_picked":["Ghostly Armor+1","Inflame+1","Dropkick+1"],"picked":"SKIP","floor":36},{"not_picked":["Bloodletting","Shrug It Off+1","Cleave+1"],"picked":"SKIP","floor":39},{"not_picked":["Thunderclap","Dark Embrace"],"picked":"Battle Trance+1","floor":40},{"not_picked":["Havoc+1","Battle Trance","Shrug It Off+1"],"picked":"SKIP","floor":41},{"not_picked":["Warcry","Rampage+1","True Grit"],"picked":"SKIP","floor":45},{"not_picked":["Power Through","Sever Soul","Heavy Blade"],"picked":"SKIP","floor":46}],"player_experience":2600015,"relics_obtained":[{"floor":9,"key":"The Courier"},{"floor":23,"key":"Art of War"},{"floor":25,"key":"Red Mask"},{"floor":26,"key":"Oddly Smooth Stone"},{"floor":40,"key":"Pantograph"},{"floor":43,"key":"Mercury Hourglass"},{"floor":46,"key":"War Paint"}],"event_choices":[{"cards_removed":["Defend_R"],"damage_healed":0,"gold_gain":0,"player_choice":"Card Removal","damage_taken":7,"max_hp_gain":0,"max_hp_loss":0,"event_name":"Golden Wing","floor":2,"gold_loss":0},{"cards_removed":["Defend_R"],"damage_healed":0,"gold_gain":0,"player_choice":"Offered Basic","damage_taken":0,"max_hp_gain":0,"max_hp_loss":0,"event_name":"Bonfire Elementals","floor":5,"gold_loss":0},{"damage_healed":0,"gold_gain":30,"player_choice":"Searched \u00272\u0027 times","damage_taken":0,"max_hp_gain":0,"max_hp_loss":0,"event_name":"Dead Adventurer","floor":11,"gold_loss":0},{"damage_healed":0,"gold_gain":0,"player_choice":"Ignored","damage_taken":0,"max_hp_gain":0,"max_hp_loss":0,"event_name":"The Mausoleum","floor":19,"gold_loss":0},{"damage_healed":0,"gold_gain":0,"player_choice":"Inject Mutagens","damage_taken":0,"relics_obtained":["MutagenicStrength"],"max_hp_gain":0,"max_hp_loss":0,"event_name":"Drug Dealer","floor":22,"gold_loss":0},{"damage_healed":0,"gold_gain":0,"player_choice":"Fought Bandits","damage_taken":0,"max_hp_gain":0,"max_hp_loss":0,"event_name":"Masked Bandits","floor":25,"gold_loss":0},{"damage_healed":0,"gold_gain":0,"player_choice":"Shed Blood","damage_taken":21,"max_hp_gain":5,"max_hp_loss":0,"event_name":"Forgotten Altar","floor":31,"gold_loss":0},{"damage_healed":0,"gold_gain":0,"player_choice":"Fight","damage_taken":0,"max_hp_gain":0,"max_hp_loss":0,"event_name":"Mysterious Sphere","floor":38,"gold_loss":0},{"damage_healed":0,"gold_gain":222,"player_choice":"Wore Mask","damage_taken":0,"max_hp_gain":0,"max_hp_loss":0,"event_name":"Tomb of Lord Red Mask","floor":47,"gold_loss":0},{"cards_removed":["Strike_R"],"damage_healed":0,"gold_gain":0,"player_choice":"Removed Attack","damage_taken":0,"max_hp_gain":0,"max_hp_loss":0,"event_name":"Falling","floor":48,"gold_loss":0}],"is_beta":false,"boss_relics":[{"not_picked":["Mark of Pain","Runic Pyramid"],"picked":"SlaversCollar"},{"not_picked":["Pandora\u0027s Box","Sozu"],"picked":"Philosopher\u0027s Stone"}],"items_purged_floors":[21,27,37,44],"is_endless":false,"potions_floor_spawned":[7,8,13,16,20,28,30,38,46],"ascension_level":0}}