{"host":"Nexxot","time":1612972244,"event":{"mods":["AchievementEnabler","BaseMod","Bestiary","Colored Map","Curses Come First","Highlight Path","Minty Spire (QoL Compilation)","Relic Stats","StSLib"],"gold_per_floor":[110,129,53,3,3,3,35,53,53,79,90,118,134,153,153,249,249,269,269,269,269,49,49,49],"floor_reached":23,"language":"ENG","playtime":811,"items_purged":["Writhe"],"score":351,"play_id":"90454ea6-ca32-4aa1-b80a-19cc78cb0caa","local_time":"20210210165044","is_ascension_mode":true,"campfire_choices":[{"data":"CutThroughFate","floor":6,"key":"SMITH"},{"data":"Nirvana","floor":15,"key":"SMITH"}],"circlet_count":0,"master_deck":["AscendersBane","Strike_P","Strike_P+1","Strike_P","Defend_P","Defend_P","Defend_P","Defend_P","Eruption+1","Vigilance","CutThroughFate+1","FlurryOfBlows","FearNoEvil","Brilliance","EmptyMind","Prostrate","Nirvana+1","DeceiveReality","EmptyFist","LessonLearned","ThirdEye"],"relics":["HolyWater","NeowsBlessing","Meat on the Bone","Pen Nib","StrikeDummy","Lantern","Medical Kit"],"acts_visited":["Exordium","TheCity"],"potions_floor_usage":[12,18,23,23],"damage_taken":[{"damage":0,"enemies":"2 Louse","floor":1,"turns":2},{"damage":0,"enemies":"Jaw Worm","floor":2,"turns":1},{"damage":0,"enemies":"Lagavulin","floor":7,"turns":1},{"damage":0,"enemies":"Small Slimes","floor":8,"turns":2},{"damage":12,"enemies":"Gremlin Nob","floor":10,"turns":3},{"damage":0,"enemies":"Looter","floor":11,"turns":2},{"damage":25,"enemies":"3 Sentries","floor":12,"turns":8},{"damage":0,"enemies":"Large Slime","floor":13,"turns":3},{"damage":8,"enemies":"3 Louse","floor":14,"turns":3},{"damage":7,"enemies":"Hexaghost","floor":16,"turns":9},{"damage":0,"enemies":"2 Thieves","floor":18,"turns":3},{"damage":53,"enemies":"Gremlin Leader","floor":23,"turns":10}],"seed_played":"-4222835073537410484","potions_obtained":[{"floor":1,"key":"Fire Potion"},{"floor":2,"key":"Weak Potion"},{"floor":10,"key":"SkillPotion"},{"floor":13,"key":"StancePotion"}],"is_trial":false,"path_per_floor":["M","M","$","?","?","R","E","M","T","E","M","E","M","M","R","B",null,"M","?","?","?","$","E"],"character_chosen":"WATCHER","items_purchased":["FearNoEvil","Medical Kit"],"campfire_rested":0,"item_purchase_floors":[3,22],"current_hp_per_floor":[65,65,65,65,65,65,65,65,65,53,53,40,40,44,44,37,63,63,63,63,50,50,0,0],"gold":49,"neow_bonus":"THREE_ENEMY_KILL","is_daily":false,"chose_seed":false,"campfire_upgraded":2,"win_rate":0.0,"timestamp":1612972244,"path_taken":["M","M","$","?","?","R","E","M","T","E","M","E","M","M","R","BOSS","M","?","?","?","$","E"],"items_purchased_type":["Card","Relic"],"build_version":"2020-12-18","purchased_purges":1,"victory":false,"max_hp_per_floor":[72,72,72,72,72,72,72,72,72,72,72,72,72,72,72,72,72,72,72,72,77,77,77,77],"relic_stats":{"counters":[12,47],"Pen Nib":[9],"Medical Kit":[0],"obtain_stats":[{"Lantern":19,"NeowsBlessing":0,"HolyWater":17,"Pen Nib":10,"PureWater":0,"StrikeDummy":12,"Medical Kit":22,"Meat on the Bone":7},{"Lantern":11,"NeowsBlessing":0,"HolyWater":10,"Pen Nib":5,"PureWater":0,"StrikeDummy":7,"Medical Kit":11,"Meat on the Bone":3},{"Lantern":37,"NeowsBlessing":0,"HolyWater":34,"Pen Nib":9,"PureWater":0,"StrikeDummy":19,"Medical Kit":37,"Meat on the Bone":4}],"Meat on the Bone":24},"card_choices":[{"not_picked":["InnerPeace","FlyingSleeves"],"picked":"CutThroughFate","floor":1},{"not_picked":["ForeignInfluence","PathToVictory"],"picked":"FlurryOfBlows","floor":2},{"not_picked":["Halt","Establishment"],"picked":"Brilliance","floor":7},{"not_picked":["SashWhip","CarveReality"],"picked":"EmptyMind","floor":8},{"not_picked":["EmptyFist","Halt"],"picked":"Prostrate","floor":10},{"not_picked":["WaveOfTheHand","Crescendo"],"picked":"Nirvana","floor":11},{"not_picked":["BowlingBash","Establishment"],"picked":"DeceiveReality","floor":12},{"not_picked":["Evaluate","DeceiveReality"],"picked":"EmptyFist","floor":13},{"not_picked":["SashWhip","FlyingSleeves","ClearTheMind"],"picked":"SKIP","floor":14},{"not_picked":["Brilliance","Judgement"],"picked":"LessonLearned","floor":16},{"not_picked":["Fasting2","Study"],"picked":"ThirdEye","floor":18}],"player_experience":353333,"relics_obtained":[{"floor":7,"key":"Meat on the Bone"},{"floor":10,"key":"Pen Nib"},{"floor":12,"key":"StrikeDummy"}],"event_choices":[{"cards_removed":["Strike_P"],"damage_healed":0,"gold_gain":0,"player_choice":"Card Removal","damage_taken":0,"max_hp_gain":0,"max_hp_loss":0,"event_name":"The Cleric","floor":4,"gold_loss":50},{"damage_healed":0,"gold_gain":0,"player_choice":"Grow","damage_taken":0,"max_hp_gain":0,"max_hp_loss":0,"event_name":"Living Wall","floor":5,"gold_loss":0,"cards_upgraded":["Eruption"]},{"damage_healed":0,"gold_gain":0,"player_choice":"Opened","damage_taken":0,"relics_obtained":["Lantern"],"max_hp_gain":0,"max_hp_loss":0,"event_name":"The Mausoleum","floor":19,"gold_loss":0,"cards_obtained":["Writhe"]},{"damage_healed":0,"gold_gain":0,"player_choice":"Ignored","damage_taken":0,"max_hp_gain":0,"max_hp_loss":0,"event_name":"Vampires","floor":20,"gold_loss":0},{"damage_healed":0,"gold_gain":0,"player_choice":"Shed Blood","damage_taken":18,"max_hp_gain":5,"max_hp_loss":0,"event_name":"Forgotten Altar","floor":21,"gold_loss":0}],"is_beta":true,"boss_relics":[{"not_picked":["Pandora\u0027s Box","SlaversCollar"],"picked":"HolyWater"}],"items_purged_floors":[22],"is_endless":false,"potions_floor_spawned":[1,2,10,13,16],"killed_by":"Gremlin Leader","ascension_level":10}}