{"host":"1qhzi8r9ejho5yph","time":1612986455,"event":{"mods":["AchievementEnabler","BaseMod","Colored Map","Colored Powertips","Highlight Path","Minty Spire (QoL Compilation)","Permanent Neow","Quick Restart","Random Character Button","StSLib","SuperFastMode","Synergy Search"],"gold_per_floor":[110,130,5,16,16,46,46,46,46,59,89,39,53,3,3,105,105,115,127,138,238,254,284,284,302,302,104,104,115,75,75,75,179,179,193,205,62,72,84,84,84,119,119,135,145,177,177,191,191,191],"floor_reached":51,"language":"ENG","playtime":2073,"items_purged":["Strike_R","Strike_R"],"score":816,"play_id":"6b24d57b-afb7-4a7f-a890-cc6649a7bcf9","local_time":"20210211034735","is_ascension_mode":false,"campfire_choices":[{"data":"Juggernaut","floor":8.0,"key":"SMITH"},{"data":"True Grit","floor":15.0,"key":"SMITH"},{"data":"Armaments","floor":24.0,"key":"SMITH"},{"data":"Berserk","floor":32.0,"key":"SMITH"},{"data":"Demon Form","floor":40.0,"key":"SMITH"},{"data":"Barricade","floor":47.0,"key":"SMITH"},{"floor":49.0,"key":"REST"}],"circlet_count":0,"master_deck":["Defend_R+1","Defend_R","Defend_R+1","Bash","Juggernaut+1","Ghostly Armor","Shrug It Off","Shrug It Off+1","Sword Boomerang","Iron Wave","Second Wind","Pommel Strike","Body Slam","True Grit+1","Feed","Armaments+1","Flex+1","Headbutt","Whirlwind","Body Slam+1","Iron Wave","Power Through","Disarm","Berserk+1","Demon Form+1","Dark Embrace+1","Havoc+1","Warcry+1","Iron Wave+1","Disarm+1","Parasite","Barricade+1","Pommel Strike+1"],"relics":["Burning Blood","Self Forming Clay","Orichalcum","Omamori","Cursed Key","War Paint","Mango","Necronomicon","Velvet Choker","Bag of Preparation","Art of War","Bottled Lightning"],"acts_visited":["Exordium","TheCity","TheBeyond"],"potions_floor_usage":[50,50],"damage_taken":[{"damage":5.0,"enemies":"2 Louse","floor":1.0,"turns":4.0},{"damage":6.0,"enemies":"Small Slimes","floor":2.0,"turns":4.0},{"damage":1.0,"enemies":"Cultist","floor":4.0,"turns":4.0},{"damage":12.0,"enemies":"Lagavulin","floor":6.0,"turns":10.0},{"damage":3.0,"enemies":"2 Fungi Beasts","floor":10.0,"turns":4.0},{"damage":32.0,"enemies":"3 Sentries","floor":11.0,"turns":13.0},{"damage":3.0,"enemies":"Red Slaver","floor":13.0,"turns":2.0},{"damage":14.0,"enemies":"The Guardian","floor":16.0,"turns":11.0},{"damage":12.0,"enemies":"2 Thieves","floor":18.0,"turns":4.0},{"damage":17.0,"enemies":"Spheric Guardian","floor":19.0,"turns":5.0},{"damage":11.0,"enemies":"Snake Plant","floor":20.0,"turns":4.0},{"damage":20.0,"enemies":"Chosen and Byrds","floor":22.0,"turns":5.0},{"damage":1.0,"enemies":"Gremlin Leader","floor":23.0,"turns":9.0},{"damage":5.0,"enemies":"Shelled Parasite and Fungi","floor":25.0,"turns":5.0},{"damage":8.0,"enemies":"Cultist and Chosen","floor":29.0,"turns":7.0},{"damage":8.0,"enemies":"Champ","floor":33.0,"turns":9.0},{"damage":7.0,"enemies":"Orb Walker","floor":35.0,"turns":3.0},{"damage":13.0,"enemies":"3 Darklings","floor":36.0,"turns":3.0},{"damage":15.0,"enemies":"Writhing Mass","floor":38.0,"turns":5.0},{"damage":7.0,"enemies":"Transient","floor":39.0,"turns":5.0},{"damage":4.0,"enemies":"Nemesis","floor":42.0,"turns":9.0},{"damage":1.0,"enemies":"Maw","floor":44.0,"turns":4.0},{"damage":6.0,"enemies":"Writhing Mass","floor":45.0,"turns":5.0},{"damage":95.0,"enemies":"Reptomancer","floor":46.0,"turns":4.0},{"damage":41.0,"enemies":"Spire Growth","floor":48.0,"turns":6.0},{"damage":60,"enemies":"Awakened One","floor":50,"turns":9}],"seed_played":"4899920950851683264","potions_obtained":[{"floor":10.0,"key":"BloodPotion"},{"floor":11.0,"key":"Energy Potion"},{"floor":16.0,"key":"DuplicationPotion"},{"floor":20.0,"key":"PowerPotion"},{"floor":33.0,"key":"Energy Potion"},{"floor":42.0,"key":"EntropicBrew"}],"is_trial":false,"path_per_floor":["M","M","$","M","?","E","?","R","T","M","E","?","M","$","R","B",null,"M","M","M","?","M","E","R","M","T","$","?","M","$","?","R","B",null,"M","M","$","M","M","R","?","E","T","M","M","E","R","M","R","B",null],"character_chosen":"IRONCLAD","items_purchased":["Shrug It Off","True Grit","FairyPotion","Power Through","Bag of Preparation"],"campfire_rested":1,"item_purchase_floors":[3,14,27,30,37],"current_hp_per_floor":[80,80,80,80,85,79,62,62,62,65,39,39,42,42,42,34,85,79,68,66,66,55,64,64,69,83,83,67,65,65,65,65,63,113,112,105,105,99,98,98,98,100,100,105,105,39,39,40,74,20],"gold":191,"neow_bonus":"ONE_RANDOM_RARE_CARD","is_daily":false,"chose_seed":false,"campfire_upgraded":6,"win_rate":0.0,"timestamp":1612986455,"path_taken":["M","M","$","M","?","E","?","R","T","M","E","?","M","?","R","BOSS","M","?","M","?","?","E","R","M","T","$","?","M","$","?","R","BOSS","M","M","$","M","M","R","?","E","T","M","M","E","R","M","R","BOSS"],"items_purchased_type":["Card","Card","Potion","Card","Relic"],"build_version":"2020-12-22","purchased_purges":2,"victory":true,"max_hp_per_floor":[80,80,80,80,85,85,85,85,85,85,85,85,85,85,85,85,85,85,85,88,88,91,95,95,99,113,113,113,113,113,113,113,113,113,113,113,113,116,116,116,116,116,116,116,116,116,116,116,116,116],"card_choices":[{"not_picked":["Anger","Thunderclap"],"picked":"Ghostly Armor","floor":1.0},{"not_picked":["Anger","Twin Strike"],"picked":"Shrug It Off","floor":2.0},{"not_picked":["Headbutt","Twin Strike"],"picked":"Sword Boomerang","floor":4.0},{"not_picked":["Thunderclap","Clothesline"],"picked":"Iron Wave","floor":6.0},{"not_picked":["Twin Strike","Dual Wield"],"picked":"Second Wind","floor":10.0},{"not_picked":["Sword Boomerang","Thunderclap"],"picked":"Pommel Strike","floor":11.0},{"not_picked":["Offering","Cleave"],"picked":"Body Slam","floor":13.0},{"not_picked":["Offering","Impervious"],"picked":"Feed","floor":16.0},{"not_picked":["True Grit","Wild Strike"],"picked":"Armaments","floor":18.0},{"not_picked":["Pummel","Dual Wield"],"picked":"Flex+1","floor":19.0},{"not_picked":["Cleave","Perfected Strike"],"picked":"Headbutt","floor":20.0},{"not_picked":["Havoc","Carnage+1"],"picked":"Whirlwind","floor":22.0},{"not_picked":["Burning Pact","Armaments","Heavy Blade+1"],"picked":"SKIP","floor":23.0},{"not_picked":["Thunderclap","Hemokinesis"],"picked":"Body Slam+1","floor":25.0},{"not_picked":["Havoc","Sword Boomerang"],"picked":"Iron Wave","floor":29.0},{"not_picked":["Feed","Brutality"],"picked":"Demon Form","floor":33.0},{"not_picked":["Dropkick+1","Clash+1","Blood for Blood+1"],"picked":"SKIP","floor":35.0},{"not_picked":["Dropkick","Armaments+1"],"picked":"Dark Embrace+1","floor":36.0},{"not_picked":["Combust+1","Bloodletting"],"picked":"Havoc+1","floor":38.0},{"not_picked":["Thunderclap+1","Sword Boomerang+1"],"picked":"Warcry+1","floor":39.0},{"not_picked":["Rupture","Reckless Charge+1"],"picked":"Iron Wave+1","floor":42.0},{"not_picked":["Rupture","Sword Boomerang+1"],"picked":"Disarm+1","floor":44.0},{"not_picked":["True Grit","Dual Wield","Uppercut"],"picked":"SKIP","floor":45.0},{"not_picked":["Searing Blow+1","Blood for Blood+1"],"picked":"Barricade","floor":46.0},{"not_picked":["Anger","Reckless Charge"],"picked":"Pommel Strike+1","floor":48.0}],"player_experience":377021,"relics_obtained":[{"floor":6.0,"key":"Self Forming Clay"},{"floor":9.0,"key":"Orichalcum"},{"floor":11.0,"key":"Omamori"},{"floor":23.0,"key":"War Paint"},{"floor":26.0,"key":"Mango"},{"floor":28.0,"key":"Necronomicon"},{"floor":42.0,"key":"Art of War"},{"floor":46.0,"key":"Bottled Lightning"}],"event_choices":[{"damage_healed":0.0,"max_hp_gain":5.0,"max_hp_loss":0.0,"gold_gain":0.0,"event_name":"Big Fish","player_choice":"Donut","floor":5.0,"gold_loss":0.0,"damage_taken":0.0},{"damage_healed":0.0,"max_hp_gain":0.0,"max_hp_loss":0.0,"gold_gain":0.0,"event_name":"Shining Light","player_choice":"Entered Light","floor":7.0,"gold_loss":0.0,"damage_taken":17.0,"cards_upgraded":["Strike_R","Shrug It Off"]},{"cards_removed":["Strike_R"],"damage_healed":0.0,"max_hp_gain":0.0,"max_hp_loss":0.0,"gold_gain":0.0,"event_name":"The Cleric","player_choice":"Card Removal","floor":12.0,"gold_loss":50.0,"damage_taken":0.0},{"damage_healed":0.0,"max_hp_gain":0.0,"max_hp_loss":0.0,"gold_gain":100.0,"event_name":"Golden Shrine","player_choice":"Pray","floor":21.0,"gold_loss":0.0,"damage_taken":0.0},{"damage_healed":0.0,"max_hp_gain":0.0,"max_hp_loss":0.0,"gold_gain":0.0,"event_name":"Cursed Tome","player_choice":"Obtained Book","floor":28.0,"gold_loss":0.0,"damage_taken":16.0},{"damage_healed":0.0,"max_hp_gain":0.0,"max_hp_loss":0.0,"gold_gain":0.0,"cards_transformed":["Strike_R","Strike_R"],"event_name":"Drug Dealer","player_choice":"Became Test Subject","floor":31.0,"gold_loss":0.0,"damage_taken":0.0,"cards_obtained":["Disarm","Berserk"]},{"cards_removed":["Defend_R"],"damage_healed":0.0,"max_hp_gain":0.0,"max_hp_loss":0.0,"gold_gain":0.0,"event_name":"Falling","player_choice":"Removed Skill","floor":41.0,"gold_loss":0.0,"damage_taken":0.0}],"is_beta":false,"boss_relics":[{"not_picked":["Runic Pyramid","Tiny House"],"picked":"Cursed Key"},{"not_picked":["Coffee Dripper","SacredBark"],"picked":"Velvet Choker"}],"items_purged_floors":[3,27],"is_endless":false,"potions_floor_spawned":[10,11,16,20,22,33,38,39,42,45],"ascension_level":0}}