{"host":"jk128xwopof5cegv","time":1612968090,"event":{"mods":["AchievementEnabler","BaseMod","BetterRewards","Downfall","Gold Saver","Hermit","Minty Spire (QoL Compilation)","Quick Restart","StSLib","The Blackbeard","The Disciple","Wandering Minibosses"],"gold_per_floor":[112,132,232,14,14,40,40,5,56,56,84,84,84,97,97,222,222,238,238,254,254,4,42,42,56,105,105,105],"floor_reached":27,"language":"ENG","playtime":979,"items_purged":["Strike_R","Strike_R"],"score":301,"play_id":"da4ee759-f081-4f3a-bb41-4760301f771d","local_time":"20210210154130","is_ascension_mode":true,"campfire_choices":[{"data":"Heavy Blade","floor":7,"key":"SMITH"},{"floor":10,"key":"RECALL"},{"data":"Demon Form","floor":13,"key":"SMITH"},{"data":"Bash","floor":15,"key":"SMITH"},{"data":"Double Tap","floor":24,"key":"SMITH"}],"circlet_count":0,"master_deck":["Strike_R","Strike_R","Strike_R","Defend_R","Defend_R","Defend_R","Defend_R","Bash+1","Impervious","Anger","Dropkick","Heavy Blade+1","Demon Form+1","Anger","Double Tap+1","Flex+1","Heavy Blade+1"],"relics":["Burning Blood","Brimstone","Gremlin Horn","Anchor","Blood Vial","Golden Idol","Black Star","Enchiridion","Art of War","Potion Belt","Bird Faced Urn","Oddly Smooth Stone"],"acts_visited":["Exordium","TheCity"],"potions_floor_usage":[16,23],"damage_taken":[{"damage":0,"enemies":"2 Louse","floor":1,"turns":3},{"damage":1,"enemies":"Cultist","floor":2,"turns":3},{"damage":31,"enemies":"3 Sentries","floor":6,"turns":5},{"damage":0,"enemies":"Lagavulin","floor":11,"turns":5},{"damage":3,"enemies":"Jaw Worm","floor":14,"turns":4},{"damage":61,"enemies":"Hexaghost","floor":16,"turns":6},{"damage":12,"enemies":"Spheric Guardian","floor":18,"turns":3},{"damage":26,"enemies":"2 Thieves","floor":20,"turns":3},{"damage":31,"enemies":"Gremlin Leader","floor":23,"turns":4},{"damage":8,"enemies":"Centurion and Healer","floor":25,"turns":4},{"damage":36,"enemies":"Book of Stabbing","floor":27,"turns":4}],"seed_played":"-2354140273590463163","potions_obtained":[{"floor":14,"key":"Fire Potion"},{"floor":16,"key":"Regen Potion"}],"is_trial":false,"path_per_floor":["M","M","?","$","T","E","R","?","T","R","E","?","R","M","R","B",null,"M","?","M","?","$","E","R","M","T","E"],"character_chosen":"IRONCLAD","items_purchased":["Brimstone","Art of War"],"campfire_rested":0,"item_purchase_floors":[4,22],"current_hp_per_floor":[80,80,80,80,80,55,55,75,75,75,80,60,60,65,65,12,80,74,58,40,40,40,26,26,28,28,0,0],"gold":105,"neow_bonus":"ONE_RANDOM_RARE_CARD","is_daily":false,"chose_seed":false,"campfire_upgraded":4,"win_rate":0.0,"timestamp":1612968090,"path_taken":["M","M","?","$","?","E","R","?","T","R","E","?","R","M","R","BOSS","M","?","M","?","$","E","R","M","T","E"],"items_purchased_type":["Relic","Relic"],"build_version":"2020-12-22","purchased_purges":2,"victory":false,"max_hp_per_floor":[80,80,80,80,80,80,80,80,80,80,80,80,80,80,80,80,80,80,80,80,80,80,80,80,80,80,80,80],"card_choices":[{"not_picked":["Clash","Havoc"],"picked":"Anger","floor":1},{"not_picked":["Blood for Blood","True Grit"],"picked":"Dropkick","floor":2},{"not_picked":["Pommel Strike","True Grit"],"picked":"Heavy Blade","floor":6},{"not_picked":["Evolve","Havoc"],"picked":"Demon Form","floor":11},{"not_picked":["Feel No Pain","Rage"],"picked":"Anger","floor":14},{"not_picked":["Barricade","Juggernaut"],"picked":"Double Tap","floor":16},{"not_picked":["Flame Barrier","Armaments","Pommel Strike"],"picked":"SKIP","floor":18},{"not_picked":["Dark Embrace","Twin Strike"],"picked":"Flex+1","floor":20},{"not_picked":["Dropkick","Sword Boomerang","Searing Blow"],"picked":"SKIP","floor":23},{"not_picked":["Body Slam","Twin Strike","Second Wind"],"picked":"SKIP","floor":25}],"player_experience":356183,"relics_obtained":[{"floor":6,"key":"Gremlin Horn"},{"floor":9,"key":"Anchor"},{"floor":11,"key":"Blood Vial"},{"floor":19,"key":"Enchiridion"},{"floor":23,"key":"Potion Belt"},{"floor":23,"key":"Bird Faced Urn"},{"floor":26,"key":"Oddly Smooth Stone"}],"event_choices":[{"damage_healed":0,"gold_gain":100,"player_choice":"Pray","damage_taken":0,"max_hp_gain":0,"max_hp_loss":0,"event_name":"Golden Shrine","floor":3,"gold_loss":0},{"damage_healed":20,"gold_gain":0,"player_choice":"Healed","damage_taken":0,"max_hp_gain":0,"max_hp_loss":0,"event_name":"The Cleric","floor":8,"gold_loss":35},{"damage_healed":0,"gold_gain":0,"player_choice":"Take Damage","damage_taken":20,"relics_obtained":["Golden Idol"],"max_hp_gain":0,"max_hp_loss":0,"event_name":"Golden Idol","floor":12,"gold_loss":0},{"damage_healed":0,"gold_gain":0,"player_choice":"Obtained Book","damage_taken":16,"max_hp_gain":0,"max_hp_loss":0,"event_name":"Cursed Tome","floor":19,"gold_loss":0},{"damage_healed":0,"gold_gain":0,"player_choice":"Copied","damage_taken":0,"max_hp_gain":0,"max_hp_loss":0,"event_name":"Duplicator","floor":21,"gold_loss":0,"cards_obtained":["Heavy Blade"]}],"is_beta":false,"boss_relics":[{"not_picked":["SlaversCollar","Busted Crown"],"picked":"Black Star"}],"items_purged_floors":[4,22],"is_endless":false,"potions_floor_spawned":[14,16],"killed_by":"Book of Stabbing","ascension_level":1}}