{"host":"i0m6ffz3lpe3z1ky","time":1612958346,"event":{"mods":["Aspiration","BaseMod","Bestiary","BetterRewards","Colored Map","Conspire","Energized Spire","Highlight Path","Hubris","Ironclad Rager","Minty Spire (QoL Compilation)","Quick Restart","Reliquary","Shop Mod","Spicy Shops","StSLib","Thieving Mod"],"gold_per_floor":[110,123,123,48,59,59,74,104,179,211,211,66,66,66,66,170,170,184,200,51,51,51,51,82,82,82,82,82,93,93,113,113,208,208,227,237,250,269,369,369,397,397,397,397,95,115,115,128,128,128,128],"floor_reached":50,"language":"KOR","playtime":1444,"items_purged":["Strike_R"],"score":799,"play_id":"bcc129b7-5c47-43cf-8ca8-74d597394e48","local_time":"20210210205906","is_ascension_mode":true,"campfire_choices":[{"data":"Searing Blow+1","floor":6,"key":"SMITH"},{"data":"Searing Blow+2","floor":11,"key":"SMITH"},{"data":"Searing Blow+3","floor":13,"key":"SMITH"},{"data":"Searing Blow+4","floor":15,"key":"SMITH"},{"data":"Searing Blow+5","floor":23,"key":"SMITH"},{"data":"Searing Blow+6","floor":25,"key":"SMITH"},{"data":"Searing Blow+7","floor":27,"key":"SMITH"},{"data":"Searing Blow+8","floor":32,"key":"SMITH"},{"data":"Searing Blow+9","floor":40,"key":"SMITH"},{"data":"Searing Blow+10","floor":42,"key":"SMITH"},{"data":"Searing Blow+11","floor":44,"key":"SMITH"},{"data":"Searing Blow+14","floor":49,"key":"SMITH"}],"circlet_count":0,"master_deck":["Defend_R+1","Bash+1","Searing Blow+15","Ghostly Armor+1","Fiend Fire+1","conspire:Purge+1","Uppercut+1"],"relics":["Burning Blood","Lee\u0027s Waffle","Molten Egg 2","Mango","aspiration:FrozenJewel","aspiration:HatOfInfinitePower","conspire:DeflatedDodgeball","Meat on the Bone","Art of War","aspiration:HummingbirdHeart","reliquary:SilkGlove","Omamori","Sozu","reliquary:Stiletto","hubris:DeckOfHolding","hubris:FunFungus","MutagenicStrength","hubris:CrackedHourglass","reliquary:OuijaBoard","InkBottle","reliquary:Buckler","reliquary:WeakTea","Mark of the Bloom"],"acts_visited":["Exordium","TheCity","TheBeyond"],"potions_floor_usage":[10],"damage_taken":[{"damage":0,"enemies":"Jaw Worm","floor":1,"turns":4},{"damage":0,"enemies":"Cultist","floor":2,"turns":2},{"damage":1,"enemies":"2 Louse","floor":5,"turns":2},{"damage":0,"enemies":"Large Slime","floor":7,"turns":2},{"damage":20,"enemies":"3 Sentries","floor":8,"turns":8},{"damage":6,"enemies":"Gremlin Nob","floor":10,"turns":3},{"damage":18,"enemies":"Hexaghost","floor":16,"turns":8},{"damage":0,"enemies":"3 Byrds","floor":18,"turns":4},{"damage":0,"enemies":"Shell Parasite","floor":19,"turns":2},{"damage":6,"enemies":"Gremlin Leader","floor":24,"turns":3},{"damage":0,"enemies":"3 Cultists","floor":29,"turns":4},{"damage":0,"enemies":"Snecko","floor":31,"turns":3},{"damage":48,"enemies":"hubris:MusketHawk","floor":33,"turns":10},{"damage":5,"enemies":"3 Darklings","floor":35,"turns":8},{"damage":11,"enemies":"3 Shapes","floor":36,"turns":3},{"damage":15,"enemies":"Writhing Mass","floor":37,"turns":3},{"damage":5,"enemies":"Spire Growth","floor":38,"turns":2},{"damage":20,"enemies":"Giant Head","floor":41,"turns":4},{"damage":5,"enemies":"Sphere and 2 Shapes","floor":46,"turns":3},{"damage":5,"enemies":"Writhing Mass","floor":48,"turns":1},{"damage":138,"enemies":"conspire:OrnateMirror","floor":50,"turns":1}],"seed_played":"7089502717144464256","potions_obtained":[{"floor":2,"key":"DuplicationPotion"},{"floor":8,"key":"Fruit Juice"},{"floor":10,"key":"FearPotion"}],"is_trial":false,"path_per_floor":["M","M","?","$","M","R","M","E","T","E","R","$","R","?","R","B",null,"M","M","$","?","?","R","E","R","T","R","?","M","$","M","R","B",null,"M","M","M","M","?","R","E","R","T","R","$","M","?","M","R","B"],"character_chosen":"IRONCLAD","items_purchased":["Lee\u0027s Waffle","Molten Egg 2","Mango","aspiration:FrozenJewel","aspiration:HatOfInfinitePower","conspire:DeflatedDodgeball","Searing Blow+1","Meat on the Bone","Omamori","reliquary:Stiletto","reliquary:Buckler","reliquary:WeakTea"],"campfire_rested":0,"item_purchase_floors":[0,0,0,0,0,0,0,0,12,20,45,45],"current_hp_per_floor":[101,101,101,101,101,101,101,87,87,92,92,92,92,92,92,80,106,106,106,106,106,106,106,106,106,106,106,106,106,106,106,106,79,106,106,106,98,101,101,101,92,92,92,92,92,99,99,94,94,0,0],"gold":128,"neow_bonus":"","is_daily":false,"chose_seed":false,"campfire_upgraded":12,"win_rate":0.0,"timestamp":1612958346,"path_taken":["M","M","?","$","M","R","M","E","T","E","R","$","R","?","R","BOSS","M","M","$","?","?","R","E","R","T","R","?","M","?","?","R","BOSS","M","M","M","M","?","R","E","R","T","R","?","M","?","M","R","BOSS"],"items_purchased_type":["Relic","Relic","Relic","Relic","Relic","Relic","Card","Relic","Relic","Relic","Relic","Relic"],"build_version":"2020-12-22","purchased_purges":1,"victory":false,"max_hp_per_floor":[101,101,101,101,101,101,101,101,101,106,106,106,106,106,106,106,106,106,106,106,106,106,106,106,106,106,106,106,106,106,106,106,106,106,106,106,106,106,106,106,106,106,106,106,106,106,106,106,106,106,106],"card_choices":[{"not_picked":["True Grit","Pommel Strike+1"],"picked":"Cleave+1","floor":1},{"not_picked":["Evolve","hubris:CleavingFinish+1","Flex"],"picked":"SKIP","floor":2},{"not_picked":["Twin Strike+1","Ghostly Armor","Rage"],"picked":"SKIP","floor":5},{"not_picked":["Twin Strike+1","Rage"],"picked":"Ghostly Armor","floor":5},{"not_picked":["Ghostly Armor","Perfected Strike+1","Dark Embrace"],"picked":"SKIP","floor":7},{"not_picked":["Berserk","Inflame","Sever Soul+1"],"picked":"SKIP","floor":8},{"not_picked":["Dual Wield","Pummel+1","Shrug It Off"],"picked":"SKIP","floor":10},{"not_picked":["Juggernaut","Berserk"],"picked":"Fiend Fire+1","floor":16},{"not_picked":["Warcry","Rage","Intimidate"],"picked":"SKIP","floor":18},{"not_picked":["Hemokinesis+1","Pommel Strike+1","hubris:CleavingFinish+1"],"picked":"SKIP","floor":19},{"not_picked":["Clash+1","Hemokinesis+1","conspire:ExplosiveBarrier"],"picked":"SKIP","floor":24},{"not_picked":["Shockwave+1","Perfected Strike+1","Inflame+1"],"picked":"SKIP","floor":29},{"not_picked":["Shockwave+1","Perfected Strike+1","Inflame+1"],"picked":"SKIP","floor":29},{"not_picked":["Searing Blow+1","Burning Pact","Fire Breathing"],"picked":"SKIP","floor":31},{"not_picked":["conspire:HitWhereItHurts+1","Impervious"],"picked":"conspire:Purge","floor":33},{"not_picked":["Heavy Blade+1","Spot Weakness+1","Shockwave+1"],"picked":"SKIP","floor":35},{"not_picked":["Heavy Blade+1","Dual Wield+1","Wild Strike+1"],"picked":"SKIP","floor":36},{"not_picked":["Twin Strike+1","Wild Strike+1","Infernal Blade"],"picked":"SKIP","floor":37},{"not_picked":["hubris:ReadiedAction","Sword Boomerang+1","Battle Trance"],"picked":"SKIP","floor":38},{"not_picked":["Pommel Strike+1","Clothesline+1","Shrug It Off+1"],"picked":"SKIP","floor":41},{"not_picked":["Clothesline+1","Rage+1","Seeing Red+1"],"picked":"SKIP","floor":46},{"not_picked":["Iron Wave+1","Body Slam+1","Uppercut+1"],"picked":"SKIP","floor":48},{"not_picked":["Iron Wave+1","Body Slam+1","Uppercut+1"],"picked":"SKIP","floor":48},{"not_picked":["Iron Wave+1","Body Slam+1"],"picked":"Uppercut+1","floor":48}],"player_experience":412183,"relics_obtained":[{"floor":8,"key":"Art of War"},{"floor":9,"key":"aspiration:HummingbirdHeart"},{"floor":10,"key":"reliquary:SilkGlove"},{"floor":24,"key":"hubris:FunFungus"},{"floor":41,"key":"reliquary:OuijaBoard"},{"floor":43,"key":"InkBottle"}],"event_choices":[{"damage_healed":0,"gold_gain":0,"player_choice":"Ignored","damage_taken":0,"max_hp_gain":0,"max_hp_loss":0,"event_name":"Liars Game","floor":3,"gold_loss":0},{"cards_removed":["Strike_R"],"damage_healed":0,"gold_gain":0,"player_choice":"Offered Basic","damage_taken":0,"max_hp_gain":0,"max_hp_loss":0,"event_name":"Bonfire Elementals","floor":14,"gold_loss":0},{"damage_healed":0,"gold_gain":0,"player_choice":"Leave","damage_taken":0,"max_hp_gain":0,"max_hp_loss":0,"event_name":"conspire:Investor","floor":21,"gold_loss":0},{"damage_healed":0,"gold_gain":0,"player_choice":"Stole Relic","damage_taken":0,"relics_obtained":["hubris:DeckOfHolding"],"max_hp_gain":0,"max_hp_loss":0,"event_name":"Addict","floor":22,"gold_loss":0,"cards_obtained":["Shame"]},{"damage_healed":0,"gold_gain":0,"player_choice":"Inject Mutagens","damage_taken":0,"relics_obtained":["MutagenicStrength"],"max_hp_gain":0,"max_hp_loss":0,"event_name":"Drug Dealer","floor":28,"gold_loss":0},{"damage_healed":0,"gold_gain":100,"player_choice":"Pray","damage_taken":0,"max_hp_gain":0,"max_hp_loss":0,"event_name":"Golden Shrine","floor":39,"gold_loss":0},{"damage_healed":0,"gold_gain":0,"player_choice":"Upgrade","damage_taken":0,"relics_obtained":["Mark of the Bloom"],"max_hp_gain":0,"max_hp_loss":0,"event_name":"MindBloom","floor":47,"gold_loss":0,"cards_upgraded":["Defend_R","Bash","Searing Blow","Ghostly Armor"]}],"is_beta":false,"boss_relics":[{"not_picked":["energizedSpire:NeverEndingSparkler","energizedSpire:CursedPentagram"],"picked":"Sozu"},{"not_picked":["aspiration:RitualDagger","hubris:VirtuousBlindfold"],"picked":"hubris:CrackedHourglass"}],"items_purged_floors":[4],"is_endless":false,"potions_floor_spawned":[2,8,10,16,18,19,37,41,46],"killed_by":"conspire:OrnateMirror","ascension_level":3}}