{"host":"iwx63wjdqe91ab4t","time":1612998027,"event":{"mods":["AchievementEnabler","Act Like it!","Aspiration","BaseMod","BetterRewards","Downfall","Friendly Minions","Hermit","Hubris","Infinite Spire","Jorbs\u0027s Wanderer Trilogy","Marisa????????","Mimic Mod","Minty Spire (QoL Compilation)","Quick Restart","Reliquary","Replay The Spire","StSLib","The Bug Knight","The Construct","The Cursed","The Disciple","The Hierophant","The Jungle","The Necromancer","The Runesmith","The Servant 0.9.4"],"gold_per_floor":[99,114,131,43,56,89,141,141,141,153,27,27,40,40,55,154,154,154,165,165,179,195,206,206,206,232,244,256,1,1,1,17,115,115,15,30,40,40,51,51,104,104,123,154,154,167,167,198,217,217],"floor_reached":51,"language":"ENG","playtime":4150,"items_purged":["bronze:Strike","bronze:Strike","bronze:Defend","bronze:Goto","bronze:Replicate"],"score":924,"play_id":"1759f14f-5d84-47d7-bb37-777461b7b9e1","local_time":"20210210170027","is_ascension_mode":true,"campfire_choices":[{"data":"bronze:Strike","floor":1.0,"key":"PURGE"},{"data":"bronze:BuggyMess","floor":8.0,"key":"SMITH"},{"data":"bronze:HyperBeam","floor":12.0,"key":"SMITH"},{"data":"bronze:FindAndReplace","floor":18,"key":"SMITH"},{"data":"bronze:Allocate","floor":30,"key":"SMITH"},{"data":"bronze:BurnOut","floor":35,"key":"SMITH"},{"data":"infinitespire:TheBestDefense","floor":47,"key":"SMITH"}],"circlet_count":0,"master_deck":["bronze:HyperBeam+1","bronze:BuggyMess+1","bronze:BugBarrage","bronze:Break","bronze:Allocate+1","bronze:Return","bronze:BuggyMess","bronze:ItsAFeature","bronze:MaxOutput+1","bronze:FindAndReplace+1","bronze:Break+1","bronze:Safeguard+1","bronze:FollowUp+1","infinitespire:TheBestDefense+1","bronze:Repair+1","bronze:Repair+1","bronze:Optimize+1","bronze:BurnOut+1","Replay:SS_hec_1","bronze:FindAndReplace","bronze:Invalidate+1"],"relics":["bronze:BronzeCore","hubris:CuriousFeather","bronze:ProtectiveGoggles","Astrolabe","bronze:SilverBullet","Orichalcum","Akabeko","infinitespire:WardingShard","aspiration:PoetsPen_weak","downfall:HeartBlessingGreen","hubris:SphereOfDissonance","Replay:Baseball","Anchor","reliquary:Buckler","reliquary:SharkskinSheath"],"acts_visited":["Exordium","TheCity","TheBeyond"],"potions_floor_usage":[16,16,16,16,16,22,26,29,43,48,50],"damage_taken":[{"damage":0.0,"enemies":"Small Slimes","floor":2.0,"turns":3.0},{"damage":7.0,"enemies":"Jaw Worm","floor":3.0,"turns":4.0},{"damage":10.0,"enemies":"downfall:FleeingMerchant","floor":4.0,"turns":4.0},{"damage":2.0,"enemies":"2 Louse","floor":5.0,"turns":2.0},{"damage":0.0,"enemies":"HollowMod:MossKnight","floor":6.0,"turns":7.0},{"damage":17.0,"enemies":"Exordium Wildlife","floor":10.0,"turns":4.0},{"damage":1.0,"enemies":"downfall:FleeingMerchant","floor":11.0,"turns":4.0},{"damage":13.0,"enemies":"Red Slaver","floor":13.0,"turns":2.0},{"damage":11,"enemies":"Large Slime","floor":15,"turns":3},{"damage":5,"enemies":"SI_SHIV_ARCHETYPE","floor":16,"turns":3},{"damage":0,"enemies":"Spheric Guardian","floor":19,"turns":1},{"damage":0,"enemies":"Cultist and Chosen","floor":21,"turns":2},{"damage":0,"enemies":"Shelled Parasite and Fungi","floor":22,"turns":2},{"damage":0,"enemies":"Snecko","floor":23,"turns":3},{"damage":0,"enemies":"Gremlin Leader","floor":26,"turns":3},{"damage":11,"enemies":"Snake Plant","floor":27,"turns":3},{"damage":0,"enemies":"Cultist and Chosen","floor":28,"turns":2},{"damage":0,"enemies":"downfall:FleeingMerchant","floor":29,"turns":4},{"damage":21,"enemies":"Centurion and Healer","floor":32,"turns":4},{"damage":0,"enemies":"IC_MUSHROOM_ARCHETYPE","floor":33,"turns":7},{"damage":10,"enemies":"3 Shapes","floor":36,"turns":2},{"damage":0,"enemies":"3 Darklings","floor":37,"turns":2},{"damage":0,"enemies":"Jaw Worm Horde","floor":39,"turns":1},{"damage":12,"enemies":"4 Shapes","floor":43,"turns":1},{"damage":0,"enemies":"Nemesis","floor":44,"turns":3},{"damage":0,"enemies":"downfall:FleeingMerchant","floor":46,"turns":1},{"damage":26,"enemies":"Giant Head","floor":48,"turns":6},{"damage":0,"enemies":"Spire Growth","floor":49,"turns":1},{"damage":0,"enemies":"WA_ARCHETYPE_DIVINITY","floor":50,"turns":4}],"seed_played":"-7745487694052591340","potions_obtained":[{"floor":5.0,"key":"construct:ShiftPotion"},{"floor":6.0,"key":"Cursed Concoction"},{"floor":10.0,"key":"ColorlessPotion"},{"floor":15,"key":"EntropicBrew"},{"floor":16,"key":"BlessingOfTheForge"},{"floor":19,"key":"Swift Potion"},{"floor":26,"key":"Explosive Potion"},{"floor":28,"key":"FearPotion"},{"floor":37,"key":"FearPotion"},{"floor":43,"key":"BlessingOfTheForge"},{"floor":44,"key":"SkillPotion"},{"floor":48,"key":"PowerPotion"}],"is_trial":false,"path_per_floor":["R","M","M","$","M","E","T","R","?","M","$","R","M","?","M","B",null,"R","M","AVR","M","M","M","T","?","E","M","M","$","R","?","M","B",null,"R","M","M","?","M","AVR","T","?","M","E","?","$","R","E","M","B",null],"character_chosen":"THE_AUTOMATON","items_purchased":["bronze:Allocate","bronze:ItsAFeature","bronze:Format","reliquary:Buckler","bronze:Invalidate"],"campfire_rested":0,"item_purchase_floors":[4,11,29,46,46],"current_hp_per_floor":[70,70,63,53,51,51,51,51,51,34,33,33,20,20,9,4,70,70,70,70,70,70,70,70,70,70,69,69,70,70,70,69,70,70,70,60,70,80,80,80,80,75,63,73,73,73,73,47,47,57],"gold":217,"neow_bonus":"ONE_RANDOM_RARE_CARD","is_daily":false,"chose_seed":false,"campfire_upgraded":6,"win_rate":0.0,"timestamp":1612998027,"path_taken":["R","M","M","$","M","E","T","R","?","M","$","R","M","?","M","BOSS","R","M","AVR","M","M","M","T","?","E","M","M","$","R","?","M","BOSS","R","M","M","?","?","AVR","T","?","M","E","?","$","R","E","M","BOSS"],"items_purchased_type":["Card","Card","Card","Relic","Card"],"build_version":"2020-12-22","purchased_purges":5,"victory":true,"max_hp_per_floor":[70,70,70,70,70,70,70,70,70,70,70,70,70,70,70,70,70,70,70,70,70,70,70,70,70,70,70,70,70,70,70,70,70,70,70,70,70,80,80,80,80,80,80,80,80,80,80,80,80,80],"card_choices":[{"not_picked":["bronze:BitShift","bronze:Separator"],"picked":"bronze:BuggyMess","floor":2.0},{"not_picked":["bronze:Frontload","bronze:MaxOutput"],"picked":"bronze:BugBarrage","floor":3.0},{"not_picked":["bronze:Deprecate","bronze:BuggyMess"],"picked":"bronze:Break","floor":4.0},{"not_picked":["bronze:GetLatest","bronze:OilSpill"],"picked":"bronze:Return","floor":5.0},{"not_picked":["bronze:Separator","bronze:DelayedSlice"],"picked":"bronze:BuggyMess","floor":6.0},{"not_picked":["bronze:BitShift","bronze:Overheat","bronze:Constructor"],"picked":"SKIP","floor":10.0},{"not_picked":["bronze:Safeguard","bronze:DelayedGuard","bronze:HardenedForm"],"picked":"SKIP","floor":11.0},{"not_picked":["bronze:Fortify","bronze:Return"],"picked":"bronze:MaxOutput","floor":13.0},{"not_picked":["bronze:OilSpill","bronze:Invalidate","bronze:DelayedGuard"],"picked":"SKIP","floor":15},{"not_picked":["bronze:CleanCode","bronze:SpaghettiCode"],"picked":"bronze:FindAndReplace","floor":16},{"not_picked":["bronze:ClassDefault","bronze:Frontload","bronze:ChosenStrike+1"],"picked":"SKIP","floor":19},{"not_picked":["bronze:OilSpill","bronze:Separator+1"],"picked":"bronze:Repair+1","floor":21},{"not_picked":["bronze:Constructor","bronze:BitShift","bronze:Flail"],"picked":"SKIP","floor":22},{"not_picked":["bronze:ClassDefault+1","bronze:Shield","bronze:CutThrough"],"picked":"SKIP","floor":23},{"not_picked":["bronze:WildBeam+1","bronze:BronzeArmor"],"picked":"bronze:Repair+1","floor":26},{"not_picked":["bronze:WildBeam","bronze:Deprecate"],"picked":"bronze:Optimize","floor":27},{"not_picked":["bronze:CutThrough+1","bronze:Branch+1","bronze:Invalidate"],"picked":"SKIP","floor":28},{"not_picked":["bronze:ThunderWave","bronze:Return","bronze:Separator"],"picked":"SKIP","floor":29},{"not_picked":["bronze:Turbo","bronze:Invalidate","bronze:Constructor"],"picked":"SKIP","floor":32},{"not_picked":["bronze:FindAndReplace","bronze:Format"],"picked":"bronze:BurnOut","floor":33},{"not_picked":["bronze:CutThrough+1","bronze:ClassDefault+1","bronze:BitShift+1"],"picked":"SKIP","floor":36},{"not_picked":["bronze:Safeguard+1","bronze:Deprecate","bronze:Frontload"],"picked":"SKIP","floor":37},{"not_picked":["bronze:Return+1","bronze:CutThrough+1","bronze:BugBarrage+1"],"picked":"SKIP","floor":39},{"not_picked":["expansioncontent:Chronoboost","expansioncontent:GuardianWhirl"],"picked":"Replay:SS_hec_1","floor":42},{"not_picked":["bronze:Backtrace+1","bronze:Branch+1","bronze:DelayedSlice+1"],"picked":"SKIP","floor":43},{"not_picked":["bronze:Branch","bronze:NullPointer"],"picked":"bronze:FindAndReplace","floor":44},{"not_picked":["bronze:DarkDash","bronze:DelayedSlice+1","bronze:Constructor+1"],"picked":"SKIP","floor":46},{"not_picked":["bronze:WildBeam","bronze:Verify","bronze:Invalidate+1"],"picked":"SKIP","floor":48},{"not_picked":["bronze:FineTuning+1","bronze:Turbo","bronze:Return+1"],"picked":"SKIP","floor":49}],"player_experience":287345,"relics_obtained":[{"floor":6.0,"key":"hubris:CuriousFeather"},{"floor":7.0,"key":"bronze:ProtectiveGoggles"},{"floor":24,"key":"Orichalcum"},{"floor":26,"key":"infinitespire:WardingShard"},{"floor":41,"key":"Replay:Baseball"},{"floor":44,"key":"Anchor"},{"floor":48,"key":"reliquary:SharkskinSheath"}],"event_choices":[{"damage_healed":0,"gold_gain":0,"player_choice":"Ignored","damage_taken":0,"max_hp_gain":0,"max_hp_loss":0,"event_name":"Ghosts","floor":31,"gold_loss":0},{"cards_removed":["bronze:Format"],"damage_healed":0,"gold_gain":0,"player_choice":"Offered Rare","damage_taken":0,"max_hp_gain":10,"max_hp_loss":0,"event_name":"Bonfire Elementals","floor":38,"gold_loss":0}],"is_beta":false,"boss_relics":[{"not_picked":["ReplayTheSpireMod:SealedPack","reliquary:Craggleroot"],"picked":"Astrolabe"},{"not_picked":["aspiration:RitualDagger","SacredBark"],"picked":"aspiration:PoetsPen_weak"}],"items_purged_floors":[11,20,29,40,46],"is_endless":false,"potions_floor_spawned":[5,6,10,15,16,19,26,28,37,43,44,48],"ascension_level":1}}