{"host":"uv5ws9rdk87e8i5k","time":1612921430,"event":{"mods":["AchievementEnabler","BaseMod","Colored Map","Minty Spire (QoL Compilation)","Permanent Neow","Quick Restart","StSLib","SuperFastMode","The Necromancer"],"gold_per_floor":[118,128,108,125,125,159,180,218,242,254,306,19,53,73,73,202,265,265],"floor_reached":17,"language":"ENG","playtime":291,"items_purged":["Doubt"],"score":278,"play_id":"15cb0b35-ffe7-42cf-83ca-751ddb223228","local_time":"20210209194350","is_ascension_mode":true,"campfire_choices":[{"data":"Uppercut","floor":10.0,"key":"SMITH"},{"floor":15,"key":"REST"}],"circlet_count":0,"master_deck":["AscendersBane","Strike_R","Strike_R","Strike_R+1","Strike_R","Strike_R","Defend_R","Defend_R","Defend_R","Defend_R","Bash","Uppercut+1","Spot Weakness","Whirlwind","Clothesline","Pommel Strike","Clothesline","Limit Break","Spot Weakness","Pommel Strike","Twin Strike","Corruption","Uppercut"],"relics":["Cursed Key","Golden Idol","Matryoshka","Boot","MawBank","MealTicket","Paper Frog","Chemical X","Red Skull","Tiny House"],"acts_visited":["Exordium","TheCity"],"potions_floor_usage":[13],"damage_taken":[{"damage":2.0,"enemies":"Jaw Worm","floor":1.0,"turns":3.0},{"damage":0.0,"enemies":"Cultist","floor":2.0,"turns":3.0},{"damage":7.0,"enemies":"Small Slimes","floor":4.0,"turns":4.0},{"damage":10.0,"enemies":"Gremlin Nob","floor":6.0,"turns":3.0},{"damage":0.0,"enemies":"3 Louse","floor":7.0,"turns":1.0},{"damage":9.0,"enemies":"Lagavulin","floor":8.0,"turns":6.0},{"damage":12.0,"enemies":"Gremlin Nob","floor":11.0,"turns":3.0},{"damage":25,"enemies":"Lagavulin","floor":13,"turns":4},{"damage":8,"enemies":"Large Slime","floor":14,"turns":3},{"damage":31,"enemies":"The Guardian","floor":16,"turns":7}],"seed_played":"-5481888034448465397","potions_obtained":[{"floor":2.0,"key":"SkillPotion"},{"floor":3.0,"key":"SneckoOil"},{"floor":6.0,"key":"BlessingOfTheForge"},{"floor":8.0,"key":"SteroidPotion"},{"floor":11.0,"key":"Ancient Potion"},{"floor":16,"key":"Ancient Potion"},{"floor":17,"key":"SpeedPotion"}],"is_trial":false,"path_per_floor":["M","M","?","M","?","E","M","E","T","R","E","$","E","M","R","B",null],"character_chosen":"IRONCLAD","items_purchased":["Chemical X","Spot Weakness"],"campfire_rested":1,"item_purchase_floors":[12,12],"current_hp_per_floor":[70,70,70,63,63,53,53,44,44,44,32,47,22,14,36,5,62,62],"gold":265,"neow_bonus":"BOSS_RELIC","is_daily":false,"chose_seed":false,"campfire_upgraded":1,"win_rate":0.0,"timestamp":1612921430,"path_taken":["M","M","?","?","?","E","M","E","T","R","E","$","E","M","R","BOSS"],"items_purchased_type":["Relic","Card"],"build_version":"2020-12-22","purchased_purges":1,"victory":false,"max_hp_per_floor":[80,80,80,80,74,74,74,74,74,74,74,74,74,74,74,74,79,79],"card_choices":[{"not_picked":["Anger","Shockwave"],"picked":"Uppercut","floor":1.0},{"not_picked":["Thunderclap","Armaments"],"picked":"Spot Weakness","floor":2.0},{"not_picked":["Twin Strike","Armaments"],"picked":"Whirlwind","floor":4.0},{"not_picked":["Hemokinesis","Pommel Strike"],"picked":"Clothesline","floor":6.0},{"not_picked":["Clothesline","Flex"],"picked":"Pommel Strike","floor":7.0},{"not_picked":["Warcry","Shrug It Off"],"picked":"Clothesline","floor":8.0},{"not_picked":["Armaments","Clothesline"],"picked":"Limit Break","floor":11.0},{"not_picked":["Body Slam","Dark Embrace"],"picked":"Pommel Strike","floor":13},{"not_picked":["Perfected Strike","Disarm"],"picked":"Twin Strike","floor":14},{"not_picked":["Offering","Juggernaut"],"picked":"Corruption","floor":16},{"not_picked":["Clothesline","Flex"],"picked":"Uppercut","floor":17}],"player_experience":149349,"relics_obtained":[{"floor":6.0,"key":"Matryoshka"},{"floor":8.0,"key":"Boot"},{"floor":9.0,"key":"MawBank"},{"floor":9.0,"key":"MealTicket"},{"floor":11.0,"key":"Paper Frog"},{"floor":13,"key":"Red Skull"}],"event_choices":[{"damage_healed":0.0,"max_hp_gain":0.0,"max_hp_loss":0.0,"gold_gain":0.0,"event_name":"The Woman in Blue","player_choice":"Bought 1 Potion","floor":3.0,"gold_loss":0.0,"damage_taken":0.0},{"damage_healed":0.0,"max_hp_gain":0.0,"max_hp_loss":6.0,"gold_gain":0.0,"event_name":"Golden Idol","player_choice":"Lose Max HP","floor":5.0,"gold_loss":0.0,"damage_taken":0.0,"relics_obtained":["Golden Idol"]}],"is_beta":false,"boss_relics":[{"not_picked":["Ectoplasm","SacredBark"],"picked":"Tiny House"}],"items_purged_floors":[12],"is_endless":false,"potions_floor_spawned":[2,6,8,11,16],"ascension_level":10}}