{"host":"fj5i6t4nkss7815d","time":1612920706,"event":{"mods":["AchievementEnabler","BaseMod","Minty Spire (QoL Compilation)","Quick Restart","Relic Stats"],"gold_per_floor":[111,127,127,127,52,52,77,89,89,115,126,126,126,126],"floor_reached":13,"language":"ENG","playtime":428,"items_purged":["Strike_B"],"score":230,"play_id":"2ace2e60-86c4-40bf-93b8-a24018fc549c","local_time":"20210209173146","is_ascension_mode":true,"campfire_choices":[{"data":"Dualcast","floor":6.0,"key":"SMITH"},{"floor":12,"key":"REST"}],"circlet_count":0,"master_deck":["AscendersBane","Strike_B","Strike_B+1","Strike_B","Defend_B","Defend_B","Defend_B","Defend_B","Zap+1","Dualcast+1","Streamline","Go for the Eyes+1","Scrape","BootSequence"],"relics":["Cracked Core","NeowsBlessing","The Courier","Question Card","Ornamental Fan"],"acts_visited":["Exordium"],"potions_floor_usage":[10],"damage_taken":[{"damage":0.0,"enemies":"2 Louse","floor":1.0,"turns":1.0},{"damage":0.0,"enemies":"Small Slimes","floor":2.0,"turns":1.0},{"damage":0.0,"enemies":"Gremlin Nob","floor":7.0,"turns":1.0},{"damage":0.0,"enemies":"Jaw Worm","floor":8.0,"turns":2.0},{"damage":15,"enemies":"Lagavulin","floor":10,"turns":5},{"damage":6,"enemies":"Looter","floor":11,"turns":3},{"damage":36,"enemies":"3 Sentries","floor":13,"turns":8}],"seed_played":"3578346777034211713","potions_obtained":[{"floor":8.0,"key":"EssenceOfDarkness"},{"floor":10,"key":"LiquidBronze"}],"is_trial":false,"path_per_floor":["M","M","?","?","$","R","E","M","T","E","M","R","E"],"character_chosen":"DEFECT","items_purchased":[],"campfire_rested":1,"item_purchase_floors":[],"current_hp_per_floor":[64,64,43,43,43,43,43,43,43,28,22,43,7,7],"gold":126,"neow_bonus":"THREE_ENEMY_KILL","is_daily":false,"chose_seed":false,"campfire_upgraded":1,"win_rate":0.0,"timestamp":1612920706,"path_taken":["M","M","?","?","$","R","E","M","T","E","M","R","E"],"items_purchased_type":[],"build_version":"2020-12-22","purchased_purges":1,"victory":false,"max_hp_per_floor":[71,71,71,71,71,71,71,71,71,71,71,71,71,71],"relic_stats":{"counters":[7,21],"Ornamental Fan":[4],"Question Card":2,"obtain_stats":[{"NeowsBlessing":0,"Ornamental Fan":10,"The Courier":7,"Cracked Core":0,"Question Card":9},{"NeowsBlessing":0,"Ornamental Fan":5,"The Courier":3,"Cracked Core":0,"Question Card":4},{"NeowsBlessing":0,"Ornamental Fan":10,"The Courier":3,"Cracked Core":0,"Question Card":5}]},"card_choices":[{"not_picked":["Turbo","Compile Driver"],"picked":"Streamline","floor":1.0},{"not_picked":["Conserve Battery","Stack"],"picked":"Go for the Eyes","floor":2.0},{"not_picked":["Darkness","Amplify"],"picked":"Scrape","floor":7.0},{"not_picked":["Turbo","Recycle","Aggregate"],"picked":"SKIP","floor":8.0},{"not_picked":["Hologram","Steam","Reinforced Body","Barrage"],"picked":"SKIP","floor":10},{"not_picked":["Hologram","Darkness","Blizzard"],"picked":"BootSequence","floor":11}],"player_experience":1022630,"relics_obtained":[{"floor":7.0,"key":"The Courier"},{"floor":9.0,"key":"Question Card"},{"floor":10,"key":"Ornamental Fan"}],"event_choices":[{"damage_healed":0.0,"max_hp_gain":0.0,"max_hp_loss":0.0,"gold_gain":0.0,"event_name":"Shining Light","player_choice":"Entered Light","floor":3.0,"gold_loss":0.0,"damage_taken":21.0,"cards_upgraded":["Strike_B","Go for the Eyes"]},{"damage_healed":0.0,"max_hp_gain":0.0,"max_hp_loss":0.0,"gold_gain":0.0,"event_name":"Living Wall","player_choice":"Grow","floor":4.0,"gold_loss":0.0,"damage_taken":0.0,"cards_upgraded":["Zap"]}],"is_beta":false,"boss_relics":[],"items_purged_floors":[5],"is_endless":false,"potions_floor_spawned":[8,10],"killed_by":"3 Sentries","ascension_level":19}}