{"host":"sc0o2qwpf9j16a4i","time":1612979314,"event":{"mods":["AchievementEnabler","BaseMod","BetterRewards","Block Reminder","Colored Map","Colored Powertips","Custom Start","Highlight Path","Minty Spire (QoL Compilation)","Relic Stats"],"gold_per_floor":[114,133,133,146,162,190,204,229,253,253,314,614,627,657,657,757,757,773,20,20,32,32,48,83,103,129,129,129,148,162,194,194,295,295,314,325,375,1374,1391,1426,1437,1437,1437,1467,0,0,0,30,30,30],"floor_reached":51,"language":"ENG","playtime":2123,"items_purged":["Regret"],"score":1247,"play_id":"fce6074b-5bf9-45ef-9cbf-04c9a864a485","local_time":"20210210194834","daily_mods":["Draft","Time Dilation","Terminal"],"is_ascension_mode":false,"campfire_choices":[{"data":"Catalyst","floor":10,"key":"SMITH"},{"data":"Catalyst","floor":15,"key":"SMITH"},{"data":"Burst","floor":27,"key":"SMITH"},{"data":"Bouncing Flask","floor":32,"key":"SMITH"},{"data":"Acrobatics","floor":42,"key":"SMITH"},{"data":"Deadly Poison","floor":47,"key":"SMITH"},{"data":"PiercingWail","floor":49,"key":"SMITH"}],"circlet_count":0,"master_deck":["Dagger Throw","Dagger Spray","Bouncing Flask+1","Dagger Spray","Dagger Spray","Dagger Throw","Deadly Poison+1","Backflip","Backstab","Crippling Poison+1","Backflip","Dagger Spray","Deflect","Backflip","Backflip","PiercingWail+1","Flying Knee","Terror","Catalyst+1","Dagger Throw","Catalyst+1","Burst+1","Blade Dance+1","Dagger Throw","RitualDagger","Well Laid Plans+1","PiercingWail+1","Crippling Poison","Prepared+1","Deadly Poison+1","Acrobatics+1","Cloak And Dagger+1","Corpse Explosion","CurseOfTheBell","Blade Dance+1","Deadly Poison+1","Cloak And Dagger","Prepared+1","Blade Dance","Leg Sweep+1","Dodge and Roll+1","Blur"],"relics":["Ring of the Snake","War Paint","Happy Flower","Nunchaku","Lantern","Old Coin","Toy Ornithopter","HoveringKite","Medical Kit","Question Card","Ancient Tea Set","Orichalcum","Centennial Puzzle","Eternal Feather","Calling Bell","MealTicket","Kunai","TungstenRod","Unceasing Top","Prayer Wheel","Shuriken","The Courier","Snake Skull","Molten Egg 2","Bag of Marbles","TheAbacus","Mercury Hourglass","Pear","Singing Bowl","Potion Belt","Mummified Hand","Ninja Scroll"],"acts_visited":["Exordium","TheCity","TheBeyond"],"potions_floor_usage":[6,6,24,31,31,33,48,50],"damage_taken":[{"damage":0,"enemies":"Small Slimes","floor":1,"turns":2},{"damage":0,"enemies":"2 Louse","floor":2,"turns":1},{"damage":0,"enemies":"Jaw Worm","floor":4,"turns":2},{"damage":0,"enemies":"Looter","floor":5,"turns":2},{"damage":7,"enemies":"Lagavulin","floor":6,"turns":5},{"damage":4,"enemies":"Blue Slaver","floor":7,"turns":2},{"damage":5,"enemies":"3 Sentries","floor":8,"turns":3},{"damage":0,"enemies":"3 Louse","floor":13,"turns":1},{"damage":0,"enemies":"Gremlin Nob","floor":14,"turns":2},{"damage":1,"enemies":"Hexaghost","floor":16,"turns":4},{"damage":6,"enemies":"3 Byrds","floor":18,"turns":3},{"damage":0,"enemies":"Shell Parasite","floor":21,"turns":3},{"damage":0,"enemies":"3 Cultists","floor":23,"turns":4},{"damage":0,"enemies":"Gremlin Leader","floor":24,"turns":3},{"damage":0,"enemies":"Chosen and Byrds","floor":25,"turns":4},{"damage":0,"enemies":"Snake Plant","floor":29,"turns":2},{"damage":0,"enemies":"Shelled Parasite and Fungi","floor":30,"turns":2},{"damage":4,"enemies":"Slavers","floor":31,"turns":2},{"damage":0,"enemies":"Automaton","floor":33,"turns":3},{"damage":3,"enemies":"Orb Walker","floor":35,"turns":2},{"damage":3,"enemies":"3 Darklings","floor":36,"turns":2},{"damage":6,"enemies":"2 Orb Walkers","floor":37,"turns":3},{"damage":0,"enemies":"Sphere and 2 Shapes","floor":39,"turns":4},{"damage":11,"enemies":"Reptomancer","floor":40,"turns":4},{"damage":0,"enemies":"Transient","floor":41,"turns":5},{"damage":0,"enemies":"Giant Head","floor":44,"turns":5},{"damage":21,"enemies":"Nemesis","floor":48,"turns":3},{"damage":0,"enemies":"Time Eater","floor":50,"turns":2}],"seed_played":"5867850833505083153","potions_obtained":[{"floor":2,"key":"LiquidMemories"},{"floor":5,"key":"AttackPotion"},{"floor":13,"key":"SpeedPotion"},{"floor":16,"key":"ColorlessPotion"},{"floor":30,"key":"SkillPotion"},{"floor":31,"key":"Poison Potion"},{"floor":40,"key":"Weak Potion"},{"floor":41,"key":"Fire Potion"},{"floor":48,"key":"LiquidMemories"}],"is_trial":true,"path_per_floor":["M","M","?","M","M","E","M","E","T","R","?","T","M","E","R","B",null,"M","$","?","M","?","M","E","M","T","R","?","M","M","E","R","B",null,"M","M","?","?","M","E","M","R","T","E","$","?","R","E","R","B",null],"character_chosen":"THE_SILENT","items_purchased":["Medical Kit","Question Card","Ancient Tea Set","Dagger Throw","LiquidMemories","Snake Skull","Molten Egg 2","Bag of Marbles","TheAbacus","Mercury Hourglass","Pear","Singing Bowl","Potion Belt","Mummified Hand"],"campfire_rested":0,"item_purchase_floors":[19,19,19,19,19,45,45,45,45,45,45,45,45,45],"current_hp_per_floor":[68,67,66,65,64,57,53,48,48,48,48,48,48,48,48,47,52,46,46,40,40,40,40,45,44,43,42,41,40,39,35,37,36,35,32,29,23,23,23,12,12,27,26,25,34,33,32,11,30,29],"gold":30,"neow_bonus":"","is_daily":false,"chose_seed":false,"campfire_upgraded":7,"win_rate":0.0,"timestamp":1612979314,"path_taken":["M","M","?","M","M","E","M","E","T","R","?","?","M","E","R","BOSS","M","$","?","M","?","M","E","M","T","R","?","M","?","E","R","BOSS","M","M","?","?","M","E","M","R","T","E","?","?","R","E","R","BOSS"],"items_purchased_type":["Relic","Relic","Relic","Card","Potion","Relic","Relic","Relic","Relic","Relic","Relic","Relic","Relic","Relic"],"build_version":"2020-12-22","purchased_purges":1,"victory":true,"max_hp_per_floor":[68,67,66,65,64,63,62,61,60,59,58,57,56,55,54,53,52,51,50,49,48,47,46,45,44,43,42,41,40,39,38,37,36,35,34,33,32,31,30,29,28,27,26,25,34,33,32,31,30,29],"relic_stats":{"Happy Flower":[22],"Singing Bowl":0,"counters":[28,80],"HoveringKite":[34],"Eternal Feather":39,"Snake Skull":[20],"War Paint":["PiercingWail","Crippling Poison"],"Orichalcum":[120],"Medical Kit":[1],"Question Card":18,"Mercury Hourglass":[13],"Nunchaku":[16],"Centennial Puzzle":[18],"TheAbacus":[0],"Shuriken":[4],"Mummified Hand":[0],"MealTicket":0,"Prayer Wheel":1,"Kunai":[16],"obtain_stats":[{"Lantern":9,"Singing Bowl":45,"HoveringKite":17,"Snake Skull":45,"Ancient Tea Set":19,"Old Coin":12,"Nunchaku":8,"Centennial Puzzle":26,"TheAbacus":45,"Mummified Hand":45,"Ninja Scroll":48,"MealTicket":34,"Prayer Wheel":40,"Kunai":34,"Ring of the Snake":0,"Potion Belt":45,"Pear":45,"Happy Flower":6,"Eternal Feather":31,"The Courier":44,"War Paint":3,"Orichalcum":24,"Medical Kit":19,"Question Card":19,"Mercury Hourglass":45,"Calling Bell":34,"Shuriken":43,"Molten Egg 2":45,"Bag of Marbles":45,"Toy Ornithopter":14,"TungstenRod":34,"Unceasing Top":37},{"Lantern":7,"Singing Bowl":26,"HoveringKite":10,"Snake Skull":26,"Ancient Tea Set":11,"Old Coin":7,"Nunchaku":7,"Centennial Puzzle":15,"TheAbacus":26,"Mummified Hand":26,"Ninja Scroll":27,"MealTicket":19,"Prayer Wheel":24,"Kunai":19,"Ring of the Snake":0,"Potion Belt":26,"Pear":26,"Happy Flower":5,"Eternal Feather":18,"The Courier":26,"War Paint":2,"Orichalcum":14,"Medical Kit":11,"Question Card":11,"Mercury Hourglass":26,"Calling Bell":19,"Shuriken":25,"Molten Egg 2":26,"Bag of Marbles":26,"Toy Ornithopter":9,"TungstenRod":19,"Unceasing Top":22},{"Lantern":17,"Singing Bowl":75,"HoveringKite":24,"Snake Skull":75,"Ancient Tea Set":27,"Old Coin":17,"Nunchaku":17,"Centennial Puzzle":41,"TheAbacus":75,"Mummified Hand":75,"Ninja Scroll":78,"MealTicket":50,"Prayer Wheel":65,"Kunai":50,"Ring of the Snake":0,"Potion Belt":75,"Pear":75,"Happy Flower":12,"Eternal Feather":47,"The Courier":75,"War Paint":3,"Orichalcum":37,"Medical Kit":27,"Question Card":27,"Mercury Hourglass":75,"Calling Bell":50,"Shuriken":70,"Molten Egg 2":75,"Bag of Marbles":75,"Toy Ornithopter":20,"TungstenRod":50,"Unceasing Top":57}],"Toy Ornithopter":5,"TungstenRod":5,"Unceasing Top":[1],"Ring of the Snake":[56]},"card_choices":[{"not_picked":["Backflip","Prepared"],"picked":"Dagger Throw","floor":0},{"not_picked":["Footwork","Caltrops"],"picked":"Dagger Spray","floor":0},{"not_picked":["Slice","Reflex"],"picked":"Bouncing Flask","floor":0},{"not_picked":["Reflex","Outmaneuver"],"picked":"Dagger Spray","floor":0},{"not_picked":["Poisoned Stab","Well Laid Plans"],"picked":"Dagger Spray","floor":0},{"not_picked":["Distraction","Outmaneuver"],"picked":"Dagger Throw","floor":0},{"not_picked":["Skewer","Heel Hook"],"picked":"Deadly Poison","floor":0},{"not_picked":["PiercingWail","Underhanded Strike"],"picked":"Backflip","floor":0},{"not_picked":["Finisher","Endless Agony"],"picked":"Backstab","floor":0},{"not_picked":["Finisher","Deflect"],"picked":"Crippling Poison","floor":0},{"not_picked":["Flying Knee","Slice"],"picked":"Backflip","floor":0},{"not_picked":["Poisoned Stab","Heel Hook"],"picked":"Skewer","floor":0},{"not_picked":["Outmaneuver","Prepared"],"picked":"Dagger Spray","floor":0},{"not_picked":["Deadly Poison","Backstab"],"picked":"Deflect","floor":0},{"not_picked":["Deadly Poison","Flechettes"],"picked":"Backflip","floor":0},{"not_picked":["Dodge and Roll","Quick Slash"],"picked":"Backflip","floor":1},{"not_picked":["Acrobatics","Dodge and Roll"],"picked":"PiercingWail","floor":2},{"not_picked":["Underhanded Strike","Predator","Eviscerate"],"picked":"SKIP","floor":4},{"not_picked":["Dagger Spray","Riddle With Holes"],"picked":"Flying Knee","floor":5},{"not_picked":["Dagger Throw","Die Die Die"],"picked":"Terror","floor":6},{"not_picked":["Deflect","Crippling Poison"],"picked":"Catalyst","floor":7},{"not_picked":["Outmaneuver","Bane"],"picked":"Dagger Throw","floor":8},{"not_picked":["Quick Slash","Reflex"],"picked":"Catalyst","floor":13},{"not_picked":["Masterful Stab","Slice","Distraction"],"picked":"SKIP","floor":14},{"not_picked":["Die Die Die","Grand Finale"],"picked":"Burst","floor":16},{"not_picked":["Reflex","Accuracy"],"picked":"Blade Dance+1","floor":18},{"not_picked":["Backstab","All Out Attack","Outmaneuver"],"picked":"Well Laid Plans+1","floor":21},{"not_picked":["Poisoned Stab","Masterful Stab","Backflip+1"],"picked":"PiercingWail","floor":23},{"not_picked":["Outmaneuver","Tactician+1","All Out Attack+1"],"picked":"Crippling Poison","floor":24},{"not_picked":["Storm of Steel","Eviscerate+1","Bane"],"picked":"Prepared+1","floor":25},{"not_picked":["Choke","Flechettes","PiercingWail+1"],"picked":"Deadly Poison+1","floor":29},{"not_picked":["Cloak And Dagger","Underhanded Strike","Expertise"],"picked":"Acrobatics","floor":30},{"not_picked":["Deadly Poison+1","Predator","Noxious Fumes+1"],"picked":"Cloak And Dagger+1","floor":31},{"not_picked":["Burst","Doppelganger","After Image"],"picked":"Corpse Explosion","floor":33},{"not_picked":["Dagger Spray","Riddle With Holes","Finisher+1","Sucker Punch"],"picked":"SKIP","floor":35},{"not_picked":["Noxious Fumes","Eviscerate","Reflex"],"picked":"Blade Dance+1","floor":36},{"not_picked":["Flechettes+1","Poisoned Stab","Well Laid Plans+1"],"picked":"Deadly Poison+1","floor":37},{"not_picked":["Noxious Fumes+1","Predator","Bane"],"picked":"Cloak And Dagger","floor":39},{"not_picked":["Deadly Poison+1","Dagger Throw+1","Die Die Die"],"picked":"Prepared+1","floor":40},{"not_picked":["Poisoned Stab+1","Finisher+1","Bane"],"picked":"Blade Dance","floor":41},{"not_picked":["Deadly Poison","Quick Slash+1","PiercingWail"],"picked":"Leg Sweep+1","floor":41},{"not_picked":["Dash+1","Outmaneuver","Choke+1"],"picked":"Dodge and Roll+1","floor":44},{"not_picked":["Slice+1","Flying Knee+1","Predator+1"],"picked":"Blur","floor":48}],"player_experience":1320532,"relics_obtained":[{"floor":6,"key":"Happy Flower"},{"floor":8,"key":"Nunchaku"},{"floor":9,"key":"Lantern"},{"floor":12,"key":"Old Coin"},{"floor":14,"key":"Toy Ornithopter"},{"floor":24,"key":"Orichalcum"},{"floor":26,"key":"Centennial Puzzle"},{"floor":31,"key":"Eternal Feather"},{"floor":34,"key":"MealTicket"},{"floor":34,"key":"Kunai"},{"floor":34,"key":"TungstenRod"},{"floor":37,"key":"Unceasing Top"},{"floor":40,"key":"Prayer Wheel"},{"floor":43,"key":"Shuriken"},{"floor":44,"key":"The Courier"},{"floor":48,"key":"Ninja Scroll"}],"event_choices":[{"damage_healed":0,"gold_gain":0,"player_choice":"Box","damage_taken":0,"relics_obtained":["War Paint"],"max_hp_gain":0,"max_hp_loss":0,"event_name":"Big Fish","floor":3,"gold_loss":0,"cards_obtained":["Regret"]},{"damage_healed":0,"gold_gain":61,"player_choice":"Gained Gold","damage_taken":0,"max_hp_gain":0,"max_hp_loss":0,"event_name":"Golden Wing","floor":11,"gold_loss":0},{"damage_healed":0,"gold_gain":0,"player_choice":"Joined the Cult","damage_taken":6,"max_hp_gain":0,"max_hp_loss":0,"event_name":"Nest","floor":20,"gold_loss":0,"cards_obtained":["RitualDagger"]},{"damage_healed":0,"gold_gain":0,"player_choice":"Ignored","damage_taken":0,"max_hp_gain":0,"max_hp_loss":0,"event_name":"Vampires","floor":22,"gold_loss":0},{"cards_removed":["Skewer"],"damage_healed":0,"gold_gain":0,"player_choice":"Elegance","damage_taken":0,"max_hp_gain":0,"max_hp_loss":0,"event_name":"Back to Basics","floor":28,"gold_loss":0},{"damage_healed":0,"gold_gain":0,"player_choice":"Fight","damage_taken":0,"max_hp_gain":0,"max_hp_loss":0,"event_name":"Mysterious Sphere","floor":37,"gold_loss":0},{"damage_healed":0,"gold_gain":999,"player_choice":"Gold","damage_taken":0,"max_hp_gain":0,"max_hp_loss":0,"event_name":"MindBloom","floor":38,"gold_loss":0,"cards_obtained":["Normality","Normality"]},{"cards_removed":["Normality","Normality"],"damage_healed":0,"gold_gain":0,"player_choice":"Removed Curses","damage_taken":0,"max_hp_gain":0,"max_hp_loss":0,"event_name":"Fountain of Cleansing","floor":46,"gold_loss":0}],"is_beta":false,"boss_relics":[{"not_picked":["Runic Pyramid","SacredBark"],"picked":"HoveringKite"},{"not_picked":["Velvet Choker","Fusion Hammer"],"picked":"Calling Bell"}],"items_purged_floors":[19],"is_endless":false,"potions_floor_spawned":[2,5,13,16,21,30,31,40,41,44,48],"ascension_level":0}}