{"host":"2549600wvy7mxnkj","time":1612930638,"event":{"mods":["BaseMod","Hubris","Infinite Spire","Minty Spire (QoL Compilation)","Replay The Spire","StSLib"],"gold_per_floor":[116,116,116,131,56,86,86,102,102,171,185,202,216,243,243,341,341,357,63,76,88,88,88],"floor_reached":22,"language":"ENG","playtime":1075,"items_purged":["Strike_R"],"score":323,"play_id":"7af1f1a5-ba23-4df5-8bc7-e4bfab290e11","local_time":"20210209231718","is_ascension_mode":true,"campfire_choices":[{"data":"ReplayReversal","floor":7,"key":"SMITH"},{"data":"Metallicize","floor":15,"key":"SMITH"}],"circlet_count":0,"master_deck":["Strike_R+1","Defend_R","Defend_R","Defend_R","Defend_R","Bash+1","ReplayReversal+1","Metallicize+1","Iron Wave","Thunderclap","Demon Form","Body Slam","Spot Weakness+1"],"relics":["Burning Blood","NeowsBlessing","ReplayTheSpireMod:Spearhead","infinitespire:Magic Flask","Garlic","Thread and Needle","Empty Cage","infinitespire:Beetle Shell","Brimstone"],"acts_visited":["Exordium","TheCity"],"potions_floor_usage":[16,16,18],"damage_taken":[{"damage":0,"enemies":"Small Slimes","floor":1,"turns":1},{"damage":0,"enemies":"Jaw Worm","floor":4,"turns":1},{"damage":0,"enemies":"Lagavulin","floor":6,"turns":2},{"damage":6,"enemies":"2 Louse","floor":8,"turns":3},{"damage":10,"enemies":"Blue Slaver","floor":11,"turns":5},{"damage":6,"enemies":"3 Louse","floor":12,"turns":5},{"damage":8,"enemies":"Lots of Slimes","floor":13,"turns":6},{"damage":21,"enemies":"Gremlin Nob","floor":14,"turns":4},{"damage":27,"enemies":"Fading Forest","floor":16,"turns":11},{"damage":22,"enemies":"2 Thieves","floor":18,"turns":5},{"damage":14,"enemies":"Shell Parasite","floor":20,"turns":6},{"damage":31,"enemies":"Snake Plant","floor":21,"turns":4},{"damage":24,"enemies":"Chosen and Byrds","floor":22,"turns":6}],"seed_played":"-3806801537237182583","potions_obtained":[{"floor":12,"key":"Strength Potion"},{"floor":13,"key":"SpeedPotion"},{"floor":14,"key":"BlessingOfTheForge"}],"is_trial":false,"path_per_floor":["M","?","?","M","$","E","R","M","T","T","M","M","M","E","R","B",null,"M","$","M","M","M"],"character_chosen":"IRONCLAD","items_purchased":["infinitespire:Beetle Shell","Brimstone"],"campfire_rested":0,"item_purchase_floors":[19,19],"current_hp_per_floor":[78,71,55,61,61,67,67,67,67,67,63,63,61,46,46,25,66,50,50,42,17,0,0],"gold":88,"neow_bonus":"THREE_ENEMY_KILL","is_daily":false,"chose_seed":false,"campfire_upgraded":2,"win_rate":0.0,"timestamp":1612930638,"path_taken":["M","?","?","M","$","E","R","M","T","?","M","M","?","E","R","BOSS","M","$","M","M","M"],"items_purchased_type":["Relic","Relic"],"build_version":"2020-12-22","purchased_purges":1,"victory":false,"max_hp_per_floor":[80,80,80,80,80,80,80,80,80,80,80,80,80,80,80,80,80,80,80,80,80,80,80],"card_choices":[{"not_picked":["Flex","Combust"],"picked":"ReplayReversal","floor":1},{"not_picked":["Twin Strike","hubris:ReadiedAction","Bludgeon"],"picked":"SKIP","floor":4},{"not_picked":["Combust","Spot Weakness","Clothesline"],"picked":"SKIP","floor":6},{"not_picked":["hubris:ReadiedAction","Heavy Blade"],"picked":"Metallicize","floor":8},{"not_picked":["Disarm","Sword Boomerang","Thunderclap"],"picked":"SKIP","floor":11},{"not_picked":["Thunderclap","Demonic Infusion"],"picked":"Iron Wave","floor":12},{"not_picked":["Flex","Perfected Strike"],"picked":"Thunderclap","floor":13},{"not_picked":["Replay:Many Hands","True Grit","Reckless Charge"],"picked":"SKIP","floor":14},{"not_picked":["Demonic Infusion","Reaper"],"picked":"Demon Form","floor":16},{"not_picked":["Heavy Blade","Hemokinesis"],"picked":"Body Slam","floor":18},{"not_picked":["Seeing Red","hubris:ReadiedAction"],"picked":"Spot Weakness+1","floor":20},{"not_picked":["Pommel Strike","infinitespire:OneForAll","Sever Soul"],"picked":"SKIP","floor":21}],"player_experience":223799,"relics_obtained":[{"floor":6,"key":"ReplayTheSpireMod:Spearhead"},{"floor":9,"key":"infinitespire:Magic Flask"},{"floor":10,"key":"Garlic"},{"floor":14,"key":"Thread and Needle"}],"event_choices":[{"cards_removed":["Strike_R"],"damage_healed":0,"gold_gain":0,"player_choice":"Card Removal","damage_taken":7,"max_hp_gain":0,"max_hp_loss":0,"event_name":"Golden Wing","floor":2,"gold_loss":0},{"damage_healed":0,"gold_gain":0,"player_choice":"Entered Light","damage_taken":16,"max_hp_gain":0,"max_hp_loss":0,"event_name":"Shining Light","floor":3,"gold_loss":0,"cards_upgraded":["Bash","Strike_R"]}],"is_beta":false,"boss_relics":[{"not_picked":["Busted Crown","Honey Jar"],"picked":"Empty Cage"}],"items_purged_floors":[5],"is_endless":false,"potions_floor_spawned":[12,13,14],"killed_by":"Chosen and Byrds","ascension_level":9}}