{"host":"dlqyscxstsnu98l1","time":1612932326,"event":{"mods":["AchievementEnabler","BaseMod","Colored Map","Colored Powertips","Downfall","GifTheSpireLib","Highlight Path","Minty Spire (QoL Compilation)","Random Character Button","SacredBarkPlus","StSLib","everything is the same but u backflip on backflip"],"gold_per_floor":[116,136,86,104,104,135,64,64,87,101,133,150,150,150,150,253,253,253,253,31,0,0,0,0,0,0,0,0,0,0,0,0,0,0,0,0,0,0,0,0,0,0,0,0,0,0,0,0,0,0,0,0,0,0,0,0],"floor_reached":55,"language":"ENG","playtime":3051,"items_purged":[],"score":876,"play_id":"ba7b54ef-636f-480c-acc9-9f4aeaea976c","local_time":"20210209224526","is_ascension_mode":true,"campfire_choices":[{"data":"Wallop","floor":13,"key":"SMITH"},{"floor":15,"key":"REST"},{"data":"TalkToTheHand","floor":23,"key":"SMITH"},{"data":"Study","floor":25,"key":"SMITH"},{"floor":32,"key":"REST"},{"floor":40,"key":"REST"},{"floor":44,"key":"REST"},{"data":"Omniscience","floor":47,"key":"SMITH"},{"floor":49,"key":"RECALL"},{"data":"Protect","floor":52,"key":"SMITH"}],"circlet_count":0,"master_deck":["Strike_P","Strike_P","Strike_P","Defend_P","Defend_P","Defend_P+1","Vigilance","Judgement+1","Collect+1","Sanctity","Protect","Protect+1","FollowUp","Wallop+1","SandsOfTime","Devotion","TalkToTheHand+1","Study+1","DeceiveReality","Protect","Brilliance","EmptyFist+1","Wallop","SashWhip","Devotion","Protect+1","Protect+1","Prostrate","Omniscience+1","Madness","Madness","Protect+1","Protect"],"relics":["PureWater","MealTicket","Strawberry","Bronze Scales","Mercury Hourglass","Ectoplasm","Chemical X","PreservedInsect","TeardropLocket","Regal Pillow","Damaru","Black Star","CloakClasp","War Paint","Gambling Chip","Orichalcum","Bag of Marbles"],"acts_visited":["Exordium","TheCity","TheBeyond","TheEnding"],"potions_floor_usage":[6,11,22,24,24,27,33,35,39,41,50,50],"damage_taken":[{"damage":0,"enemies":"Jaw Worm","floor":1,"turns":2},{"damage":0,"enemies":"2 Louse","floor":2,"turns":1},{"damage":0,"enemies":"Small Slimes","floor":4,"turns":2},{"damage":19,"enemies":"3 Sentries","floor":6,"turns":15},{"damage":0,"enemies":"Looter","floor":10,"turns":3},{"damage":28,"enemies":"Lagavulin","floor":11,"turns":6},{"damage":0,"enemies":"Red Slaver","floor":12,"turns":2},{"damage":16,"enemies":"The Guardian","floor":16,"turns":8},{"damage":4,"enemies":"Shell Parasite","floor":18,"turns":4},{"damage":18,"enemies":"2 Thieves","floor":21,"turns":4},{"damage":3,"enemies":"Centurion and Healer","floor":22,"turns":5},{"damage":12,"enemies":"Slavers","floor":24,"turns":5},{"damage":2,"enemies":"Gremlin Leader","floor":27,"turns":3},{"damage":1,"enemies":"Chosen and Byrds","floor":28,"turns":4},{"damage":24,"enemies":"Snake Plant","floor":29,"turns":3},{"damage":6,"enemies":"Book of Stabbing","floor":31,"turns":5},{"damage":21,"enemies":"Collector","floor":33,"turns":10},{"damage":6,"enemies":"3 Darklings","floor":35,"turns":4},{"damage":10,"enemies":"3 Shapes","floor":36,"turns":4},{"damage":6,"enemies":"Writhing Mass","floor":37,"turns":6},{"damage":51,"enemies":"Transient","floor":39,"turns":5},{"damage":0,"enemies":"Mind Bloom Boss Battle","floor":41,"turns":5},{"damage":20,"enemies":"Nemesis","floor":42,"turns":5},{"damage":0,"enemies":"4 Shapes","floor":48,"turns":4},{"damage":37,"enemies":"Time Eater","floor":50,"turns":13},{"damage":62,"enemies":"Shield and Spear","floor":54,"turns":6},{"damage":32,"enemies":"The Heart","floor":55,"turns":3}],"seed_played":"6111762182770899914","potions_obtained":[{"floor":4,"key":"StancePotion"},{"floor":6,"key":"Regen Potion"},{"floor":10,"key":"Swift Potion"},{"floor":16,"key":"Energy Potion"},{"floor":19,"key":"AttackPotion"},{"floor":19,"key":"SpeedPotion"},{"floor":21,"key":"Block Potion"},{"floor":22,"key":"Weak Potion"},{"floor":24,"key":"BlessingOfTheForge"},{"floor":31,"key":"Strength Potion"},{"floor":37,"key":"Regen Potion"},{"floor":39,"key":"SneckoOil"},{"floor":42,"key":"FearPotion"},{"floor":48,"key":"ColorlessPotion"}],"is_trial":false,"path_per_floor":["M","M","$","M","?","E","$","?","T","M","E","M","R","?","R","B",null,"M","?","$","M","M","R","E","R","T","E","M","M","?","E","R","B",null,"M","M","M","$","M","R","?","E","T","R","?","?","R","M","R","B",null,"R","$","E","B"],"character_chosen":"WATCHER","items_purchased":["Protect","Wallop","Chemical X","Study"],"campfire_rested":4,"item_purchase_floors":[3,7,20,20],"current_hp_per_floor":[72,72,72,72,65,46,61,61,68,68,45,45,45,27,50,34,79,75,75,79,61,58,58,46,46,46,44,43,19,19,13,51,30,79,73,63,57,72,30,68,68,48,48,79,79,69,69,69,69,32,79,79,79,17,0,0],"gold":0,"neow_bonus":"ONE_RANDOM_RARE_CARD","is_daily":false,"chose_seed":false,"campfire_upgraded":5,"win_rate":0.0,"timestamp":1612932326,"path_taken":["M","M","$","M","?","E","$","?","T","M","E","M","R","?","R","BOSS","M","?","$","M","M","R","E","R","T","E","M","?","?","E","R","BOSS","M","M","?","$","M","R","?","E","T","R","?","?","R","M","R","BOSS","R","$","E","BOSS"],"items_purchased_type":["Card","Card","Relic","Card"],"build_version":"2020-12-22","purchased_purges":0,"victory":false,"max_hp_per_floor":[72,72,72,72,72,72,72,72,79,79,79,79,79,79,79,79,79,79,79,79,79,79,79,79,79,79,79,79,79,79,79,79,79,79,79,79,79,79,79,79,79,79,79,79,79,79,79,79,79,79,79,79,79,79,79,79],"card_choices":[{"not_picked":["ClearTheMind","FollowUp"],"picked":"Collect","floor":1},{"not_picked":["Perseverance","Consecrate"],"picked":"Sanctity","floor":2},{"not_picked":["EmptyBody","EmptyFist"],"picked":"Protect","floor":4},{"not_picked":["ForeignInfluence","EmptyBody"],"picked":"FollowUp","floor":6},{"not_picked":["Prostrate","Crescendo","CutThroughFate"],"picked":"SKIP","floor":10},{"not_picked":["BowlingBash","ForeignInfluence"],"picked":"SandsOfTime","floor":11},{"not_picked":["MentalFortress","BowlingBash","Crescendo"],"picked":"SKIP","floor":12},{"not_picked":["SpiritShield","Vault"],"picked":"Devotion","floor":16},{"not_picked":["CrushJoints","JustLucky"],"picked":"TalkToTheHand","floor":18},{"not_picked":["Crescendo","Protect"],"picked":"DeceiveReality","floor":21},{"not_picked":["BowlingBash","JustLucky","FlurryOfBlows"],"picked":"SKIP","floor":22},{"not_picked":["SashWhip","Vengeance"],"picked":"Protect","floor":24},{"not_picked":["TalkToTheHand","EmptyFist"],"picked":"Brilliance","floor":27},{"not_picked":["PathToVictory+1","FlurryOfBlows"],"picked":"EmptyFist+1","floor":28},{"not_picked":["MentalFortress","CutThroughFate+1"],"picked":"Wallop","floor":29},{"not_picked":["JustLucky+1","EmptyFist+1","Meditate"],"picked":"SKIP","floor":31},{"not_picked":["LessonLearned","DevaForm"],"picked":"Devotion","floor":33},{"not_picked":["CutThroughFate","Tantrum"],"picked":"Protect+1","floor":35},{"not_picked":["SandsOfTime","Indignation"],"picked":"Protect+1","floor":36},{"not_picked":["FollowUp+1","Consecrate","SashWhip"],"picked":"SKIP","floor":37},{"not_picked":["EmptyFist","CutThroughFate"],"picked":"Prostrate","floor":39},{"not_picked":["CutThroughFate+1","LikeWater"],"picked":"Omniscience","floor":41},{"not_picked":["LessonLearned","Consecrate","PathToVictory"],"picked":"SKIP","floor":42},{"not_picked":["FollowUp","EmptyBody"],"picked":"Protect+1","floor":48},{"not_picked":["Adaptation","WreathOfFlame"],"picked":"Protect","floor":54}],"player_experience":179708,"relics_obtained":[{"floor":6,"key":"MealTicket"},{"floor":9,"key":"Strawberry"},{"floor":11,"key":"Bronze Scales"},{"floor":24,"key":"PreservedInsect"},{"floor":26,"key":"TeardropLocket"},{"floor":27,"key":"Regal Pillow"},{"floor":31,"key":"Damaru"},{"floor":41,"key":"CloakClasp"},{"floor":42,"key":"War Paint"},{"floor":42,"key":"Gambling Chip"},{"floor":54,"key":"Orichalcum"},{"floor":54,"key":"Bag of Marbles"}],"event_choices":[{"cards_removed":["Defend_P"],"damage_healed":0,"gold_gain":0,"player_choice":"Card Removal","damage_taken":7,"max_hp_gain":0,"max_hp_loss":0,"event_name":"Golden Wing","floor":5,"gold_loss":0},{"damage_healed":0,"gold_gain":0,"player_choice":"Grow","damage_taken":0,"max_hp_gain":0,"max_hp_loss":0,"event_name":"Living Wall","floor":8,"gold_loss":0,"cards_upgraded":["Judgement"]},{"damage_healed":0,"gold_gain":0,"player_choice":"Success","damage_taken":18,"relics_obtained":["Mercury Hourglass"],"max_hp_gain":0,"max_hp_loss":0,"event_name":"Scrap Ooze","floor":14,"gold_loss":0},{"damage_healed":0,"gold_gain":0,"player_choice":"Got Potions","damage_taken":0,"max_hp_gain":0,"max_hp_loss":0,"event_name":"Lab","floor":19,"gold_loss":0},{"damage_healed":0,"gold_gain":0,"cards_transformed":["Strike_P"],"player_choice":"Transformed","damage_taken":0,"max_hp_gain":0,"max_hp_loss":0,"event_name":"Transmorgrifier","floor":30,"gold_loss":0,"cards_obtained":["SashWhip"]},{"damage_healed":0,"gold_gain":0,"player_choice":"Fight","damage_taken":0,"max_hp_gain":0,"max_hp_loss":0,"event_name":"MindBloom","floor":41,"gold_loss":0},{"cards_removed":["Eruption"],"damage_healed":0,"gold_gain":0,"player_choice":"Removed Attack","damage_taken":0,"max_hp_gain":0,"max_hp_loss":0,"event_name":"Falling","floor":45,"gold_loss":0},{"damage_healed":0,"gold_gain":0,"player_choice":"Embrace Madness","damage_taken":10,"max_hp_gain":0,"max_hp_loss":0,"event_name":"Winding Halls","floor":46,"gold_loss":0,"cards_obtained":["Madness","Madness"]}],"is_beta":false,"boss_relics":[{"not_picked":["SlaversCollar","VioletLotus"],"picked":"Ectoplasm"},{"not_picked":["Runic Pyramid","Runic Dome"],"picked":"Black Star"}],"items_purged_floors":[],"is_endless":false,"potions_floor_spawned":[4,6,10,16,21,22,24,31,37,39,42,48],"killed_by":"The Heart","ascension_level":3}}