{"host":"4rvakrj1idbgia3f","time":1612943814,"event":{"mods":["BaseMod","Colored Map","Colored Powertips","DeckTracker","Highlight Path","Minty Spire (QoL Compilation)","Random Character Button","StSLib"],"gold_per_floor":[118,136,36,36,111,111,121,121,121,153,153,153,168,168,168,241,241,259,259,275,9,9,9],"floor_reached":22,"language":"JPN","playtime":537,"items_purged":["Strike_B","Writhe"],"score":364,"play_id":"04476c52-d979-435d-9137-44fea5d378a7","local_time":"20210210165654","is_ascension_mode":true,"campfire_choices":[{"data":"Streamline","floor":6.0,"key":"SMITH"},{"data":"Zap","floor":8.0,"key":"SMITH"},{"floor":12.0,"key":"REST"},{"floor":15.0,"key":"REST"}],"circlet_count":0,"master_deck":["AscendersBane","Strike_B","Strike_B","Strike_B","Defend_B","Defend_B+1","Defend_B","Zap+1","Dualcast+1","Go for the Eyes","Gash","Genetic Algorithm","Streamline+1","Gash+1","Conserve Battery","Scrape","Machine Learning","Loop","Chill+1"],"relics":["Cracked Core","Kunai","Mercury Hourglass","War Paint","Inserter","Emotion Chip","Sling"],"acts_visited":["Exordium","TheCity"],"potions_floor_usage":[20],"damage_taken":[{"damage":0.0,"enemies":"Cultist","floor":1.0,"turns":3.0},{"damage":0.0,"enemies":"2 Louse","floor":2.0,"turns":3.0},{"damage":5.0,"enemies":"Jaw Worm","floor":7.0,"turns":4.0},{"damage":34.0,"enemies":"Gremlin Nob","floor":10.0,"turns":4.0},{"damage":0.0,"enemies":"2 Fungi Beasts","floor":13.0,"turns":2.0},{"damage":4.0,"enemies":"Slime Boss","floor":16.0,"turns":7.0},{"damage":9.0,"enemies":"Chosen","floor":18.0,"turns":4.0},{"damage":25,"enemies":"2 Thieves","floor":20,"turns":3},{"damage":28,"enemies":"Cultist and Chosen","floor":22,"turns":5}],"seed_played":"8159383282291089379","potions_obtained":[{"floor":10.0,"key":"LiquidMemories"},{"floor":16.0,"key":"Explosive Potion"}],"is_trial":false,"path_per_floor":["M","M","$","T","?","R","M","R","T","E","?","R","M","?","R","B",null,"M","?","M","$","M"],"character_chosen":"DEFECT","items_purchased":["Streamline","Sling"],"campfire_rested":2,"item_purchase_floors":[3,21],"current_hp_per_floor":[64,64,64,64,53,53,48,48,48,14,14,35,35,9,30,26,60,51,51,26,26,0,0],"gold":9,"neow_bonus":"TRANSFORM_CARD","is_daily":false,"chose_seed":false,"campfire_upgraded":2,"win_rate":0.0,"timestamp":1612943814,"path_taken":["M","M","$","?","?","R","M","R","T","E","?","R","?","?","R","BOSS","M","?","M","$","M"],"items_purchased_type":["Card","Relic"],"build_version":"2020-12-22","purchased_purges":2,"victory":false,"max_hp_per_floor":[71,71,71,71,71,71,71,71,71,71,71,71,71,71,71,71,71,71,71,71,71,71,71],"card_choices":[{"not_picked":["Compile Driver","Rebound"],"picked":"Gash","floor":1.0},{"not_picked":["Streamline","Coolheaded"],"picked":"Genetic Algorithm","floor":2.0},{"not_picked":["FTL","Sweeping Beam"],"picked":"Gash","floor":7.0},{"not_picked":["Aggregate","Sweeping Beam"],"picked":"Conserve Battery","floor":10.0},{"not_picked":["Beam Cell","Sweeping Beam"],"picked":"Scrape","floor":13.0},{"not_picked":["Echo Form","Hyperbeam"],"picked":"Machine Learning","floor":16.0},{"not_picked":["Streamline","Hello World"],"picked":"Loop","floor":18.0},{"not_picked":["Go for the Eyes+1","White Noise"],"picked":"Chill+1","floor":20}],"player_experience":2249471,"relics_obtained":[{"floor":4.0,"key":"Kunai"},{"floor":9.0,"key":"Mercury Hourglass"},{"floor":10.0,"key":"War Paint"}],"event_choices":[{"damage_healed":0.0,"max_hp_gain":0.0,"max_hp_loss":0.0,"gold_gain":75.0,"event_name":"World of Goop","player_choice":"Gather Gold","floor":5.0,"gold_loss":0.0,"damage_taken":11.0},{"damage_healed":0.0,"max_hp_gain":0.0,"max_hp_loss":0.0,"gold_gain":0.0,"event_name":"Living Wall","player_choice":"Grow","floor":11.0,"gold_loss":0.0,"damage_taken":0.0,"cards_upgraded":["Gash"]},{"damage_healed":0.0,"max_hp_gain":0.0,"max_hp_loss":0.0,"gold_gain":0.0,"event_name":"Scrap Ooze","player_choice":"Fled","floor":14.0,"gold_loss":0.0,"damage_taken":26.0},{"damage_healed":0,"gold_gain":0,"player_choice":"Opened","damage_taken":0,"relics_obtained":["Emotion Chip"],"max_hp_gain":0,"max_hp_loss":0,"event_name":"The Mausoleum","floor":19,"gold_loss":0,"cards_obtained":["Writhe"]}],"is_beta":false,"boss_relics":[{"not_picked":["Calling Bell","Pandora\u0027s Box"],"picked":"Inserter"}],"items_purged_floors":[3,21],"is_endless":false,"potions_floor_spawned":[10,16],"killed_by":"Cultist and Chosen","ascension_level":20}}