{"host":"kqjncq1jgqa58i7s","time":1612973493,"event":{"mods":["AchievementEnabler","BaseMod","Colored Map","Minty Spire (QoL Compilation)","Relic Stats"],"gold_per_floor":[113,113,129,129,129,129,157,167,167,167,181,2,19,32,32,32,32],"floor_reached":16,"language":"ENG","playtime":666,"items_purged":[],"score":204,"play_id":"a01c9bc6-1846-49d8-b5a2-759b3c49a197","local_time":"20210210171133","is_ascension_mode":true,"campfire_choices":[{"floor":6,"key":"REST"},{"data":"Eruption","floor":10,"key":"SMITH"},{"floor":15,"key":"REST"}],"circlet_count":0,"master_deck":["AscendersBane","Strike_P","Strike_P","Strike_P","Strike_P","Defend_P","Defend_P","Defend_P","Defend_P","Eruption+1","Vigilance","Prostrate+1","SashWhip+1","MentalFortress","FlurryOfBlows","FlurryOfBlows","SpiritShield","Adaptation","ReachHeaven","Consecrate","CutThroughFate"],"relics":["PureWater","Incense Burner","Dream Catcher","Prayer Wheel","Membership Card"],"acts_visited":["Exordium"],"potions_floor_usage":[7,11,14],"damage_taken":[{"damage":2,"enemies":"Jaw Worm","floor":1,"turns":5},{"damage":1,"enemies":"Small Slimes","floor":3,"turns":5},{"damage":21,"enemies":"Lagavulin","floor":7,"turns":4},{"damage":7,"enemies":"2 Louse","floor":8,"turns":3},{"damage":13,"enemies":"Exordium Thugs","floor":11,"turns":5},{"damage":0,"enemies":"2 Fungi Beasts","floor":13,"turns":2},{"damage":0,"enemies":"Blue Slaver","floor":14,"turns":4},{"damage":31,"enemies":"Hexaghost","floor":16,"turns":9}],"seed_played":"-7094342258629172491","potions_obtained":[{"floor":1,"key":"FearPotion"},{"floor":8,"key":"Block Potion"},{"floor":13,"key":"ColorlessPotion"}],"is_trial":false,"path_per_floor":["M","?","M","?","?","R","E","M","T","R","M","$","M","M","R","B"],"character_chosen":"WATCHER","items_purchased":["Membership Card","Adaptation"],"campfire_rested":2,"item_purchase_floors":[12,12],"current_hp_per_floor":[65,39,38,16,21,44,23,16,16,16,3,3,3,3,26,0,0],"gold":32,"neow_bonus":"TEN_PERCENT_HP_BONUS","is_daily":false,"chose_seed":false,"campfire_upgraded":1,"win_rate":0.0,"timestamp":1612973493,"path_taken":["M","?","M","?","?","R","E","M","T","R","M","$","M","M","R","BOSS"],"items_purchased_type":["Relic","Card"],"build_version":"2020-12-22","purchased_purges":0,"victory":false,"max_hp_per_floor":[74,74,74,74,79,79,79,79,79,79,79,79,79,79,79,79,79],"relic_stats":{"Dream Catcher":1,"counters":[8,37],"Prayer Wheel":3,"obtain_stats":[{"Dream Catcher":7,"Prayer Wheel":9,"Incense Burner":2,"Membership Card":12,"PureWater":0},{"Dream Catcher":3,"Prayer Wheel":4,"Incense Burner":1,"Membership Card":5,"PureWater":0},{"Dream Catcher":14,"Prayer Wheel":17,"Incense Burner":5,"Membership Card":22,"PureWater":0}]},"card_choices":[{"not_picked":["WreathOfFlame","Crescendo"],"picked":"Prostrate","floor":1},{"not_picked":["SandsOfTime","Weave"],"picked":"SashWhip","floor":3},{"not_picked":["LikeWater","ThirdEye"],"picked":"MentalFortress","floor":7},{"not_picked":["SandsOfTime","WindmillStrike"],"picked":"FlurryOfBlows","floor":8},{"not_picked":["Pray","LikeWater"],"picked":"FlurryOfBlows","floor":11},{"not_picked":["BowlingBash","SpiritShield","SashWhip"],"picked":"SKIP","floor":11},{"not_picked":["BowlingBash","SashWhip"],"picked":"SpiritShield","floor":11},{"not_picked":["Protect","Adaptation"],"picked":"ReachHeaven","floor":13},{"not_picked":["SandsOfTime","Halt"],"picked":"Consecrate","floor":13},{"not_picked":["JustLucky","ClearTheMind"],"picked":"CutThroughFate","floor":14},{"not_picked":["Consecrate","Adaptation","ThirdEye"],"picked":"SKIP","floor":14}],"player_experience":1675929,"relics_obtained":[{"floor":7,"key":"Dream Catcher"},{"floor":9,"key":"Prayer Wheel"}],"event_choices":[{"damage_healed":0,"gold_gain":0,"player_choice":"Success","damage_taken":26,"relics_obtained":["Incense Burner"],"max_hp_gain":0,"max_hp_loss":0,"event_name":"Scrap Ooze","floor":2,"gold_loss":0},{"damage_healed":0,"gold_gain":0,"player_choice":"Entered Light","damage_taken":22,"max_hp_gain":0,"max_hp_loss":0,"event_name":"Shining Light","floor":4,"gold_loss":0,"cards_upgraded":["Prostrate","SashWhip"]},{"damage_healed":0,"gold_gain":0,"player_choice":"Donut","damage_taken":0,"max_hp_gain":5,"max_hp_loss":0,"event_name":"Big Fish","floor":5,"gold_loss":0}],"is_beta":false,"boss_relics":[],"items_purged_floors":[],"is_endless":false,"potions_floor_spawned":[1,8,13],"killed_by":"Hexaghost","ascension_level":20}}