{"host":"i73ch23exsqar74a","time":1612977504,"event":{"mods":["AchievementEnabler","Aspiration","Astrologer","Bard","Bartender","BaseMod","Beaked The Cultist","Better Sensory Stone","CCEM2","CapriCore","Challenge The Spire","ChefMod","Chen","Colored Map","Colored Powertips","Conjunction","Conspire","Downfall","Fireblade Mod","FutureSeer","GifTheSpireLib","Glutton Mod","Gremlin Mod","Halation","Hermit","Highlight Path","HololiveMod","Hubris","Infinite Spire","Jedi Mod","Lobotomy","LobotomyExtend","Luminous","Marked Mod","Minty Spire (QoL Compilation)","Prisma Mod","Quarter Circle Forward PUNCH!","Quick Restart","Random Character Button","RatMod","Relic Sorter","Reliquary","Replay The Spire","SOS???????","Shade Mod","Spicy Shops","Spikes Relics","Spire Arcade","StSLib","Stuff the Spire","The Alterego","The Animator","The Bug Knight","The Construct","The Cursed","The Druid","The Exalted","The Immortal","The Judge","The Poker Player","The Sage","The Wild Card","TheHero","TheSwordswoman","TheVacant","TheVelvet","Thieving Mod","Yuri Mod","???Mod??????Boss","???mod?????"],"gold_per_floor":[118,145,31,106,122,122,122,153,153,153,10,10,10,28,28,130,130,148,148,148,167,184,184,194,194,194,194,229,5,5,23,23,134,134,150,169,169,188,215,253,253,276,289,289,301,576,596,596,596,596,596,596,522,572,572,572],"floor_reached":56,"language":"ENG","playtime":2659,"items_purged":[],"score":766,"play_id":"47cdfa3e-f91d-4695-a198-0ce2ced30fbf","local_time":"20210210211824","is_ascension_mode":false,"campfire_choices":[{"data":"animator:CrowleyEusford","floor":6,"key":"SMITH"},{"data":"animator:KrulTepes","floor":10,"key":"SMITH"},{"data":"animator:Lancer","floor":12,"key":"SMITH"},{"data":"animator:CrowleyEusford","floor":15,"key":"SMITH"},{"data":"animator:Saber","floor":23,"key":"SMITH"},{"data":"animator:KyokoSakura","floor":27,"key":"SMITH"},{"data":"Slimebound:CheckThePlaybook","floor":30,"key":"SMITH"},{"floor":32,"key":"REST"},{"floor":42,"key":"REST"},{"floor":49,"key":"DIG"},{"data":"animator:HinaKagiyama","floor":53,"key":"SMITH"}],"circlet_count":0,"master_deck":["animator:Strike_OwariNoSeraph","animator:Defend_OwariNoSeraph","animator:Strike","animator:Strike","animator:Strike","animator:Defend","animator:Defend","animator:Defend","animator:Shinoa","animator:Mikaela","animator:Mikaela","animator:Lancer","animator:CrowleyEusford","Doubt","animator:Mitsuba","animator:KrulTepes+1","animator:CrowleyEusford","animator:Saber+1","animator:KyokoSakura","Slimebound:CheckThePlaybook","downfall:Icky","animator:ElricAlphonse","animator:Lancer","animator:Mitsuba+1","animator:MisaKurobane","animator:NagisaMomoe","animator:MamiTomoe","animator:Shinoa","animator:Ainz","animator:Yuuichirou","animator:UneriGinkaku","animator:YuiTsuruno","animator:Shigure","animator:MaesHughes","animator:HinaKagiyama","animator:Curse_Dizziness","animator:RoyMustang","Regret","animator:Yoichi+1"],"relics":["animator:TheWolleyCore","animator:AncientMedallion"],"acts_visited":["Exordium","TheCity","TheBeyond","TheEnding","EYB:TheUnnamedReign"],"potions_floor_usage":[18,33],"damage_taken":[{"damage":0,"enemies":"Cultist","floor":1,"turns":4},{"damage":0,"enemies":"conspire:RoseBush","floor":2,"turns":2},{"damage":0,"enemies":"Small Slimes","floor":5,"turns":2},{"damage":0,"enemies":"Exordium Wildlife","floor":8,"turns":3},{"damage":0,"enemies":"2 Fungi Beasts","floor":14,"turns":2},{"damage":24,"enemies":"Fading Forest","floor":16,"turns":11},{"damage":0,"enemies":"2 Thieves","floor":18,"turns":2},{"damage":7,"enemies":"Spheric Guardian","floor":21,"turns":2},{"damage":4,"enemies":"Snecko","floor":22,"turns":4},{"damage":0,"enemies":"Centurion and Healer","floor":24,"turns":5},{"damage":6,"enemies":"HollowMod:Nosk","floor":28,"turns":4},{"damage":0,"enemies":"Sentry and Sphere","floor":31,"turns":3},{"damage":57,"enemies":"Automaton","floor":33,"turns":8},{"damage":18,"enemies":"3 Darklings","floor":35,"turns":3},{"damage":0,"enemies":"Orb Walker","floor":36,"turns":2},{"damage":24,"enemies":"Maw","floor":39,"turns":5},{"damage":4,"enemies":"Giant Head","floor":40,"turns":5},{"damage":0,"enemies":"4 Shapes","floor":41,"turns":2},{"damage":0,"enemies":"Spire Growth","floor":44,"turns":2},{"damage":0,"enemies":"Transient","floor":46,"turns":5},{"damage":3,"enemies":"3 Darklings","floor":48,"turns":2},{"damage":13,"enemies":"hubris:GrandSnecko","floor":50,"turns":6},{"damage":80,"enemies":"animator:UNNAMED_CULTIST_1","floor":55,"turns":12},{"damage":25,"enemies":"animator:TRIPLE_SHAPES_WEAK","floor":56,"turns":1}],"seed_played":"-3270742633755220827","potions_obtained":[{"floor":8,"key":"jedi:StrikingPotion"},{"floor":16,"key":"ThievingMod:ThievingPotion"},{"floor":18,"key":"GamblersBrew"},{"floor":22,"key":"Dexterity Potion"},{"floor":36,"key":"Milkshake"},{"floor":46,"key":"Strength Potion"},{"floor":55,"key":"animator:FalseLifePotion"}],"is_trial":false,"path_per_floor":["M","M","$","?","M","R","E","M","T","R","$","R","?","M","R","B",null,"M","?","?","M","M","R","M","?","T","R","E","$","R","M","R","B",null,"?","?","AVR","?","E","?","T","T","?","?","?","?","?","T","B",null,null,"T","??","M","M"],"character_chosen":"THE_ANIMATOR","items_purchased":["Choco_Feather","aspiration:AnachronicSnailShell","animator:MamiTomoe","reliquary:ExpiredCoupon"],"campfire_rested":2,"item_purchase_floors":[3,11,29,29],"current_hp_per_floor":[66,66,66,55,56,56,67,67,67,67,67,67,67,67,67,46,67,67,67,67,60,56,56,56,44,44,44,38,38,38,38,58,1,67,50,50,50,26,22,22,42,42,42,42,42,42,39,39,26,26,68,68,98,20,0,0],"gold":572,"neow_bonus":"THREE_CARDS","is_daily":false,"chose_seed":false,"campfire_upgraded":8,"win_rate":0.0,"timestamp":1612977504,"path_taken":["M","M","?","?","M","R","E","M","T","R","$","R","?","M","R","BOSS","M","?","?","M","M","R","?","?","T","R","E","$","R","M","R","BOSS","?","?","AVR","?","E","?","T","T","?","?","?","?","?","T","BOSS","T","??","M","M"],"items_purchased_type":["Relic","Relic","Card","Relic"],"build_version":"2020-12-22","purchased_purges":0,"victory":false,"max_hp_per_floor":[66,66,66,66,67,67,67,67,67,67,67,67,67,67,67,67,67,67,67,67,67,67,67,67,67,67,67,67,67,67,67,67,67,67,68,68,68,68,68,68,68,68,68,68,68,68,68,68,68,68,68,68,98,100,100,100],"card_choices":[{"not_picked":["animator:ElricEdward","animator:YuiTsuruno"],"picked":"animator:Mikaela","floor":0},{"not_picked":["animator:Shinoa","animator:Sloth"],"picked":"animator:Lancer","floor":1},{"not_picked":["animator:OrikoMikuni","animator:Scar"],"picked":"animator:CrowleyEusford","floor":2},{"not_picked":["animator:MaesHughes","animator:Gluttony"],"picked":"animator:Mitsuba","floor":5},{"not_picked":["animator:Shinoa","animator:Mikaela"],"picked":"animator:KrulTepes","floor":8},{"not_picked":["animator:HiiragiShinya","animator:Gluttony"],"picked":"animator:CrowleyEusford","floor":14},{"not_picked":["animator:HigakiRinne","animator:MadokaKaname"],"picked":"animator:Saber","floor":16},{"not_picked":["animator:WinryRockbell","animator:Shalltear"],"picked":"animator:KyokoSakura","floor":18},{"not_picked":["animator:Sloth","animator:GuildGirl"],"picked":"animator:ElricAlphonse","floor":21},{"not_picked":["animator:Berserker","animator:Illya"],"picked":"animator:Lancer","floor":22},{"not_picked":["animator:Shichika+1","animator:Spearman"],"picked":"animator:Mitsuba","floor":24},{"not_picked":["animator:Pride+1","animator:Rider"],"picked":"animator:NagisaMomoe","floor":28},{"not_picked":["animator:GuildGirl+1","animator:IrohaTamaki+1"],"picked":"animator:Shinoa","floor":31},{"not_picked":["animator:HomuraAkemi","animator:MadokaKaname"],"picked":"animator:Ainz","floor":33},{"not_picked":["animator:HiiragiShinya","animator:Shigure"],"picked":"animator:Yuuichirou","floor":35},{"not_picked":["animator:MaesHughes","animator:CrowleyEusford"],"picked":"animator:UneriGinkaku+1","floor":36},{"not_picked":["animator:KyokoSakura+1","animator:Yoichi+1"],"picked":"animator:YuiTsuruno+1","floor":39},{"not_picked":["animator:TsurugaMeisai","animator:Rider","animator:Hitei"],"picked":"SKIP","floor":40},{"not_picked":["animator:Mitsuba","animator:CrowleyEusford"],"picked":"animator:Shigure","floor":41},{"not_picked":["animator:OrikoMikuni","animator:Entoma+1"],"picked":"animator:MaesHughes","floor":44},{"not_picked":["animator:OrikoMikuni+1","animator:Shalltear+1"],"picked":"animator:RoyMustang+1","floor":46},{"not_picked":["animator:Sloth","animator:Illya+1","animator:KrulTepes+1"],"picked":"SKIP","floor":48},{"not_picked":["animator:Priestess+1","animator:RoyMustang+1"],"picked":"animator:Yoichi+1","floor":55}],"player_experience":1434348,"relics_obtained":[{"floor":1,"key":"LetterFromLob"},{"floor":9,"key":"RoseTintedShades"},{"floor":26,"key":"hubris:Teleporter"},{"floor":28,"key":"Red Skull"},{"floor":40,"key":"hubris:SphereOfDissonance"},{"floor":43,"key":"CCEMRelics:PorcelainBowl"},{"floor":49,"key":"Bromod:ArcaneGuardian"},{"floor":54,"key":"animator:TheWolleyCore"},{"floor":54,"key":"animator:AncientMedallion"},{"floor":55,"key":"LetterFromLob"}],"event_choices":[{"damage_healed":0,"gold_gain":75,"player_choice":"Gather Gold","damage_taken":11,"max_hp_gain":0,"max_hp_loss":0,"event_name":"World of Goop","floor":4,"gold_loss":0},{"damage_healed":0,"gold_gain":0,"player_choice":"Ignored","damage_taken":0,"max_hp_gain":0,"max_hp_loss":0,"event_name":"N\u0027loth","floor":20,"gold_loss":0},{"damage_healed":0,"gold_gain":0,"player_choice":"CARD ","damage_taken":12,"max_hp_gain":0,"max_hp_loss":0,"event_name":"Knowing Skull","floor":25,"potions_obtained":[],"gold_loss":0,"cards_obtained":["animator:MisaKurobane"]},{"damage_healed":0,"gold_gain":275,"player_choice":"Desecrate","damage_taken":0,"max_hp_gain":0,"max_hp_loss":0,"event_name":"Golden Shrine","floor":47,"gold_loss":0,"cards_obtained":["Regret"]}],"is_beta":false,"boss_relics":[{"not_picked":["conspire:SeveredTorchhead","Replay:Drink Me"],"picked":"Hololive_Finger"},{"not_picked":["CCEMRelics:DefectiveTurbocharger","qcfpunch:Dark_Gi"],"picked":"Painkiller Herb"}],"items_purged_floors":[],"is_endless":false,"potions_floor_spawned":[8,16,18,22,28,36,41,46],"killed_by":"animator:TRIPLE_SHAPES_WEAK","ascension_level":0}}