{"host":"za1qviwhp34x909e","time":1612940049,"event":{"mods":["BaseMod","Colored Map","Colored Powertips","Highlight Path","Minty Spire (QoL Compilation)","Quick Restart"],"gold_per_floor":[117,117,135,154,171,171,205,205,283,49,60,60,90,90,90,186,186,197,207,207,207,223,248,248,282,282,87,87,87,87,97,97,201,201,218,218,70,70,46,46,81,81,81,100,125,36,49,59,59,59,59],"floor_reached":50,"language":"ENG","playtime":3400,"items_purged":["Strike_G+1","Underhanded Strike+1"],"score":842,"play_id":"d6f06339-dc8b-4da5-a6dd-64ac646a5129","local_time":"20210210005409","is_ascension_mode":true,"campfire_choices":[{"data":"Dodge and Roll","floor":6,"key":"SMITH"},{"floor":8,"key":"REST"},{"data":"Well Laid Plans","floor":12,"key":"SMITH"},{"data":"Predator","floor":15,"key":"SMITH"},{"floor":24,"key":"REST"},{"floor":30,"key":"REST"},{"floor":32,"key":"RECALL"},{"floor":40,"key":"REST"},{"floor":49,"key":"REST"}],"circlet_count":0,"master_deck":["Defend_G+1","Defend_G+1","Defend_G+1","Defend_G+1","Survivor","Neutralize","Sucker Punch","Calculated Gamble","Predator+1","Dodge and Roll+1","Well Laid Plans+1","Adrenaline","Dash+1","Acrobatics","Dagger Throw+1","Deflect","After Image","Blur+1","Footwork+1","Sucker Punch+1","PiercingWail","A Thousand Cuts","Sucker Punch+1","Footwork","Cloak And Dagger","Dash+1","Die Die Die+1","Eviscerate+1","Wraith Form v2","Poisoned Stab+1","Flash of Steel+1","Blind","Poisoned Stab+1","Poisoned Stab+1","Riddle With Holes+1","Flechettes+1","Riddle With Holes+1","Poisoned Stab+1"],"relics":["Ring of the Snake","NeowsBlessing","Sundial","Torii","Molten Egg 2","Boot","Fusion Hammer","WingedGreaves","Smiling Mask","Bronze Scales","Empty Cage","Bag of Marbles","Du-Vu Doll","Blue Candle","Gremlin Horn"],"acts_visited":["Exordium","TheCity","TheBeyond"],"potions_floor_usage":[16,23,23,41,45,50,50,50],"damage_taken":[{"damage":0,"enemies":"Cultist","floor":1,"turns":1},{"damage":0,"enemies":"2 Louse","floor":3,"turns":1},{"damage":0,"enemies":"Small Slimes","floor":4,"turns":1},{"damage":6,"enemies":"3 Louse","floor":5,"turns":3},{"damage":48,"enemies":"Lagavulin","floor":7,"turns":10},{"damage":1,"enemies":"2 Fungi Beasts","floor":11,"turns":4},{"damage":12,"enemies":"3 Sentries","floor":13,"turns":8},{"damage":37,"enemies":"Slime Boss","floor":16,"turns":15},{"damage":9,"enemies":"2 Thieves","floor":18,"turns":5},{"damage":1,"enemies":"Chosen","floor":19,"turns":4},{"damage":0,"enemies":"3 Cultists","floor":22,"turns":7},{"damage":2,"enemies":"Slavers","floor":23,"turns":11},{"damage":7,"enemies":"Book of Stabbing","floor":25,"turns":9},{"damage":1,"enemies":"Snake Plant","floor":31,"turns":4},{"damage":8,"enemies":"Champ","floor":33,"turns":20},{"damage":33,"enemies":"3 Shapes","floor":35,"turns":5},{"damage":9,"enemies":"Reptomancer","floor":41,"turns":9},{"damage":0,"enemies":"Orb Walker","floor":44,"turns":4},{"damage":1,"enemies":"Nemesis","floor":45,"turns":9},{"damage":23,"enemies":"Jaw Worm Horde","floor":47,"turns":4},{"damage":0,"enemies":"4 Shapes","floor":48,"turns":3},{"damage":47,"enemies":"Awakened One","floor":50,"turns":20}],"seed_played":"9055904879586589885","potions_obtained":[{"floor":3,"key":"FairyPotion"},{"floor":7,"key":"Ancient Potion"},{"floor":11,"key":"Poison Potion"},{"floor":18,"key":"AttackPotion"},{"floor":22,"key":"Block Potion"},{"floor":33,"key":"AttackPotion"},{"floor":44,"key":"Energy Potion"},{"floor":45,"key":"Weak Potion"},{"floor":47,"key":"AttackPotion"},{"floor":48,"key":"Fire Potion"}],"is_trial":false,"path_per_floor":["M","T","M","M","M","R","E","R","T","$","M","R","E","?","R","B",null,"M","M","?","?","M","E","R","E","T","$","?","?","R","M","R","B",null,"M","?","$","?","$","R","E","?","T","M","E","$","M","M","R","B"],"character_chosen":"THE_SILENT","items_purchased":["Adrenaline","Dash+1","Acrobatics","Sucker Punch+1","Footwork","Cloak And Dagger","Bag of Marbles","Poisoned Stab+1","Riddle With Holes+1"],"campfire_rested":5,"item_purchase_floors":[10,10,10,27,27,27,37,39,46],"current_hp_per_floor":[63,63,63,63,57,57,9,30,30,30,29,29,17,17,17,1,53,44,43,43,43,43,41,62,55,55,55,55,55,70,69,69,61,68,35,25,25,61,61,61,52,52,52,52,51,51,28,28,45,0,0],"gold":59,"neow_bonus":"THREE_ENEMY_KILL","is_daily":false,"chose_seed":false,"campfire_upgraded":3,"win_rate":0.0,"timestamp":1612940049,"path_taken":["M","?","?","M","M","R","E","R","T","$","M","R","E","?","R","BOSS","M","M","?","?","M","E","R","E","T","$","?","?","R","?","R","BOSS","M","?","$","?","$","R","E","?","T","M","E","$","M","M","R","BOSS"],"items_purchased_type":["Card","Card","Card","Card","Card","Card","Relic","Card","Card"],"build_version":"2020-12-22","purchased_purges":2,"victory":false,"max_hp_per_floor":[70,70,70,70,70,70,70,70,70,70,70,70,70,70,70,70,70,70,70,70,70,70,70,70,70,70,70,70,70,70,70,70,70,70,70,70,70,61,61,61,61,58,58,58,58,58,58,58,58,58,58],"card_choices":[{"not_picked":["Poisoned Stab","Backflip"],"picked":"Sucker Punch","floor":1},{"not_picked":["Outmaneuver","Caltrops"],"picked":"Calculated Gamble","floor":3},{"not_picked":["Dodge and Roll","Expertise"],"picked":"Predator","floor":4},{"not_picked":["Distraction","Underhanded Strike"],"picked":"Dodge and Roll","floor":5},{"not_picked":["Poisoned Stab","Infinite Blades"],"picked":"Well Laid Plans","floor":7},{"not_picked":["Concentrate","Quick Slash+1"],"picked":"Dagger Throw+1","floor":11},{"not_picked":["Envenom","Skewer+1"],"picked":"Deflect","floor":13},{"not_picked":["Adrenaline","Phantasmal Killer"],"picked":"After Image","floor":16},{"not_picked":["Cloak And Dagger","Dodge and Roll"],"picked":"Blur+1","floor":18},{"not_picked":["Cloak And Dagger","Outmaneuver"],"picked":"Footwork+1","floor":19},{"not_picked":["Outmaneuver+1","Quick Slash+1"],"picked":"Sucker Punch+1","floor":22},{"not_picked":["Infinite Blades","Cloak And Dagger"],"picked":"PiercingWail","floor":23},{"not_picked":["Backstab+1","Escape Plan"],"picked":"A Thousand Cuts","floor":25},{"not_picked":["Deadly Poison","Cloak And Dagger"],"picked":"Underhanded Strike+1","floor":31},{"not_picked":["Envenom","After Image"],"picked":"Wraith Form v2","floor":33},{"not_picked":["Prepared","Slice+1"],"picked":"Poisoned Stab+1","floor":35},{"not_picked":["Forethought","Metamorphosis"],"picked":"Flash of Steel+1","floor":36},{"not_picked":["Finesse","Panache"],"picked":"Blind","floor":36},{"not_picked":["Bane+1","PiercingWail+1"],"picked":"Poisoned Stab+1","floor":41},{"not_picked":["Blade Dance+1","Dagger Spray+1"],"picked":"Riddle With Holes+1","floor":44},{"not_picked":["Quick Slash+1","PiercingWail"],"picked":"Flechettes+1","floor":45},{"not_picked":["Outmaneuver+1","Dodge and Roll","Bane+1"],"picked":"SKIP","floor":47},{"not_picked":["Slice+1","Quick Slash+1"],"picked":"Poisoned Stab+1","floor":48}],"player_experience":663606,"relics_obtained":[{"floor":2,"key":"Sundial"},{"floor":7,"key":"Torii"},{"floor":9,"key":"Molten Egg 2"},{"floor":13,"key":"Boot"},{"floor":23,"key":"Smiling Mask"},{"floor":25,"key":"Bronze Scales"},{"floor":41,"key":"Du-Vu Doll"},{"floor":43,"key":"Blue Candle"},{"floor":45,"key":"Gremlin Horn"}],"event_choices":[{"cards_removed":["Strike_G"],"damage_healed":0,"gold_gain":0,"player_choice":"Offered Basic","damage_taken":0,"max_hp_gain":0,"max_hp_loss":0,"event_name":"Bonfire Elementals","floor":14,"gold_loss":0},{"damage_healed":0,"gold_gain":0,"player_choice":"Simplicity","damage_taken":0,"max_hp_gain":0,"max_hp_loss":0,"event_name":"Back to Basics","floor":20,"gold_loss":0,"cards_upgraded":["Strike_G","Strike_G","Strike_G","Strike_G","Defend_G","Defend_G","Defend_G","Defend_G","Defend_G"]},{"damage_healed":0,"gold_gain":0,"player_choice":"Opened","damage_taken":0,"relics_obtained":["WingedGreaves"],"max_hp_gain":0,"max_hp_loss":0,"event_name":"The Mausoleum","floor":21,"gold_loss":0},{"damage_healed":0,"gold_gain":0,"cards_transformed":["Strike_G","Strike_G"],"player_choice":"Became Test Subject","damage_taken":0,"max_hp_gain":0,"max_hp_loss":0,"event_name":"Drug Dealer","floor":28,"gold_loss":0,"cards_obtained":["Dash","Die Die Die"]},{"damage_healed":0,"gold_gain":0,"player_choice":"Read","damage_taken":0,"max_hp_gain":0,"max_hp_loss":0,"event_name":"The Library","floor":29,"gold_loss":0,"cards_obtained":["Eviscerate"]},{"damage_healed":0,"gold_gain":0,"player_choice":"Memory 3","damage_taken":10,"max_hp_gain":0,"max_hp_loss":0,"event_name":"SensoryStone","floor":36,"gold_loss":0},{"damage_healed":61,"gold_gain":0,"player_choice":"Heal","damage_taken":0,"max_hp_gain":0,"max_hp_loss":9,"event_name":"The Moai Head","floor":38,"gold_loss":0},{"damage_healed":0,"gold_gain":0,"player_choice":"Max HP","damage_taken":0,"max_hp_gain":0,"max_hp_loss":3,"event_name":"Winding Halls","floor":42,"gold_loss":0}],"is_beta":false,"boss_relics":[{"not_picked":["Ectoplasm","Coffee Dripper"],"picked":"Fusion Hammer"},{"not_picked":["Sozu","WristBlade"],"picked":"Empty Cage"}],"items_purged_floors":[27,46],"is_endless":false,"potions_floor_spawned":[3,7,11,18,22,33,44,45,47,48],"killed_by":"Awakened One","ascension_level":9}}