{"host":"5wwct7e0z3l0f094","time":1612988880,"event":{"mods":["AchievementEnabler","BaseMod","Highlight Path","Minty Spire (QoL Compilation)","SuperFastMode"],"gold_per_floor":[115,115,115,136,311,311,335,366,366,700,62,62,103,103,103,226,226,244,244,244,144,157,157,201,201,201,241,296,395,429,442,442,563,563,586,604,604,92,92,123,123,0,0,40,373,403,420,470,470,470,470,470,75,105,105],"floor_reached":56,"language":"ENG","playtime":2382,"items_purged":["Doubt","Defend_P","Strike_P"],"score":1801,"play_id":"e5c36a58-af7e-4277-9777-082b97a91f2f","local_time":"20210210152800","is_ascension_mode":true,"campfire_choices":[{"data":"BattleHymn","floor":6.0,"key":"SMITH"},{"floor":12.0,"key":"REST"},{"floor":15.0,"key":"REST"},{"data":"Vault","floor":23.0,"key":"SMITH"},{"floor":25.0,"key":"REST"},{"data":"1","floor":32.0,"key":"LIFT"},{"data":"2","floor":41,"key":"LIFT"},{"floor":49,"key":"RECALL"},{"data":"3","floor":52,"key":"LIFT"}],"circlet_count":0,"master_deck":["Strike_P+1","Strike_P+1","Defend_P+1","Defend_P+1","Eruption+1","Vigilance","BattleHymn+1","Consecrate+1","FlyingSleeves+1","LessonLearned","Vault+1","CurseOfTheBell","SandsOfTime+1","SandsOfTime+1","Vault+1","Prostrate+1","SandsOfTime+1","Bandage Up+1","DevaForm+1","Worship+1","Devotion","WheelKick+1"],"relics":["PureWater","TeardropLocket","Blood Vial","Old Coin","TungstenRod","Prayer Wheel","FossilizedHelix","Calling Bell","Juzu Bracelet","Toxic Egg 2","Mango","Pocketwatch","Sundial","Girya","Damaru","Molten Egg 2","Fusion Hammer","Pear","Kunai","Red Mask","Yang","Darkstone Periapt","Calipers","Lizard Tail","Cauldron","Bottled Tornado","Mummified Hand"],"acts_visited":["Exordium","TheCity","TheBeyond","TheEnding"],"potions_floor_usage":[40,40,48,48,55,55],"damage_taken":[{"damage":0.0,"enemies":"Small Slimes","floor":1.0,"turns":4.0},{"damage":1.0,"enemies":"2 Louse","floor":4.0,"turns":3.0},{"damage":0.0,"enemies":"Cultist","floor":7.0,"turns":3.0},{"damage":23.0,"enemies":"3 Sentries","floor":8.0,"turns":6.0},{"damage":12.0,"enemies":"Lagavulin","floor":10.0,"turns":4.0},{"damage":5.0,"enemies":"3 Sentries","floor":13.0,"turns":5.0},{"damage":14.0,"enemies":"The Guardian","floor":16.0,"turns":10.0},{"damage":0.0,"enemies":"3 Byrds","floor":18.0,"turns":4.0},{"damage":11.0,"enemies":"Chosen","floor":22.0,"turns":3.0},{"damage":22.0,"enemies":"Slavers","floor":24.0,"turns":4.0},{"damage":0.0,"enemies":"Gremlin Leader","floor":27.0,"turns":5.0},{"damage":0.0,"enemies":"Book of Stabbing","floor":30.0,"turns":3.0},{"damage":3.0,"enemies":"Shelled Parasite and Fungi","floor":31.0,"turns":4.0},{"damage":22.0,"enemies":"Champ","floor":33.0,"turns":9.0},{"damage":0.0,"enemies":"3 Shapes","floor":35.0,"turns":3.0},{"damage":0.0,"enemies":"Orb Walker","floor":36.0,"turns":3.0},{"damage":0,"enemies":"Nemesis","floor":40,"turns":2},{"damage":2,"enemies":"Giant Head","floor":44,"turns":6},{"damage":19,"enemies":"Reptomancer","floor":46,"turns":7},{"damage":0,"enemies":"Spire Growth","floor":47,"turns":3},{"damage":6,"enemies":"Mind Bloom Boss Battle","floor":48,"turns":3},{"damage":37,"enemies":"Time Eater","floor":50,"turns":6},{"damage":5,"enemies":"Shield and Spear","floor":54,"turns":4},{"damage":119,"enemies":"The Heart","floor":55,"turns":8}],"seed_played":"927028456985324550","potions_obtained":[{"floor":1.0,"key":"Ancient Potion"},{"floor":4.0,"key":"SkillPotion"},{"floor":16.0,"key":"Ambrosia"},{"floor":24.0,"key":"SpeedPotion"},{"floor":27.0,"key":"Block Potion"},{"floor":31.0,"key":"Strength Potion"},{"floor":35.0,"key":"SmokeBomb"},{"floor":36.0,"key":"Fire Potion"},{"floor":39.0,"key":"EssenceOfSteel"},{"floor":47,"key":"DuplicationPotion"},{"floor":53,"key":"Ambrosia"},{"floor":53,"key":"Strength Potion"},{"floor":53,"key":"FearPotion"}],"is_trial":false,"path_per_floor":["M","?","?","M","?","R","M","E","T","E","$","R","E","T","R","B",null,"M","T","?","$","M","R","E","R","T","E","T","?","E","M","R","B",null,"M","M","?","$","?","E","R","?","T","E","?","E","M","?","R","B",null,"R","$","E","B",null],"character_chosen":"WATCHER","items_purchased":["TungstenRod","LessonLearned","EntropicBrew","EssenceOfSteel","DevaForm","Pear","Cauldron","Bottled Tornado"],"campfire_rested":3,"item_purchase_floors":[11,11,11,11,38,38,53,53],"current_hp_per_floor":[65,49,36,35,35,35,35,12,12,2,2,21,18,18,37,25,69,71,71,71,71,62,62,42,65,65,67,67,67,69,68,68,48,71,73,75,75,85,85,87,87,87,87,87,87,70,78,80,80,45,78,78,78,81,15],"gold":105,"neow_bonus":"REMOVE_TWO","is_daily":false,"chose_seed":false,"campfire_upgraded":2,"win_rate":0.0,"timestamp":1612988880,"path_taken":["M","?","?","M","?","R","M","E","T","E","$","R","E","?","R","BOSS","M","?","?","$","M","R","E","R","T","E","?","?","E","M","R","BOSS","M","M","?","$","?","E","R","?","T","E","?","E","M","?","R","BOSS","R","$","E","BOSS"],"items_purchased_type":["Relic","Card","Potion","Potion","Card","Relic","Relic","Relic"],"build_version":"2020-12-22","purchased_purges":3,"victory":true,"max_hp_per_floor":[65,65,65,65,65,65,65,65,65,65,65,65,65,65,65,65,79,79,79,79,79,79,79,79,79,79,79,79,79,79,79,79,79,79,79,79,79,89,89,89,89,89,89,89,89,89,89,89,89,89,89,89,89,89,89],"card_choices":[{"not_picked":["Study","MentalFortress"],"picked":"BattleHymn","floor":1.0},{"not_picked":["PathToVictory","EmptyFist","FlurryOfBlows"],"picked":"SKIP","floor":4.0},{"not_picked":["CutThroughFate","EmptyFist"],"picked":"Consecrate","floor":7.0},{"not_picked":["ReachHeaven","TalkToTheHand"],"picked":"FlyingSleeves","floor":8.0},{"not_picked":["Crescendo","FlurryOfBlows","CrushJoints"],"picked":"SKIP","floor":10.0},{"not_picked":["ReachHeaven","MentalFortress","Vengeance"],"picked":"SKIP","floor":13.0},{"not_picked":["Judgement","Blasphemy"],"picked":"Vault","floor":16.0},{"not_picked":["PathToVictory+1","FlurryOfBlows","Nirvana+1"],"picked":"SKIP","floor":18.0},{"not_picked":["WreathOfFlame+1","FlyingSleeves","WaveOfTheHand+1"],"picked":"SKIP","floor":18.0},{"not_picked":["SashWhip","JustLucky+1","CutThroughFate"],"picked":"SKIP","floor":22.0},{"not_picked":["CrushJoints+1","ForeignInfluence+1","JustLucky"],"picked":"SKIP","floor":22.0},{"not_picked":["MasterReality","Evaluate+1","FollowUp"],"picked":"SKIP","floor":24.0},{"not_picked":["SashWhip","Study+1"],"picked":"SandsOfTime","floor":27.0},{"not_picked":["PathToVictory+1","Protect+1","FlurryOfBlows+1"],"picked":"SKIP","floor":30.0},{"not_picked":["Protect+1","Evaluate+1"],"picked":"SandsOfTime+1","floor":31.0},{"not_picked":["FollowUp+1","FlurryOfBlows+1","Judgement+1"],"picked":"SKIP","floor":31.0},{"not_picked":["MasterReality","DevaForm"],"picked":"Vault+1","floor":33.0},{"not_picked":["DeceiveReality+1","Evaluate+1"],"picked":"Prostrate+1","floor":35.0},{"not_picked":["CrushJoints+1","Nirvana","JustLucky+1"],"picked":"SKIP","floor":35.0},{"not_picked":["EmptyFist+1","Adaptation+1"],"picked":"SandsOfTime+1","floor":36.0},{"not_picked":["EmptyMind+1","FollowUp+1","EmptyFist+1"],"picked":"SKIP","floor":36.0},{"not_picked":["Impatience+1","Blind+1"],"picked":"Bandage Up+1","floor":37.0},{"not_picked":["ForeignInfluence+1","Study"],"picked":"Worship+1","floor":40},{"not_picked":["SashWhip+1","EmptyBody+1","CutThroughFate+1"],"picked":"SKIP","floor":44},{"not_picked":["SashWhip+1","JustLucky+1","Protect+1"],"picked":"SKIP","floor":46},{"not_picked":["Vengeance+1","EmptyFist+1"],"picked":"Devotion","floor":47},{"not_picked":["CutThroughFate+1","Evaluate+1","FlyingSleeves+1"],"picked":"SKIP","floor":47},{"not_picked":["CrushJoints+1","Weave+1"],"picked":"WheelKick+1","floor":54}],"player_experience":305830,"relics_obtained":[{"floor":8.0,"key":"TeardropLocket"},{"floor":9.0,"key":"Blood Vial"},{"floor":10.0,"key":"Old Coin"},{"floor":13.0,"key":"Prayer Wheel"},{"floor":14.0,"key":"FossilizedHelix"},{"floor":17.0,"key":"Juzu Bracelet"},{"floor":17.0,"key":"Toxic Egg 2"},{"floor":17.0,"key":"Mango"},{"floor":24.0,"key":"Pocketwatch"},{"floor":26.0,"key":"Sundial"},{"floor":27.0,"key":"Girya"},{"floor":28.0,"key":"Damaru"},{"floor":30.0,"key":"Molten Egg 2"},{"floor":40,"key":"Kunai"},{"floor":43,"key":"Yang"},{"floor":44,"key":"Darkstone Periapt"},{"floor":46,"key":"Calipers"},{"floor":48,"key":"Lizard Tail"},{"floor":54,"key":"Mummified Hand"}],"event_choices":[{"damage_healed":0.0,"max_hp_gain":0.0,"max_hp_loss":0.0,"gold_gain":0.0,"event_name":"Golden Idol","player_choice":"Take Damage","floor":2.0,"gold_loss":0.0,"damage_taken":16.0,"relics_obtained":["Golden Idol"]},{"damage_healed":0.0,"max_hp_gain":0.0,"max_hp_loss":0.0,"gold_gain":0.0,"event_name":"Shining Light","player_choice":"Entered Light","floor":3.0,"gold_loss":0.0,"damage_taken":13.0,"cards_upgraded":["Strike_P","Eruption"]},{"damage_healed":0.0,"max_hp_gain":0.0,"max_hp_loss":0.0,"gold_gain":175.0,"event_name":"Liars Game","player_choice":"AGREE","floor":5.0,"gold_loss":0.0,"damage_taken":0.0,"cards_obtained":["Doubt"]},{"damage_healed":0.0,"max_hp_gain":0.0,"max_hp_loss":0.0,"gold_gain":0.0,"event_name":"Vampires","player_choice":"Ignored","floor":20.0,"gold_loss":0.0,"damage_taken":0.0},{"damage_healed":0.0,"max_hp_gain":0.0,"max_hp_loss":0.0,"gold_gain":99.0,"event_name":"Nest","player_choice":"Stole From Cult","floor":29.0,"gold_loss":0.0,"damage_taken":0.0},{"damage_healed":0.0,"max_hp_gain":0.0,"max_hp_loss":0.0,"gold_gain":0.0,"event_name":"SensoryStone","player_choice":"Memory 1","floor":37.0,"gold_loss":0.0,"damage_taken":0.0},{"damage_healed":0.0,"max_hp_gain":0.0,"max_hp_loss":0.0,"gold_gain":0.0,"event_name":"Lab","player_choice":"Got Potions","floor":39.0,"gold_loss":0.0,"damage_taken":0.0},{"damage_healed":0,"gold_gain":0,"player_choice":"Paid","damage_taken":0,"relics_obtained":["Red Mask"],"max_hp_gain":0,"max_hp_loss":0,"event_name":"Tomb of Lord Red Mask","floor":42,"gold_loss":123},{"damage_healed":0,"gold_gain":333,"player_choice":"Gave Idol","damage_taken":0,"max_hp_gain":0,"max_hp_loss":0,"event_name":"The Moai Head","floor":45,"relics_lost":["Golden Idol"],"gold_loss":0},{"damage_healed":0,"gold_gain":0,"player_choice":"Fight","damage_taken":0,"max_hp_gain":0,"max_hp_loss":0,"event_name":"MindBloom","floor":48,"gold_loss":0}],"is_beta":false,"boss_relics":[{"not_picked":["Busted Crown","SacredBark"],"picked":"Calling Bell"},{"not_picked":["SlaversCollar","Astrolabe"],"picked":"Fusion Hammer"}],"items_purged_floors":[11,21,38],"is_endless":false,"potions_floor_spawned":[1,4,16,24,27,31,35,36,47],"ascension_level":6}}