{"host":"Doisman","time":1612991852,"event":{"mods":["AchievementEnabler","BaseMod","Better Note","Curses Come First","Minty Spire (QoL Compilation)","Permanent Neow","Relic Stats","Replay The Spire","StSLib"],"gold_per_floor":[162,177,127,127,141,169,169,188,188,78,103,117,117,117,117,212,212,223,223,149,2,21,55,55,87,113,113,146,165,70,88,88,185,185,195,205,205,85,104,104,132,132,155,165,165,165,9,57,57,57],"floor_reached":51,"language":"ENG","playtime":2348,"items_purged":["Strike_B","Regret"],"score":954,"play_id":"3dd641d7-0c36-4c57-8093-3a5b9968c041","local_time":"20210210151732","is_ascension_mode":true,"campfire_choices":[{"data":"Defragment","floor":7,"key":"SMITH"},{"data":"Sunder","floor":13,"key":"SMITH"},{"data":"Zap","floor":15,"key":"SMITH"},{"data":"Defragment","floor":24,"key":"SMITH"},{"data":"Rainbow","floor":32,"key":"SMITH"},{"data":"Loop","floor":32,"key":"SMITH"},{"floor":40,"key":"REST"},{"data":"Fission","floor":42,"key":"SMITH"},{"data":"White Noise","floor":42,"key":"SMITH"},{"floor":46,"key":"REST"},{"data":"Coolheaded","floor":49,"key":"SMITH"},{"data":"Coolheaded","floor":49,"key":"SMITH"}],"circlet_count":0,"master_deck":["Strike_B+2","Defend_B","Defend_B+1","Defend_B","Defend_B+1","Zap+1","Dualcast","Gash","Steam+1","Sunder+1","Hologram+1","Defragment+1","Coolheaded+1","Heatsinks","Reboot","Go for the Eyes","Core Surge","Ball Lightning","Defragment+1","Stack","Turbo","Time Bomb+1","FIFO Queue+1","Loop+1","Coolheaded+1","Rainbow+1","Fission+1","Panic Button","Crystallizer+1","White Noise+1","Parasite","Gash","Defragment+1","Gash","Gash"],"relics":["Tiny House","MealTicket","Quantum Egg","Replay:Bottled Snecko","Runic Pyramid","ReplayTheSpireMod:CursedCoin","Strange Spoon","Replay:Ringing Soul","The Courier","Pen Nib","Replay:Arrowhead","Runic Dome","Pet Ghost","Darkstone Periapt","Juzu Bracelet","Simple Rune","Replay:Towering Pillar of Hats"],"acts_visited":["Exordium","TheCity","TheBeyond"],"potions_floor_usage":[6,16,23,25,28,48,50,50,50],"damage_taken":[{"damage":1,"enemies":"2 Louse","floor":1,"turns":2},{"damage":0,"enemies":"Small Slimes","floor":2,"turns":4},{"damage":0,"enemies":"Jaw Worm","floor":5,"turns":4},{"damage":0,"enemies":"Replay:BlueRogue","floor":6,"turns":4},{"damage":1,"enemies":"Exordium Thugs","floor":8,"turns":4},{"damage":29,"enemies":"3 Sentries","floor":11,"turns":9},{"damage":0,"enemies":"Red Slaver","floor":12,"turns":5},{"damage":30,"enemies":"Slime Boss","floor":16,"turns":7},{"damage":0,"enemies":"Shell Parasite","floor":18,"turns":6},{"damage":0,"enemies":"Spheric Guardian","floor":22,"turns":1},{"damage":27,"enemies":"Slavers","floor":23,"turns":5},{"damage":6,"enemies":"Book of Stabbing","floor":25,"turns":5},{"damage":0,"enemies":"Replay:Snechameleon","floor":28,"turns":6},{"damage":39,"enemies":"Cultist and Chosen","floor":29,"turns":10},{"damage":16,"enemies":"Centurion and Healer","floor":31,"turns":6},{"damage":14,"enemies":"Champ","floor":33,"turns":7},{"damage":45,"enemies":"3 Shapes","floor":35,"turns":4},{"damage":2,"enemies":"Orb Walker","floor":36,"turns":4},{"damage":27,"enemies":"Maw","floor":39,"turns":8},{"damage":0,"enemies":"R_Hoarder","floor":41,"turns":8},{"damage":32,"enemies":"Writhing Mass","floor":44,"turns":5},{"damage":19,"enemies":"2 Orb Walkers","floor":48,"turns":4},{"damage":44,"enemies":"Time Eater","floor":50,"turns":10}],"seed_played":"390617558895184930","potions_obtained":[{"floor":0,"key":"CultistPotion"},{"floor":5,"key":"PowerPotion"},{"floor":12,"key":"SteroidPotion"},{"floor":16,"key":"LiquidBronze"},{"floor":22,"key":"Reflective Coating"},{"floor":25,"key":"Weak Potion"},{"floor":33,"key":"EssenceOfSteel"},{"floor":36,"key":"CultistPotion"},{"floor":41,"key":"Dexterity Potion"},{"floor":48,"key":"Weak Potion"}],"is_trial":false,"path_per_floor":["M","M","?","?","M","E","R","M","T","$","E","M","R","?","R","B",null,"M","?","$","$","M","E","R","E","T","?","E","M","$","M","R","B",null,"M","M","?","?","M","R","E","R","T","M","?","R","$","?","R","B",null],"character_chosen":"DEFECT","items_purchased":["Heatsinks","ReplayTheSpireMod:CursedCoin","Defragment","Stack","Strange Spoon","Loop","Coolheaded","Simple Rune","Gash"],"campfire_rested":2,"item_purchase_floors":[10,20,20,20,21,30,30,47,47],"current_hp_per_floor":[79,79,79,63,63,63,63,62,62,77,48,48,48,41,41,11,80,80,80,80,80,80,53,53,50,50,50,53,14,32,19,19,8,95,53,54,54,54,27,57,60,60,60,37,40,74,92,76,76,32],"gold":57,"neow_bonus":"BOSS_RELIC","is_daily":false,"chose_seed":false,"campfire_upgraded":10,"win_rate":0.0,"timestamp":1612991852,"path_taken":["M","M","?","?","M","E","R","M","T","$","E","M","R","?","R","BOSS","M","?","?","$","?","E","R","E","T","?","E","M","$","M","R","BOSS","M","M","?","?","?","R","E","R","T","M","?","R","$","?","R","BOSS"],"items_purchased_type":["Card","Relic","Card","Card","Relic","Card","Card","Relic","Card"],"build_version":"2020-12-18","purchased_purges":2,"victory":true,"max_hp_per_floor":[80,80,80,80,80,80,80,80,80,80,80,80,80,80,80,80,80,80,80,80,80,80,80,80,83,83,83,86,86,89,92,92,95,95,98,101,101,101,101,101,104,104,104,113,116,116,119,122,122,122],"relic_stats":{"Darkstone Periapt":6,"Strange Spoon":[33],"counters":[23,127],"MealTicket":45,"Pen Nib":[10],"Juzu Bracelet":1,"obtain_stats":[{"Darkstone Periapt":41,"Tiny House":0,"Replay:Towering Pillar of Hats":48,"ReplayTheSpireMod:CursedCoin":20,"Quantum Egg":9,"The Courier":25,"Pen Nib":26,"Juzu Bracelet":43,"Replay:Arrowhead":28,"Pet Ghost":38,"Strange Spoon":21,"Replay:Ringing Soul":23,"Runic Dome":34,"MealTicket":6,"Simple Rune":47,"Replay:Bottled Snecko":11,"Cracked Core":0,"Runic Pyramid":17},{"Darkstone Periapt":20,"Tiny House":0,"Replay:Towering Pillar of Hats":22,"ReplayTheSpireMod:CursedCoin":9,"Quantum Egg":5,"The Courier":12,"Pen Nib":12,"Juzu Bracelet":20,"Replay:Arrowhead":13,"Pet Ghost":18,"Strange Spoon":9,"Replay:Ringing Soul":11,"Runic Dome":16,"MealTicket":4,"Simple Rune":21,"Replay:Bottled Snecko":6,"Cracked Core":0,"Runic Pyramid":8},{"Darkstone Periapt":109,"Tiny House":0,"Replay:Towering Pillar of Hats":118,"ReplayTheSpireMod:CursedCoin":45,"Quantum Egg":18,"The Courier":56,"Pen Nib":56,"Juzu Bracelet":109,"Replay:Arrowhead":62,"Pet Ghost":93,"Strange Spoon":45,"Replay:Ringing Soul":51,"Runic Dome":85,"MealTicket":14,"Simple Rune":114,"Replay:Bottled Snecko":27,"Cracked Core":0,"Runic Pyramid":39}]},"card_choices":[{"not_picked":["Hologram","Sunder"],"picked":"Gash","floor":0},{"not_picked":["Turbo","Beam Cell"],"picked":"Steam","floor":1},{"not_picked":["Panic Button","BasicCrystalCard"],"picked":"Sunder","floor":2},{"not_picked":["Hello World","ReplayTheSpireMod:GoodbyeWorld"],"picked":"Hologram","floor":5},{"not_picked":["Steam","ReplayGash"],"picked":"Defragment","floor":6},{"not_picked":["Panic Button","Double Energy"],"picked":"Coolheaded","floor":8},{"not_picked":["Panic Button","Streamline"],"picked":"Reboot","floor":11},{"not_picked":["Barrage","Blizzard"],"picked":"Go for the Eyes","floor":12},{"not_picked":["ReplayRNGCard","Thunder Strike"],"picked":"Core Surge","floor":16},{"not_picked":["Hello World","Stack"],"picked":"Ball Lightning","floor":18},{"not_picked":["Hologram","Rip and Tear+1"],"picked":"Turbo","floor":22},{"not_picked":["Barrage","Streamline","Lockon"],"picked":"SKIP","floor":23},{"not_picked":["BasicCrystalCard+1","Buffer"],"picked":"Time Bomb+1","floor":25},{"not_picked":["FTL","Cold Snap"],"picked":"FIFO Queue+1","floor":28},{"not_picked":["Blizzard","Stack","Compile Driver"],"picked":"SKIP","floor":29},{"not_picked":["Doom and Gloom+1","Rebound"],"picked":"Rainbow","floor":31},{"not_picked":["Hyperbeam","Reboot"],"picked":"Fission","floor":33},{"not_picked":["Compile Driver","Undo"],"picked":"Panic Button","floor":35},{"not_picked":["Consume","Ball Lightning"],"picked":"Crystallizer+1","floor":36},{"not_picked":["Turbo+1","Multi-Cast","Skim"],"picked":"SKIP","floor":39},{"not_picked":["Hologram+1","Undo"],"picked":"White Noise","floor":41},{"not_picked":["BootSequence+1","Streamline"],"picked":"Gash","floor":44},{"not_picked":["Scrape+1","Leap"],"picked":"Gash","floor":48}],"player_experience":1112156,"relics_obtained":[{"floor":6,"key":"MealTicket"},{"floor":9,"key":"Quantum Egg"},{"floor":11,"key":"Replay:Bottled Snecko"},{"floor":23,"key":"Replay:Ringing Soul"},{"floor":25,"key":"The Courier"},{"floor":26,"key":"Pen Nib"},{"floor":28,"key":"Replay:Arrowhead"},{"floor":41,"key":"Darkstone Periapt"},{"floor":43,"key":"Juzu Bracelet"},{"floor":48,"key":"Replay:Towering Pillar of Hats"}],"event_choices":[{"cards_removed":["Strike_B"],"damage_healed":0,"gold_gain":0,"player_choice":"Card Removal","damage_taken":0,"max_hp_gain":0,"max_hp_loss":0,"event_name":"The Cleric","floor":3,"gold_loss":50},{"damage_healed":0,"gold_gain":0,"player_choice":"Entered Light","damage_taken":16,"max_hp_gain":0,"max_hp_loss":0,"event_name":"Shining Light","floor":4,"gold_loss":0,"cards_upgraded":["Strike_B","Steam"]},{"cards_removed":["Strike_B"],"damage_healed":0,"gold_gain":0,"player_choice":"Card Removal","damage_taken":7,"max_hp_gain":0,"max_hp_loss":0,"event_name":"Golden Wing","floor":14,"gold_loss":0},{"damage_healed":0,"gold_gain":0,"player_choice":"Ignored","damage_taken":0,"max_hp_gain":0,"max_hp_loss":0,"event_name":"betterNote:BetterNote","floor":19,"gold_loss":0,"cards_obtained":["Die Die Die"]},{"damage_healed":0,"gold_gain":0,"player_choice":"Upgraded","damage_taken":0,"max_hp_gain":0,"max_hp_loss":0,"event_name":"Upgrade Shrine","floor":27,"gold_loss":0,"cards_upgraded":["Hologram"]},{"damage_healed":0,"gold_gain":0,"player_choice":"Paid Gold","damage_taken":0,"relics_obtained":["Pet Ghost"],"max_hp_gain":0,"max_hp_loss":0,"event_name":"WeMeetAgain","floor":38,"gold_loss":120},{"damage_healed":0,"gold_gain":0,"player_choice":"Copied","damage_taken":0,"max_hp_gain":0,"max_hp_loss":0,"event_name":"Duplicator","floor":45,"gold_loss":0,"cards_obtained":["Defragment"]},{"damage_healed":0,"gold_gain":0,"player_choice":"Fight","damage_taken":0,"max_hp_gain":0,"max_hp_loss":0,"event_name":"Mysterious Sphere","floor":48,"gold_loss":0}],"is_beta":true,"boss_relics":[{"not_picked":["Astrolabe","Velvet Choker"],"picked":"Runic Pyramid"},{"not_picked":["Snecko Heart","Abe\u0027s Treasure"],"picked":"Runic Dome"}],"items_purged_floors":[10,20],"is_endless":false,"potions_floor_spawned":[5,12,16,22,25,33,36,41,48],"ascension_level":1}}