{"host":"7wi4qgm5yw4j7oz0","time":1612982342,"event":{"mods":["AchievementEnabler","BaseMod","Block Reminder","Colored Map","Colored Powertips","Highlight Path","Minty Spire (QoL Compilation)","Permanent Neow","Random Character Button","Rare Cards Sparkle","StSLib","everything is the same but u backflip on backflip"],"gold_per_floor":[119,133,150,100,119,137,152,77,77,92,115,115,115,135,135,135,135],"floor_reached":16,"language":"KOR","playtime":644,"items_purged":["Bash"],"score":139,"play_id":"ab1f27af-9a11-451e-b29e-26a45c857456","local_time":"20210211033902","is_ascension_mode":true,"campfire_choices":[{"data":"Body Slam","floor":12.0,"key":"SMITH"},{"data":"Rampage","floor":15.0,"key":"SMITH"}],"circlet_count":0,"master_deck":["Strike_R","Strike_R","Strike_R","Defend_R","Defend_R","Defend_R","Defend_R","Anger","Pommel Strike","Body Slam+1","Thunderclap","Heavy Blade","Body Slam+1","Rampage+1"],"relics":["Burning Blood","HornCleat","Bag of Preparation"],"acts_visited":["Exordium"],"potions_floor_usage":[16,16],"damage_taken":[{"damage":13.0,"enemies":"Jaw Worm","floor":1.0,"turns":4.0},{"damage":11.0,"enemies":"2 Louse","floor":2.0,"turns":3.0},{"damage":6.0,"enemies":"Cultist","floor":3.0,"turns":3.0},{"damage":11.0,"enemies":"Looter","floor":5.0,"turns":3.0},{"damage":8.0,"enemies":"Red Slaver","floor":6.0,"turns":3.0},{"damage":16.0,"enemies":"2 Fungi Beasts","floor":7.0,"turns":3.0},{"damage":25.0,"enemies":"Exordium Thugs","floor":10.0,"turns":6.0},{"damage":0.0,"enemies":"Gremlin Gang","floor":14.0,"turns":4.0},{"damage":47,"enemies":"The Guardian","floor":16,"turns":12}],"seed_played":"-5944848379482952836","potions_obtained":[{"floor":2.0,"key":"Regen Potion"},{"floor":5.0,"key":"CultistPotion"},{"floor":6.0,"key":"Weak Potion"},{"floor":7.0,"key":"SkillPotion"},{"floor":10.0,"key":"BlessingOfTheForge"}],"is_trial":false,"path_per_floor":["M","M","M","?","M","M","M","$","T","M","T","R","?","M","R","B"],"character_chosen":"IRONCLAD","items_purchased":[],"campfire_rested":0,"item_purchase_floors":[],"current_hp_per_floor":[65,60,60,60,55,53,43,43,43,39,39,39,39,45,45,0,0],"gold":135,"neow_bonus":"REMOVE_CARD","is_daily":false,"chose_seed":false,"campfire_upgraded":2,"win_rate":0.0,"timestamp":1612982342,"path_taken":["M","M","M","?","M","M","M","$","T","M","?","R","?","?","R","BOSS"],"items_purchased_type":[],"build_version":"2020-12-22","purchased_purges":1,"victory":false,"max_hp_per_floor":[80,80,80,80,80,80,80,80,80,80,80,80,80,80,80,80,80],"card_choices":[{"not_picked":["Shrug It Off","Perfected Strike"],"picked":"Anger","floor":1.0},{"not_picked":["Sever Soul","Rupture","Infernal Blade"],"picked":"SKIP","floor":2.0},{"not_picked":["Uppercut","Perfected Strike"],"picked":"Pommel Strike","floor":3.0},{"not_picked":["Warcry","Rupture"],"picked":"Body Slam","floor":5.0},{"not_picked":["Pommel Strike","Heavy Blade"],"picked":"Thunderclap","floor":6.0},{"not_picked":["Dark Embrace","Combust"],"picked":"Heavy Blade","floor":7.0},{"not_picked":["Twin Strike","Pommel Strike"],"picked":"Body Slam","floor":10.0},{"not_picked":["Clash","Havoc"],"picked":"Rampage","floor":14.0}],"player_experience":292364,"relics_obtained":[{"floor":9.0,"key":"HornCleat"},{"floor":11.0,"key":"Bag of Preparation"}],"event_choices":[{"cards_removed":["Strike_R"],"damage_healed":0.0,"max_hp_gain":0.0,"max_hp_loss":0.0,"gold_gain":0.0,"event_name":"The Cleric","player_choice":"Card Removal","floor":4.0,"gold_loss":50.0,"damage_taken":0.0},{"damage_healed":0.0,"max_hp_gain":0.0,"max_hp_loss":0.0,"gold_gain":0.0,"event_name":"Upgrade Shrine","player_choice":"Upgraded","floor":13.0,"gold_loss":0.0,"damage_taken":0.0,"cards_upgraded":["Body Slam"]}],"is_beta":false,"boss_relics":[],"items_purged_floors":[8],"is_endless":false,"potions_floor_spawned":[2,5,6,7,10],"killed_by":"The Guardian","ascension_level":9}}