{"host":"0kk91h4bq4kgfj0u","time":1612923246,"event":{"mods":["BaseMod","Bestiary","Block Reminder","Colored Map","Colored Powertips","Curses Come First","Highlight Path","Minty Spire (QoL Compilation)","Relic Stats","StSLib"],"gold_per_floor":[112,131,131,146,162,162,177,193,240,259,259,15,15,15],"floor_reached":13,"language":"ENG","playtime":409,"items_purged":[],"score":99,"play_id":"24124a9f-0d44-48bc-bf8a-eac718a9043b","local_time":"20210209211406","is_ascension_mode":true,"campfire_choices":[{"data":"Zap","floor":6,"key":"SMITH"},{"floor":11,"key":"REST"}],"circlet_count":0,"master_deck":["Strike_B","Strike_B","Strike_B","Strike_B","Defend_B","Defend_B","Defend_B","Defend_B","Zap+1","Dualcast","Dramatic Entrance","Stack","Sweeping Beam","Conserve Battery","White Noise","Lockon","Compile Driver"],"relics":["Cracked Core","Regal Pillow","Gremlin Horn"],"acts_visited":["Exordium"],"potions_floor_usage":[13],"damage_taken":[{"damage":3,"enemies":"Small Slimes","floor":1,"turns":2},{"damage":7,"enemies":"Jaw Worm","floor":2,"turns":3},{"damage":1,"enemies":"Cultist","floor":4,"turns":3},{"damage":6,"enemies":"Large Slime","floor":5,"turns":6},{"damage":23,"enemies":"Exordium Wildlife","floor":7,"turns":4},{"damage":11,"enemies":"Blue Slaver","floor":8,"turns":3},{"damage":17,"enemies":"Exordium Thugs","floor":10,"turns":4},{"damage":46,"enemies":"Lagavulin","floor":13,"turns":6}],"seed_played":"-7798555569724029532","potions_obtained":[{"floor":4,"key":"DuplicationPotion"},{"floor":5,"key":"LiquidBronze"},{"floor":8,"key":"Strength Potion"}],"is_trial":false,"path_per_floor":["M","M","?","M","M","R","M","M","T","M","R","$","E"],"character_chosen":"DEFECT","items_purchased":["Gremlin Horn"],"campfire_rested":1,"item_purchase_floors":[12],"current_hp_per_floor":[72,65,65,64,58,58,35,24,24,7,44,44,0,0],"gold":15,"neow_bonus":"RANDOM_COLORLESS","is_daily":false,"chose_seed":false,"campfire_upgraded":1,"win_rate":0.0,"timestamp":1612923246,"path_taken":["M","M","?","M","M","R","M","M","T","M","R","$","E"],"items_purchased_type":["Relic"],"build_version":"2020-12-22","purchased_purges":0,"victory":false,"max_hp_per_floor":[75,75,75,75,75,75,75,75,75,75,75,75,75,75],"relic_stats":{"Regal Pillow":15,"Gremlin Horn":[0,0],"counters":[8,31],"obtain_stats":[{"Regal Pillow":9,"Gremlin Horn":12,"Cracked Core":0},{"Regal Pillow":6,"Gremlin Horn":7,"Cracked Core":0},{"Regal Pillow":21,"Gremlin Horn":25,"Cracked Core":0}]},"card_choices":[{"not_picked":["Madness","Trip"],"picked":"Dramatic Entrance","floor":0},{"not_picked":["Steam","Skim"],"picked":"Stack","floor":1},{"not_picked":["Steam Power","Conserve Battery"],"picked":"Sweeping Beam","floor":2},{"not_picked":["Beam Cell","Stack"],"picked":"Conserve Battery","floor":4},{"not_picked":["Steam","Sweeping Beam"],"picked":"White Noise","floor":5},{"not_picked":["Fusion","Steam"],"picked":"Lockon","floor":7},{"not_picked":["Steam","Conserve Battery"],"picked":"Compile Driver","floor":8},{"not_picked":["Double Energy","Compile Driver","Rainbow"],"picked":"SKIP","floor":10},{"not_picked":["Double Energy","Compile Driver","Rainbow"],"picked":"SKIP","floor":10}],"player_experience":865998,"relics_obtained":[{"floor":9,"key":"Regal Pillow"}],"event_choices":[{"damage_healed":0,"gold_gain":0,"player_choice":"Leave","damage_taken":0,"max_hp_gain":0,"max_hp_loss":0,"event_name":"The Cleric","floor":3,"gold_loss":0}],"is_beta":false,"boss_relics":[],"items_purged_floors":[],"is_endless":false,"potions_floor_spawned":[4,5,8,10],"killed_by":"Lagavulin","ascension_level":5}}