{"host":"soyfmymeou4emntr","time":1612943258,"event":{"mods":["BaseMod","Minty Spire (QoL Compilation)","Permanent Neow","Relic Sorter","Relic Stats","StSLib"],"gold_per_floor":[363,44,62,62,62,72,72,100,100,100,133,133,144,158,158,233,233,244,258,258,258,32,32,67,67,67,84,134,134,162,178,178,255,255,274,185,185,203,203,203,236,248,248,282,298,52,70,70,70,70,70,70,70,0,27,27],"floor_reached":57,"language":"ENG","playtime":8113,"items_purged":["Writhe"],"score":2941,"play_id":"fe69249c-5769-4fc1-8c1c-5b06ce6b6504","local_time":"20210210004737","is_ascension_mode":true,"campfire_choices":[{"data":"Defragment","floor":7.0,"key":"SMITH"},{"floor":10.0,"key":"REST"},{"data":"Barrage","floor":12.0,"key":"SMITH"},{"data":"Fusion","floor":15.0,"key":"SMITH"},{"data":"Fission","floor":23.0,"key":"SMITH"},{"data":"Fission","floor":25.0,"key":"SMITH"},{"floor":32.0,"key":"REST"},{"floor":40.0,"key":"RECALL"},{"data":"Coolheaded","floor":49.0,"key":"SMITH"},{"data":"PanicButton","floor":53.0,"key":"SMITH"}],"circlet_count":0,"master_deck":["AscendersBane","Strike_B","Strike_B","Defend_B","Defend_B","Defend_B","Defend_B","Zap","Sunder","Glacier","Cold Snap","Ball Lightning","Sweeping Beam","Defragment+1","Electrodynamics","Barrage+1","Fusion+1","Undo","Fission+1","Coolheaded+1","Beam Cell+1","Reboot","Fission+1","Meteor Strike","Cold Snap","Self Repair+1","Biased Cognition+1","Self Repair+1","Multi-Cast","PanicButton+1","Coolheaded+1","Madness","Madness","Skim+1","Loop+1","Defragment+1","Undo+1","Echo Form+1"],"relics":["Cracked Core","Runic Capacitor","CultistMask","Dead Branch","Frozen Egg 2","Centennial Puzzle","Nuclear Battery","Prayer Wheel","Mercury Hourglass","Mummified Hand","Dream Catcher","Coffee Dripper","Potion Belt","Mango","Membership Card","Blue Candle"],"acts_visited":["Exordium","TheCity","TheBeyond","TheEnding"],"potions_floor_usage":[56,56,56,56],"damage_taken":[{"damage":1.0,"enemies":"Cultist","floor":1.0,"turns":4.0},{"damage":0.0,"enemies":"2 Louse","floor":3.0,"turns":3.0},{"damage":10.0,"enemies":"Jaw Worm","floor":6.0,"turns":3.0},{"damage":32.0,"enemies":"Gremlin Nob","floor":8.0,"turns":4.0},{"damage":0.0,"enemies":"Lagavulin","floor":11.0,"turns":7.0},{"damage":0.0,"enemies":"Looter","floor":13.0,"turns":2.0},{"damage":8.0,"enemies":"Large Slime","floor":14.0,"turns":4.0},{"damage":2.0,"enemies":"Hexaghost","floor":16.0,"turns":9.0},{"damage":0.0,"enemies":"Shell Parasite","floor":18.0,"turns":6.0},{"damage":8.0,"enemies":"Spheric Guardian","floor":19.0,"turns":8.0},{"damage":17.0,"enemies":"Gremlin Leader","floor":24.0,"turns":4.0},{"damage":0.0,"enemies":"Centurion and Healer","floor":27.0,"turns":3.0},{"damage":3.0,"enemies":"Slavers","floor":30.0,"turns":2.0},{"damage":0.0,"enemies":"Cultist and Chosen","floor":31.0,"turns":4.0},{"damage":26.0,"enemies":"Automaton","floor":33.0,"turns":10.0},{"damage":8.0,"enemies":"3 Darklings","floor":35.0,"turns":2.0},{"damage":0.0,"enemies":"Orb Walker","floor":38.0,"turns":1.0},{"damage":0.0,"enemies":"Reptomancer","floor":41.0,"turns":5.0},{"damage":9.0,"enemies":"Maw","floor":42.0,"turns":4.0},{"damage":0.0,"enemies":"Nemesis","floor":44.0,"turns":5.0},{"damage":26.0,"enemies":"Writhing Mass","floor":45.0,"turns":4.0},{"damage":0.0,"enemies":"Jaw Worm Horde","floor":47.0,"turns":2.0},{"damage":0.0,"enemies":"Time Eater","floor":50.0,"turns":12.0},{"damage":7.0,"enemies":"Donu and Deca","floor":51.0,"turns":6.0},{"damage":51.0,"enemies":"Shield and Spear","floor":55.0,"turns":8.0},{"damage":54,"enemies":"The Heart","floor":56,"turns":12}],"seed_played":"-4529058019783944295","potions_obtained":[{"floor":6.0,"key":"Explosive Potion"},{"floor":11.0,"key":"SkillPotion"},{"floor":13.0,"key":"SpeedPotion"},{"floor":16.0,"key":"Weak Potion"},{"floor":18.0,"key":"LiquidMemories"},{"floor":27.0,"key":"FocusPotion"},{"floor":30.0,"key":"LiquidMemories"},{"floor":41.0,"key":"FairyPotion"},{"floor":45.0,"key":"SkillPotion"},{"floor":55.0,"key":"EssenceOfDarkness"}],"is_trial":false,"path_per_floor":["M","$","M","$","?","M","R","E","T","R","E","R","M","M","R","B",null,"M","M","?","?","$","R","E","R","T","M","?","?","E","M","R","B",null,"M","$","?","M","?","R","E","M","T","E","M","$","M","?","R","B","B",null,"R","$","E","B",null],"character_chosen":"DEFECT","items_purchased":["Runic Capacitor","Glacier","Cold Snap","Ball Lightning","Meteor Strike","PanicButton","Membership Card","Echo Form+1","FocusPotion","PotionOfCapacity"],"campfire_rested":2,"item_purchase_floors":[2,2,2,2,22,36,46,46,54,54],"current_hp_per_floor":[63,63,63,63,63,53,53,21,21,40,40,40,40,32,32,30,56,56,48,48,48,48,48,31,31,31,31,31,31,28,28,47,41,58,60,60,60,60,48,48,64,64,64,78,72,72,78,78,78,78,78,78,78,78,57,23],"gold":27,"neow_bonus":"TWO_FIFTY_GOLD","is_daily":false,"chose_seed":false,"campfire_upgraded":7,"win_rate":0.0,"timestamp":1612943257,"path_taken":["M","$","M","$","?","M","R","E","T","R","E","R","M","?","R","BOSS","M","M","?","?","$","R","E","R","T","M","?","?","E","M","R","BOSS","M","$","?","M","?","R","E","M","T","E","M","$","M","?","R","BOSS","BOSS","R","$","E","BOSS"],"items_purchased_type":["Relic","Card","Card","Card","Card","Card","Relic","Card","Potion","Potion"],"build_version":"2020-12-22","purchased_purges":1,"victory":true,"max_hp_per_floor":[64,64,64,64,64,64,64,64,64,64,64,64,64,64,64,64,64,64,64,64,64,64,64,64,64,64,64,64,64,64,64,64,64,64,64,64,64,64,64,64,64,64,64,78,78,78,78,78,78,78,78,78,78,78,78,78],"relic_stats":{"Centennial Puzzle":[36],"Dream Catcher":1,"counters":[26,133],"Mummified Hand":[121],"Dead Branch":[87],"Blue Candle":[0],"Prayer Wheel":7,"obtain_stats":[{"Potion Belt":41,"Dead Branch":8,"Blue Candle":55,"Mango":44,"Runic Capacitor":2,"Frozen Egg 2":9,"Nuclear Battery":17,"Mercury Hourglass":24,"Centennial Puzzle":11,"Dream Catcher":30,"Mummified Hand":26,"Prayer Wheel":21,"CultistMask":5,"Coffee Dripper":34,"Membership Card":46,"Cracked Core":0},{"Potion Belt":18,"Dead Branch":4,"Blue Candle":25,"Mango":20,"Runic Capacitor":1,"Frozen Egg 2":4,"Nuclear Battery":8,"Mercury Hourglass":11,"Centennial Puzzle":5,"Dream Catcher":13,"Mummified Hand":11,"Prayer Wheel":10,"CultistMask":2,"Coffee Dripper":15,"Membership Card":21,"Cracked Core":0},{"Potion Belt":81,"Dead Branch":14,"Blue Candle":121,"Mango":90,"Runic Capacitor":4,"Frozen Egg 2":14,"Nuclear Battery":36,"Mercury Hourglass":54,"Centennial Puzzle":21,"Dream Catcher":59,"Mummified Hand":54,"Prayer Wheel":50,"CultistMask":7,"Coffee Dripper":73,"Membership Card":93,"Cracked Core":0}],"Mercury Hourglass":[284]},"card_choices":[{"not_picked":["Steam","Cold Snap"],"picked":"Sunder","floor":1.0},{"not_picked":["Fusion","Hologram"],"picked":"Sweeping Beam","floor":3.0},{"not_picked":["Barrage","Hologram"],"picked":"Defragment","floor":6.0},{"not_picked":["Coolheaded","Sweeping Beam"],"picked":"Electrodynamics","floor":8.0},{"not_picked":["Force Field","Leap"],"picked":"Barrage","floor":11.0},{"not_picked":["Gash","Beam Cell"],"picked":"Fusion","floor":13.0},{"not_picked":["Conserve Battery","Scrape"],"picked":"Undo","floor":14.0},{"not_picked":["Reboot","Core Surge"],"picked":"Fission","floor":16.0},{"not_picked":["Storm+1","Leap"],"picked":"Coolheaded","floor":18.0},{"not_picked":["Hologram","Steam"],"picked":"Beam Cell+1","floor":19.0},{"not_picked":["Genetic Algorithm","Amplify"],"picked":"Cold Snap","floor":24.0},{"not_picked":["Go for the Eyes","Barrage"],"picked":"Self Repair+1","floor":27.0},{"not_picked":["Streamline","Hologram","Sweeping Beam+1"],"picked":"SKIP","floor":27.0},{"not_picked":["Doom and Gloom+1","Ball Lightning"],"picked":"Biased Cognition+1","floor":30.0},{"not_picked":["Sweeping Beam","Barrage"],"picked":"Self Repair+1","floor":31.0},{"not_picked":["Compile Driver","Conserve Battery","Lockon"],"picked":"SKIP","floor":31.0},{"not_picked":["Amplify","Meteor Strike"],"picked":"Multi-Cast","floor":33.0},{"not_picked":["Rip and Tear","Beam Cell","Turbo"],"picked":"SKIP","floor":35.0},{"not_picked":["Static Discharge+1","Cold Snap","Self Repair+1"],"picked":"SKIP","floor":35.0},{"not_picked":["Stack","Barrage"],"picked":"Coolheaded+1","floor":38.0},{"not_picked":["Gash","Static Discharge+1","Cold Snap+1"],"picked":"SKIP","floor":38.0},{"not_picked":["Fusion","Beam Cell"],"picked":"Skim","floor":41.0},{"not_picked":["FTL","Redo+1"],"picked":"Loop+1","floor":42.0},{"not_picked":["Rebound","BootSequence","Doom and Gloom"],"picked":"SKIP","floor":42.0},{"not_picked":["Static Discharge+1","Reboot","Hologram"],"picked":"SKIP","floor":44.0},{"not_picked":["FTL","Static Discharge+1"],"picked":"Defragment+1","floor":45.0},{"not_picked":["Beam Cell","Go for the Eyes"],"picked":"Undo+1","floor":45.0},{"not_picked":["Steam","Hologram","White Noise"],"picked":"SKIP","floor":47.0},{"not_picked":["Rebound","Steam Power","Recycle"],"picked":"SKIP","floor":47.0},{"not_picked":["Rip and Tear","Scrape","Turbo"],"picked":"SKIP","floor":55.0}],"player_experience":3182393,"relics_obtained":[{"floor":8.0,"key":"Dead Branch"},{"floor":9.0,"key":"Frozen Egg 2"},{"floor":11.0,"key":"Centennial Puzzle"},{"floor":24.0,"key":"Mercury Hourglass"},{"floor":26.0,"key":"Mummified Hand"},{"floor":30.0,"key":"Dream Catcher"},{"floor":41.0,"key":"Potion Belt"},{"floor":44.0,"key":"Mango"},{"floor":55.0,"key":"Blue Candle"}],"event_choices":[{"damage_healed":0.0,"max_hp_gain":0.0,"max_hp_loss":0.0,"gold_gain":0.0,"event_name":"FaceTrader","player_choice":"Trade","floor":5.0,"gold_loss":0.0,"damage_taken":0.0,"relics_obtained":["CultistMask"]},{"damage_healed":0.0,"max_hp_gain":0.0,"max_hp_loss":0.0,"gold_gain":0.0,"cards_transformed":["Strike_B","Strike_B"],"event_name":"Drug Dealer","player_choice":"Became Test Subject","floor":20.0,"gold_loss":0.0,"damage_taken":0.0,"cards_obtained":["Reboot","Fission"]},{"damage_healed":0.0,"max_hp_gain":0.0,"max_hp_loss":0.0,"gold_gain":0.0,"event_name":"The Mausoleum","player_choice":"Opened","floor":21.0,"gold_loss":0.0,"damage_taken":0.0,"relics_obtained":["Prayer Wheel"],"cards_obtained":["Writhe"]},{"damage_healed":0.0,"max_hp_gain":0.0,"max_hp_loss":0.0,"gold_gain":50.0,"event_name":"Nest","player_choice":"Stole From Cult","floor":28.0,"gold_loss":0.0,"damage_taken":0.0},{"damage_healed":0.0,"max_hp_gain":0.0,"max_hp_loss":0.0,"gold_gain":0.0,"event_name":"Ghosts","player_choice":"Ignored","floor":29.0,"gold_loss":0.0,"damage_taken":0.0},{"cards_removed":["Dualcast"],"damage_healed":0.0,"max_hp_gain":0.0,"max_hp_loss":0.0,"gold_gain":0.0,"event_name":"Falling","player_choice":"Removed Skill","floor":37.0,"gold_loss":0.0,"damage_taken":0.0},{"damage_healed":0.0,"max_hp_gain":0.0,"max_hp_loss":0.0,"gold_gain":0.0,"event_name":"Winding Halls","player_choice":"Embrace Madness","floor":39.0,"gold_loss":0.0,"damage_taken":12.0,"cards_obtained":["Madness","Madness"]},{"damage_healed":0.0,"max_hp_gain":0.0,"max_hp_loss":0.0,"gold_gain":0.0,"event_name":"Upgrade Shrine","player_choice":"Upgraded","floor":48.0,"gold_loss":0.0,"damage_taken":0.0,"cards_upgraded":["Skim"]}],"is_beta":false,"boss_relics":[{"not_picked":["Tiny House","Ectoplasm"],"picked":"Nuclear Battery"},{"not_picked":["Empty Cage","Runic Dome"],"picked":"Coffee Dripper"}],"items_purged_floors":[22],"is_endless":false,"potions_floor_spawned":[6,11,13,16,18,27,30,35,41,45,55],"ascension_level":20}}