{"host":"9bcvatsnbq1a3xq4","time":1612986503,"event":{"mods":["BaseMod","Bestiary","Block Reminder","Highlight Path","Minty Spire (QoL Compilation)","Relic Stats"],"gold_per_floor":[112,37,37,37,54,65,79,79,79,79,105,117,139,173,173,250,250,260,260,260,23,37,65,80,80,131,131,16,30,62,93,93,166,166,181,201,35,257,309,309,335,349,427,445,119,119,148,164,164,164,164,164,164,124,155,155],"floor_reached":57,"language":"ENG","playtime":5316,"items_purged":["Writhe","Strike_B","Strike_B"],"score":2916,"play_id":"90937e6b-403d-433d-9b03-ff4e5b3b4468","local_time":"20210210204823","is_ascension_mode":true,"campfire_choices":[{"data":"Barrage","floor":8.0,"key":"SMITH"},{"data":"Electrodynamics","floor":10.0,"key":"SMITH"},{"data":"Self Repair","floor":15.0,"key":"SMITH"},{"floor":25.0,"key":"REST"},{"floor":27.0,"key":"RECALL"},{"floor":32.0,"key":"REST"},{"floor":40.0,"key":"REST"},{"floor":49.0,"key":"REST"},{"floor":53.0,"key":"REST"}],"circlet_count":0,"master_deck":["AscendersBane","Defend_B","Defend_B","Defend_B","Defend_B","Zap","Dualcast","Electrodynamics+1","Barrage+1","Self Repair+1","Rebound","Chill+1","BootSequence+1","Aggregate+1","Skim+1","Compile Driver","Rainbow+1","Loop","Consume+1","Rebound","Reinforced Body+1","Hologram+1","Cold Snap","Stack+1","White Noise+1","Go for the Eyes+1","Echo Form","Heatsinks","Echo Form","Hologram+1","Capacitor","Glacier+1","Fission+1","Apotheosis+1","Hologram+1","Defragment"],"relics":["Cracked Core","Toxic Egg 2","Blue Candle","Matryoshka","Odd Mushroom","StrikeDummy","Fusion Hammer","Molten Egg 2","DataDisk","Akabeko","Red Mask","SlaversCollar","Runic Capacitor","WingedGreaves","Happy Flower","PreservedInsect","HornCleat","Ornamental Fan"],"acts_visited":["Exordium","TheCity","TheBeyond","TheEnding"],"potions_floor_usage":[55,55],"damage_taken":[{"damage":1.0,"enemies":"Cultist","floor":1.0,"turns":3.0},{"damage":2.0,"enemies":"Jaw Worm","floor":5.0,"turns":3.0},{"damage":5.0,"enemies":"2 Louse","floor":6.0,"turns":3.0},{"damage":10.0,"enemies":"2 Fungi Beasts","floor":7.0,"turns":5.0},{"damage":30.0,"enemies":"Lagavulin","floor":11.0,"turns":7.0},{"damage":1.0,"enemies":"Blue Slaver","floor":12.0,"turns":3.0},{"damage":7.0,"enemies":"The Mushroom Lair","floor":13.0,"turns":3.0},{"damage":17.0,"enemies":"3 Sentries","floor":14.0,"turns":6.0},{"damage":15.0,"enemies":"Slime Boss","floor":16.0,"turns":7.0},{"damage":0.0,"enemies":"2 Thieves","floor":18.0,"turns":3.0},{"damage":9.0,"enemies":"Chosen","floor":22.0,"turns":5.0},{"damage":29.0,"enemies":"Book of Stabbing","floor":23.0,"turns":7.0},{"damage":6.0,"enemies":"Snake Plant","floor":24.0,"turns":5.0},{"damage":2.0,"enemies":"Shelled Parasite and Fungi","floor":29.0,"turns":11.0},{"damage":4.0,"enemies":"Slavers","floor":30.0,"turns":4.0},{"damage":22.0,"enemies":"Masked Bandits","floor":31.0,"turns":4.0},{"damage":0.0,"enemies":"Champ","floor":33.0,"turns":19.0},{"damage":0.0,"enemies":"3 Shapes","floor":35.0,"turns":3.0},{"damage":0.0,"enemies":"Orb Walker","floor":36.0,"turns":4.0},{"damage":66.0,"enemies":"2 Orb Walkers","floor":39.0,"turns":7.0},{"damage":11.0,"enemies":"Reptomancer","floor":41.0,"turns":6.0},{"damage":10.0,"enemies":"Spire Growth","floor":42.0,"turns":4.0},{"damage":0.0,"enemies":"Sphere and 2 Shapes","floor":44.0,"turns":4.0},{"damage":25.0,"enemies":"Giant Head","floor":47.0,"turns":7.0},{"damage":21.0,"enemies":"Writhing Mass","floor":48.0,"turns":9.0},{"damage":0.0,"enemies":"Donu and Deca","floor":50.0,"turns":10.0},{"damage":12.0,"enemies":"Time Eater","floor":51.0,"turns":18.0},{"damage":36,"enemies":"Shield and Spear","floor":55,"turns":8},{"damage":21,"enemies":"The Heart","floor":56,"turns":10}],"seed_played":"7167619012031807857","potions_obtained":[{"floor":5.0,"key":"Dexterity Potion"},{"floor":7.0,"key":"Regen Potion"},{"floor":13.0,"key":"ColorlessPotion"},{"floor":16.0,"key":"Strength Potion"},{"floor":22.0,"key":"PotionOfCapacity"},{"floor":29.0,"key":"Dexterity Potion"},{"floor":41.0,"key":"GamblersBrew"},{"floor":42.0,"key":"EssenceOfSteel"},{"floor":48.0,"key":"DuplicationPotion"}],"is_trial":false,"path_per_floor":["M","$","?","T","M","M","M","R","T","R","E","M","?","E","R","B",null,"M","?","?","$","M","E","M","R","T","R","$","M","E","?","R","B",null,"M","M","$","?","?","R","E","M","T","M","$","?","E","M","R","B","B",null,"R","$","E","B",null],"character_chosen":"DEFECT","items_purchased":["Reinforced Body+1","Hologram+1","Go for the Eyes+1","FocusPotion","Runic Capacitor","Apotheosis+1","Defragment"],"campfire_rested":5,"item_purchase_floors":[21,21,28,28,37,45,54],"current_hp_per_floor":[63,63,63,63,61,63,60,60,60,60,46,45,45,35,35,30,61,71,51,51,51,42,23,27,49,49,49,49,57,53,41,63,73,75,76,76,76,76,10,32,41,31,31,51,51,51,46,45,67,76,74,76,76,76,60,59],"gold":155,"neow_bonus":"THREE_RARE_CARDS","is_daily":false,"chose_seed":false,"campfire_upgraded":3,"win_rate":0.0,"timestamp":1612986503,"path_taken":["M","$","?","?","?","M","M","R","T","R","E","M","?","E","R","BOSS","M","?","?","$","M","E","M","R","T","R","?","?","E","?","R","BOSS","M","M","$","?","?","R","E","M","T","M","?","?","E","?","R","BOSS","BOSS","R","$","E","BOSS"],"items_purchased_type":["Card","Card","Card","Potion","Relic","Card","Card"],"build_version":"2020-12-22","purchased_purges":3,"victory":true,"max_hp_per_floor":[71,71,71,71,71,71,71,71,71,71,71,71,71,71,71,71,71,71,76,76,76,76,76,76,76,76,76,76,76,76,76,76,76,76,76,76,76,76,76,76,76,76,76,76,76,76,76,76,76,76,76,76,76,76,76,76],"relic_stats":{"Happy Flower":[23],"counters":[29,188],"Ornamental Fan":[12],"Blue Candle":[0],"PreservedInsect":207,"obtain_stats":[{"Happy Flower":41,"Blue Candle":9,"PreservedInsect":43,"Runic Capacitor":37,"Odd Mushroom":13,"Akabeko":30,"SlaversCollar":34,"DataDisk":26,"Matryoshka":11,"HornCleat":43,"Ornamental Fan":55,"Molten Egg 2":23,"Fusion Hammer":17,"WingedGreaves":39,"Red Mask":31,"Toxic Egg 2":4,"Cracked Core":0,"StrikeDummy":14},{"Happy Flower":21,"Blue Candle":4,"PreservedInsect":22,"Runic Capacitor":19,"Odd Mushroom":7,"Akabeko":15,"SlaversCollar":17,"DataDisk":13,"Matryoshka":5,"HornCleat":22,"Ornamental Fan":28,"Molten Egg 2":12,"Fusion Hammer":9,"WingedGreaves":20,"Red Mask":16,"Toxic Egg 2":1,"Cracked Core":0,"StrikeDummy":8},{"Happy Flower":118,"Blue Candle":14,"PreservedInsect":122,"Runic Capacitor":105,"Odd Mushroom":27,"Akabeko":75,"SlaversCollar":98,"DataDisk":60,"Matryoshka":21,"HornCleat":122,"Ornamental Fan":178,"Molten Egg 2":55,"Fusion Hammer":40,"WingedGreaves":112,"Red Mask":79,"Toxic Egg 2":3,"Cracked Core":0,"StrikeDummy":33}]},"card_choices":[{"not_picked":["Hyperbeam","Rainbow"],"picked":"Electrodynamics","floor":0.0},{"not_picked":["Turbo","Sweeping Beam"],"picked":"Barrage","floor":1.0},{"not_picked":["Stack+1","Steam+1"],"picked":"Self Repair","floor":5.0},{"not_picked":["Stack+1","Scrape"],"picked":"Rebound","floor":6.0},{"not_picked":["Hyperbeam","Streamline"],"picked":"Chill+1","floor":7.0},{"not_picked":["Compile Driver","Go for the Eyes"],"picked":"BootSequence+1","floor":11.0},{"not_picked":["FTL","Stack+1"],"picked":"Aggregate+1","floor":12.0},{"not_picked":["Turbo+1","Gash"],"picked":"Skim+1","floor":13.0},{"not_picked":["Sweeping Beam","Ball Lightning"],"picked":"Compile Driver","floor":14.0},{"not_picked":["Meteor Strike","Amplify+1"],"picked":"Rainbow+1","floor":16.0},{"not_picked":["Coolheaded+1","Cold Snap"],"picked":"Loop","floor":18.0},{"not_picked":["BootSequence+1","Beam Cell"],"picked":"Cold Snap","floor":22.0},{"not_picked":["Conserve Battery+1","Ball Lightning+1"],"picked":"Stack+1","floor":23.0},{"not_picked":["Conserve Battery+1","Stack+1"],"picked":"White Noise+1","floor":24.0},{"not_picked":["Rebound+1","Chill+1","Rip and Tear+1"],"picked":"SKIP","floor":29.0},{"not_picked":["Coolheaded+1","Redo+1"],"picked":"Echo Form","floor":30.0},{"not_picked":["Hologram+1","Compile Driver+1"],"picked":"Heatsinks","floor":31.0},{"not_picked":["Thunder Strike+1","Creative AI"],"picked":"Echo Form","floor":33.0},{"not_picked":["Ball Lightning+1","Redo+1"],"picked":"Hologram+1","floor":35.0},{"not_picked":["Conserve Battery+1","Coolheaded+1"],"picked":"Capacitor","floor":36.0},{"not_picked":["Streamline+1","Beam Cell+1"],"picked":"Glacier+1","floor":41.0},{"not_picked":["Capacitor","Rip and Tear+1"],"picked":"Fission+1","floor":42.0},{"not_picked":["Rebound+1","Sweeping Beam+1","Barrage+1"],"picked":"SKIP","floor":44.0},{"not_picked":["Stack+1","Hologram+1","Turbo+1"],"picked":"SKIP","floor":47.0},{"not_picked":["Lockon+1","Rebound+1"],"picked":"Hologram+1","floor":48.0},{"not_picked":["All For One+1","Blizzard+1","Gash+1"],"picked":"SKIP","floor":55}],"player_experience":829523,"relics_obtained":[{"floor":4.0,"key":"Toxic Egg 2"},{"floor":9.0,"key":"Blue Candle"},{"floor":11.0,"key":"Matryoshka"},{"floor":13.0,"key":"Odd Mushroom"},{"floor":14.0,"key":"StrikeDummy"},{"floor":23.0,"key":"Molten Egg 2"},{"floor":26.0,"key":"DataDisk"},{"floor":30.0,"key":"Akabeko"},{"floor":31.0,"key":"Red Mask"},{"floor":39.0,"key":"WingedGreaves"},{"floor":41.0,"key":"Happy Flower"},{"floor":43.0,"key":"PreservedInsect"},{"floor":43.0,"key":"HornCleat"},{"floor":55,"key":"Ornamental Fan"}],"event_choices":[{"damage_healed":0.0,"max_hp_gain":0.0,"max_hp_loss":0.0,"gold_gain":0.0,"event_name":"The Cleric","player_choice":"Leave","floor":3.0,"gold_loss":0.0,"damage_taken":0.0},{"damage_healed":0.0,"max_hp_gain":0.0,"max_hp_loss":0.0,"gold_gain":0.0,"event_name":"Mushrooms","player_choice":"Fought Mushrooms","floor":13.0,"gold_loss":0.0,"damage_taken":0.0},{"damage_healed":0.0,"max_hp_gain":5.0,"max_hp_loss":0.0,"gold_gain":0.0,"event_name":"Forgotten Altar","player_choice":"Shed Blood","floor":19.0,"gold_loss":0.0,"damage_taken":25.0},{"damage_healed":0.0,"max_hp_gain":0.0,"max_hp_loss":0.0,"gold_gain":0.0,"cards_transformed":["Strike_B","Strike_B"],"event_name":"Drug Dealer","player_choice":"Became Test Subject","floor":20.0,"gold_loss":0.0,"damage_taken":0.0,"cards_obtained":["Consume","Rebound"]},{"damage_healed":0.0,"max_hp_gain":0.0,"max_hp_loss":0.0,"gold_gain":0.0,"event_name":"Masked Bandits","player_choice":"Fought Bandits","floor":31.0,"gold_loss":0.0,"damage_taken":0.0},{"damage_healed":0.0,"max_hp_gain":0.0,"max_hp_loss":0.0,"gold_gain":222.0,"event_name":"Tomb of Lord Red Mask","player_choice":"Wore Mask","floor":38.0,"gold_loss":0.0,"damage_taken":0.0},{"damage_healed":0.0,"max_hp_gain":0.0,"max_hp_loss":0.0,"gold_gain":0.0,"event_name":"Mysterious Sphere","player_choice":"Fight","floor":39.0,"gold_loss":0.0,"damage_taken":0.0},{"damage_healed":0.0,"max_hp_gain":0.0,"max_hp_loss":0.0,"gold_gain":0.0,"event_name":"SecretPortal","player_choice":"Ignored","floor":46.0,"gold_loss":0.0,"damage_taken":0.0}],"is_beta":false,"boss_relics":[{"not_picked":["Philosopher\u0027s Stone","Tiny House"],"picked":"Fusion Hammer"},{"not_picked":["Coffee Dripper","SacredBark"],"picked":"SlaversCollar"}],"items_purged_floors":[2,21,45],"is_endless":false,"potions_floor_spawned":[5,7,13,16,22,29,30,31,41,42,48],"ascension_level":20}}