{"host":"kh6fvhxn285ncg0o","time":1612987308,"event":{"mods":["Act Like it!","BaseMod","Colored Map","Friendly Minions","Keyboard Shortcuts","Minty Spire (QoL Compilation)","Quick Restart","Relic Stats","StSLib","SuperFastMode","UnlockEverythingMod"],"gold_per_floor":[114,264,279,279,279,279,314,43,43,43,43],"floor_reached":10,"language":"KOR","playtime":98,"items_purged":[],"score":178,"play_id":"acaf1112-8e4b-48b1-bb1e-c0c4c4505f3e","local_time":"20210211050148","is_ascension_mode":true,"campfire_choices":[{"data":"Neutralize","floor":6,"key":"SMITH"}],"circlet_count":0,"master_deck":["AscendersBane","Strike_G","Strike_G","Strike_G","Strike_G+1","Strike_G+1","Defend_G","Defend_G","Defend_G","Defend_G","Defend_G","Survivor","Neutralize+1","Doubt","Decay","Leg Sweep"],"relics":["Ring of the Snake","NeowsBlessing","Frozen Egg 2","Meat on the Bone","Paper Crane"],"acts_visited":["Exordium"],"potions_floor_usage":[10],"damage_taken":[{"damage":0,"enemies":"Cultist","floor":1,"turns":1},{"damage":0,"enemies":"Jaw Worm","floor":3,"turns":1},{"damage":0,"enemies":"Gremlin Nob","floor":7,"turns":1},{"damage":17,"enemies":"3 Sentries","floor":10,"turns":3}],"seed_played":"2831268692773366057","potions_obtained":[{"floor":3,"key":"ColorlessPotion"}],"is_trial":false,"path_per_floor":["M","?","M","?","?","R","E","$","T","E"],"character_chosen":"THE_SILENT","items_purchased":["Meat on the Bone"],"campfire_rested":0,"item_purchase_floors":[8],"current_hp_per_floor":[59,59,59,39,39,39,39,39,39,22,22],"gold":43,"neow_bonus":"THREE_ENEMY_KILL","is_daily":false,"chose_seed":false,"campfire_upgraded":1,"win_rate":0.0,"timestamp":1612987308,"path_taken":["M","?","M","?","?","R","E","$","T","E"],"items_purchased_type":["Relic"],"build_version":"2020-12-22","purchased_purges":0,"victory":false,"max_hp_per_floor":[66,66,66,66,66,66,66,66,66,66,66],"relic_stats":{"counters":[4,6],"obtain_stats":[{"NeowsBlessing":0,"Frozen Egg 2":7,"Paper Crane":9,"Ring of the Snake":0,"Meat on the Bone":8},{"NeowsBlessing":0,"Frozen Egg 2":3,"Paper Crane":3,"Ring of the Snake":0,"Meat on the Bone":3},{"NeowsBlessing":0,"Frozen Egg 2":3,"Paper Crane":3,"Ring of the Snake":0,"Meat on the Bone":3}],"Ring of the Snake":[8],"Meat on the Bone":0},"card_choices":[{"not_picked":["Blade Dance","Expertise"],"picked":"Leg Sweep","floor":7}],"player_experience":1362822,"relics_obtained":[{"floor":7,"key":"Frozen Egg 2"},{"floor":9,"key":"Paper Crane"}],"event_choices":[{"damage_healed":0,"gold_gain":150,"player_choice":"AGREE","damage_taken":0,"max_hp_gain":0,"max_hp_loss":0,"event_name":"Liars Game","floor":2,"gold_loss":0,"cards_obtained":["Doubt"]},{"damage_healed":0,"gold_gain":0,"player_choice":"Entered Light","damage_taken":20,"max_hp_gain":0,"max_hp_loss":0,"event_name":"Shining Light","floor":4,"gold_loss":0,"cards_upgraded":["Strike_G","Strike_G"]},{"damage_healed":0,"gold_gain":0,"player_choice":"Cursed","damage_taken":0,"max_hp_gain":0,"max_hp_loss":0,"event_name":"Wheel of Change","floor":5,"gold_loss":0,"cards_obtained":["Decay"]}],"is_beta":false,"boss_relics":[],"items_purged_floors":[],"is_endless":false,"potions_floor_spawned":[3],"killed_by":"3 Sentries","ascension_level":20}}