{"host":"o397ecwz7fxep68m","time":1612950724,"event":{"mods":["BaseMod","Minty Spire (QoL Compilation)","Quick Restart","Relic Stats","StSLib"],"gold_per_floor":[117,137,62,62,62,92,106,106,106,106,131,131,162,177,177,281,281,294,393,393,405,405,435,435,435,435],"floor_reached":25,"language":"ZHS","playtime":1084,"items_purged":[],"score":367,"play_id":"2df3a636-3a1f-4998-959e-e98f969ae943","local_time":"20210210175204","is_ascension_mode":true,"campfire_choices":[{"floor":8.0,"key":"REST"},{"data":"Genetic Algorithm","floor":15.0,"key":"SMITH"},{"floor":24.0,"key":"REST"}],"circlet_count":0,"master_deck":["AscendersBane","Strike_B","Strike_B","Strike_B","Defend_B","Zap","Dualcast","Conserve Battery","Self Repair","Auto Shields","Streamline","Self Repair","Genetic Algorithm+1","Buffer","Leap+1","Rainbow+1","Recycle+1","Undo"],"relics":["SlaversCollar","Blue Candle","Potion Belt","White Beast Statue","CaptainsWheel","Lizard Tail","Astrolabe","Bronze Scales"],"acts_visited":[],"potions_floor_usage":[],"damage_taken":[{"damage":2.0,"enemies":"2 Louse","floor":1.0,"turns":4.0},{"damage":7.0,"enemies":"Jaw Worm","floor":2.0,"turns":4.0},{"damage":19.0,"enemies":"Lagavulin","floor":6.0,"turns":10.0},{"damage":0.0,"enemies":"Small Slimes","floor":7.0,"turns":4.0},{"damage":33.0,"enemies":"Gremlin Nob","floor":11.0,"turns":5.0},{"damage":7.0,"enemies":"Lagavulin","floor":13.0,"turns":8.0},{"damage":0.0,"enemies":"Looter","floor":14.0,"turns":4.0},{"damage":30.0,"enemies":"Slime Boss","floor":16.0,"turns":14.0},{"damage":19.0,"enemies":"Shell Parasite","floor":18.0,"turns":10.0},{"damage":14.0,"enemies":"Chosen","floor":21.0,"turns":6.0},{"damage":26.0,"enemies":"Book of Stabbing","floor":23.0,"turns":8.0},{"damage":0,"enemies":"Gremlin Leader","floor":25,"turns":1}],"seed_played":"-8633390304030560821","potions_obtained":[{"floor":6.0,"key":"Fire Potion"},{"floor":11.0,"key":"Block Potion"},{"floor":13.0,"key":"GamblersBrew"},{"floor":14.0,"key":"GamblersBrew"},{"floor":16.0,"key":"FocusPotion"},{"floor":18.0,"key":"Dexterity Potion"},{"floor":23.0,"key":"Block Potion"}],"is_trial":false,"path_per_floor":["M","M","$","?","?","E","M","R","T","?","E","$","E","M","R","B",null,"M","?","?","M","$","E","R","E"],"character_chosen":"DEFECT","items_purchased":["Auto Shields"],"campfire_rested":2,"item_purchase_floors":[3],"current_hp_per_floor":[66,59,59,52,34,22,29,51,51,51,25,25,32,46,46,30,64,59,59,59,52,52,40,62,62,62],"gold":435,"neow_bonus":"BOSS_RELIC","is_daily":false,"chose_seed":false,"campfire_upgraded":1,"win_rate":0.0,"timestamp":1612950724,"path_taken":["M","M","$","?","?","E","M","R","T","?","E","?","E","M","R","BOSS","M","?","?","M","$","E","R","E"],"items_purchased_type":["Card"],"build_version":"2020-12-22","purchased_purges":0,"victory":false,"max_hp_per_floor":[75,75,75,75,75,75,75,75,75,75,75,75,75,75,75,75,75,75,75,75,75,75,75,75,75,75],"relic_stats":{"Lizard Tail":0,"counters":[12,78],"Blue Candle":[0],"Astrolabe":["Leap","Rainbow","Recycle"],"Bronze Scales":[0],"obtain_stats":[{"Potion Belt":6,"SlaversCollar":0,"CaptainsWheel":11,"Lizard Tail":13,"Blue Candle":5,"Astrolabe":17,"Bronze Scales":23,"Cracked Core":0,"White Beast Statue":9},{"Potion Belt":3,"SlaversCollar":0,"CaptainsWheel":5,"Lizard Tail":6,"Blue Candle":2,"Astrolabe":8,"Bronze Scales":11,"Cracked Core":0,"White Beast Statue":4},{"Potion Belt":18,"SlaversCollar":0,"CaptainsWheel":27,"Lizard Tail":35,"Blue Candle":8,"Astrolabe":53,"Bronze Scales":77,"Cracked Core":0,"White Beast Statue":22}]},"card_choices":[{"not_picked":["Stack","Leap"],"picked":"Conserve Battery","floor":1.0},{"not_picked":["Tempest","Streamline"],"picked":"Self Repair","floor":2.0},{"not_picked":["Redo","Beam Cell","Go for the Eyes"],"picked":"SKIP","floor":6.0},{"not_picked":["Stack","Scrape"],"picked":"Streamline","floor":7.0},{"not_picked":["Loop","Stack"],"picked":"Self Repair","floor":11.0},{"not_picked":["Cold Snap","Rip and Tear"],"picked":"Genetic Algorithm","floor":13.0},{"not_picked":["Barrage","Coolheaded","Conserve Battery"],"picked":"SKIP","floor":14.0},{"not_picked":["Fission","Amplify"],"picked":"Buffer","floor":16.0},{"not_picked":["Rip and Tear+1","Stack","Go for the Eyes"],"picked":"SKIP","floor":18.0},{"not_picked":["Tempest","Cold Snap"],"picked":"Undo","floor":21.0},{"not_picked":["Cold Snap","Undo","Chaos"],"picked":"SKIP","floor":23.0}],"player_experience":693687,"relics_obtained":[{"floor":6.0,"key":"Potion Belt"},{"floor":9.0,"key":"White Beast Statue"},{"floor":11.0,"key":"CaptainsWheel"},{"floor":13.0,"key":"Lizard Tail"},{"floor":23.0,"key":"Bronze Scales"}],"event_choices":[{"cards_removed":["Defend_B"],"damage_healed":0.0,"max_hp_gain":0.0,"max_hp_loss":0.0,"gold_gain":0.0,"event_name":"Golden Wing","player_choice":"Card Removal","floor":4.0,"gold_loss":0.0,"damage_taken":7.0},{"damage_healed":0.0,"max_hp_gain":0.0,"max_hp_loss":0.0,"gold_gain":0.0,"event_name":"Scrap Ooze","player_choice":"Success","floor":5.0,"gold_loss":0.0,"damage_taken":18.0,"relics_obtained":["Blue Candle"]},{"damage_healed":0.0,"max_hp_gain":0.0,"max_hp_loss":0.0,"gold_gain":0.0,"event_name":"Shining Light","player_choice":"Ignored","floor":10.0,"gold_loss":0.0,"damage_taken":0.0},{"damage_healed":0.0,"max_hp_gain":0.0,"max_hp_loss":0.0,"gold_gain":99.0,"event_name":"Nest","player_choice":"Stole From Cult","floor":19.0,"gold_loss":0.0,"damage_taken":0.0},{"damage_healed":0.0,"max_hp_gain":0.0,"max_hp_loss":0.0,"gold_gain":0.0,"event_name":"Ghosts","player_choice":"Ignored","floor":20.0,"gold_loss":0.0,"damage_taken":0.0}],"is_beta":false,"boss_relics":[{"not_picked":["Busted Crown","Cursed Key"],"picked":"Astrolabe"}],"items_purged_floors":[],"is_endless":false,"potions_floor_spawned":[6,11,13,14,16,18,21,23],"killed_by":"Gremlin Leader","ascension_level":11}}