{"host":"dh4nu8nelr2izibb","time":1612997888,"event":{"mods":["BaseMod","Better Skull","Better Third Choice","Card Forge","Curses Come First","Displayed Cursed Tome","HololiveMod","Marisa????????","Minty Spire (QoL Compilation)","Poor People Problems","Quick Restart","Relic Filter","Reliquary","StSLib","WarShipGirlsR/????R mod","Yakumo Yukari mod"],"gold_per_floor":[237,248,265,277,193,228,228,228,228,228,99,127,139,139,139,139,139],"floor_reached":16,"language":"ENG","playtime":428,"items_purged":["Defend_purpleEX"],"score":215,"play_id":"c69201f5-e812-4e76-b705-ccaacbf699fa","local_time":"20210210175808","is_ascension_mode":true,"campfire_choices":[{"floor":7.0,"key":"REST"},{"data":"Umbrella_purple","floor":10.0,"key":"SMITH"},{"floor":15,"key":"REST"}],"circlet_count":0,"master_deck":["AscendersBane","AT_purpleEX","AT_purpleEX","AT_purpleEX","AT_purpleEX","Defend_purpleEX","Defend_purpleEX","Defend_purpleEX","Observe_purple_1","Observe_purple_2","ExistenceContinue_purple","WingOfChimera_purple+1","Umbrella_purple+1","Bait_Toxicbait_purple+1","Photoelasticity_Doppler_Effect_purple","OmniscientAndOmnipotent_Monster_purple+1","CommonSense_AntiCommonSense_purple","RuptureOfTimeAndSpace_purple","Nest_LightFlightworm_purple"],"relics":["Boundary_crack","Memoryfragments_purpleEX","Hammer of Thor","Seething Fire","Anvil of the Gods","Smiling Mask","Juzu Bracelet","reliquary:Buckler","reliquary:Sideboard"],"acts_visited":["Exordium"],"potions_floor_usage":[],"damage_taken":[{"damage":11.0,"enemies":"Jaw Worm","floor":1.0,"turns":5.0},{"damage":6.0,"enemies":"2 Louse","floor":2.0,"turns":3.0},{"damage":4.0,"enemies":"Small Slimes","floor":3.0,"turns":4.0},{"damage":0.0,"enemies":"2 Fungi Beasts","floor":4.0,"turns":5.0},{"damage":33.0,"enemies":"Gremlin Nob","floor":6.0,"turns":4.0},{"damage":27,"enemies":"Lagavulin","floor":12,"turns":4},{"damage":0,"enemies":"Red Slaver","floor":13,"turns":2},{"damage":0,"enemies":"The Guardian","floor":16,"turns":3}],"seed_played":"448671157563509670","potions_obtained":[{"floor":4.0,"key":"RealmPotion"},{"floor":6.0,"key":"Dexterity Potion"},{"floor":12,"key":"Ancient Potion"}],"is_trial":false,"path_per_floor":["M","M","M","M","$","E","R","?","T","R","$","E","M","?","R","B"],"character_chosen":"Youkari","items_purchased":["Photoelasticity_Doppler_Effect_purple","CommonSense_AntiCommonSense_purple"],"campfire_rested":2,"item_purchase_floors":[5,11],"current_hp_per_floor":[50,45,42,43,43,12,31,31,31,31,31,9,10,10,29,29,29],"gold":139,"neow_bonus":"HUNDRED_GOLD","is_daily":false,"chose_seed":false,"campfire_upgraded":1,"win_rate":0.0,"timestamp":1612997888,"path_taken":["M","M","M","M","$","E","R","?","T","R","$","E","M","?","R","BOSS"],"items_purchased_type":["Card","Card"],"build_version":"2020-12-22","purchased_purges":1,"victory":false,"max_hp_per_floor":[65,65,65,65,65,65,65,65,65,65,65,65,65,65,65,65,65],"card_choices":[{"not_picked":["RuleDissolution_purple","Realm_recovery_purpleEX"],"picked":"ExistenceContinue_purple","floor":1.0},{"not_picked":["Boundary_DreamRealityDamnation_purple","Line_surface_state_purple"],"picked":"WingOfChimera_purple","floor":2.0},{"not_picked":["ExistenceContinue_purple","ExternalForce_HighSpeedFlying_purple"],"picked":"Umbrella_purple","floor":3.0},{"not_picked":["SharpContractionReality_purple","StretchesForeverDream_purple"],"picked":"Bait_Toxicbait_purple","floor":4.0},{"not_picked":["Mirror_FormAndEmptin_purple","Umbrella_purple"],"picked":"OmniscientAndOmnipotent_Monster_purple","floor":6.0},{"not_picked":["GluttonyofRealm_purpleEX","SfantasyHide_purple"],"picked":"RuptureOfTimeAndSpace_purple","floor":12},{"not_picked":["RuleDissolution_purple","PurpleNeedle_purple"],"picked":"Nest_LightFlightworm_purple","floor":13}],"player_experience":1098403,"relics_obtained":[{"floor":6.0,"key":"Smiling Mask"},{"floor":9.0,"key":"Juzu Bracelet"},{"floor":12,"key":"reliquary:Buckler"}],"event_choices":[{"damage_healed":0.0,"max_hp_gain":0.0,"max_hp_loss":0.0,"gold_gain":0.0,"event_name":"Living Wall","player_choice":"Grow","floor":8.0,"gold_loss":0.0,"damage_taken":0.0,"cards_upgraded":["OmniscientAndOmnipotent_Monster_purple"]},{"damage_healed":0,"gold_gain":0,"player_choice":"Searched \u00271\u0027 times","damage_taken":0,"relics_obtained":["reliquary:Sideboard"],"max_hp_gain":0,"max_hp_loss":0,"event_name":"Dead Adventurer","floor":14,"gold_loss":0}],"is_beta":false,"boss_relics":[],"items_purged_floors":[11],"is_endless":false,"potions_floor_spawned":[4,6,12],"killed_by":"The Guardian","ascension_level":19}}