{"host":"wuernuywc9gl215o","time":1612981905,"event":{"mods":["2.2 Compatiblity","AchievementEnabler","BaseMod","Bestiary","Block Reminder","Displayed Cursed Tome","Highlight Path","Key Reminder","Minty Spire (QoL Compilation)","Permanent Neow","Potion Indicator Mod","Quick Restart","Rare Cards Sparkle","Relic Stats","ojb\u0027s Info Mod"],"gold_per_floor":[114,134,19,19,36,36,51,68,68,94,94,104,137,49,49,121,121,140,160,0,0,0,0,0,33,33,33,33,33,33,59,59,137,137,151,166,166,184,134,164,164,174,197,197,0,0,29,29,29,29,29,29,4,29,29,29],"floor_reached":55,"language":"ENG","playtime":3865,"items_purged":["Pain"],"score":1384,"play_id":"43b8e0b9-3ad9-402a-8848-039893cb3cbf","local_time":"20210210183145","is_ascension_mode":true,"campfire_choices":[{"data":"Neutralize","floor":6.0,"key":"SMITH"},{"floor":11.0,"key":"REST"},{"floor":15.0,"key":"REST"},{"floor":23.0,"key":"REST"},{"data":"Wraith Form v2","floor":28.0,"key":"SMITH"},{"data":"RitualDagger","floor":30.0,"key":"SMITH"},{"floor":32.0,"key":"REST"},{"floor":41,"key":"REST"},{"floor":44,"key":"RECALL"},{"data":"Catalyst","floor":49,"key":"SMITH"},{"data":"Transmutation","floor":52,"key":"SMITH"}],"circlet_count":0,"master_deck":["AscendersBane","Survivor","Neutralize+1","Adrenaline","Cloak And Dagger","Catalyst+1","Underhanded Strike","Leg Sweep","Masterful Stab","Backflip","Poisoned Stab","Predator","Corpse Explosion","Wraith Form v2+1","Tactician","Bouncing Flask+1","Blade Dance","Venomology","Infinite Blades","Acrobatics","Bouncing Flask+1","RitualDagger+1","Adrenaline","Cloak And Dagger","Calculated Gamble","Dodge and Roll","Backflip+1","Acrobatics+1","Transmutation+1","Flying Knee","Accuracy"],"relics":["Ring of the Snake","Juzu Bracelet","Ancient Tea Set","Gremlin Horn","Pandora\u0027s Box","Blood Vial","Enchiridion","Darkstone Periapt","MealTicket","Bottled Lightning","Torii","Snecko Eye","Bird Faced Urn","Red Mask","Unceasing Top","Art of War"],"acts_visited":["Exordium","TheCity","TheBeyond","TheEnding"],"potions_floor_usage":[40,42,47,50,50,50],"damage_taken":[{"damage":18.0,"enemies":"Jaw Worm","floor":1.0,"turns":9.0},{"damage":5.0,"enemies":"Cultist","floor":2.0,"turns":6.0},{"damage":1.0,"enemies":"Small Slimes","floor":5.0,"turns":4.0},{"damage":4.0,"enemies":"Gremlin Gang","floor":7.0,"turns":10.0},{"damage":0.0,"enemies":"Blue Slaver","floor":8.0,"turns":5.0},{"damage":11.0,"enemies":"3 Sentries","floor":10.0,"turns":14.0},{"damage":4.0,"enemies":"Large Slime","floor":12.0,"turns":9.0},{"damage":19.0,"enemies":"Lagavulin","floor":13.0,"turns":8.0},{"damage":23.0,"enemies":"Slime Boss","floor":16.0,"turns":9.0},{"damage":3.0,"enemies":"Shell Parasite","floor":18.0,"turns":4.0},{"damage":6.0,"enemies":"3 Byrds","floor":19.0,"turns":2.0},{"damage":6.0,"enemies":"Slavers","floor":25.0,"turns":3.0},{"damage":21.0,"enemies":"Book of Stabbing","floor":31.0,"turns":5.0},{"damage":8.0,"enemies":"Collector","floor":33.0,"turns":8.0},{"damage":0.0,"enemies":"3 Darklings","floor":35.0,"turns":2.0},{"damage":0.0,"enemies":"Orb Walker","floor":36.0,"turns":3.0},{"damage":13.0,"enemies":"Spire Growth","floor":38.0,"turns":4.0},{"damage":31,"enemies":"Nemesis","floor":40,"turns":7},{"damage":0,"enemies":"Jaw Worm Horde","floor":42,"turns":2},{"damage":2,"enemies":"Giant Head","floor":47,"turns":7},{"damage":32,"enemies":"Awakened One","floor":50,"turns":12},{"damage":0,"enemies":"Shield and Spear","floor":54,"turns":4},{"damage":66,"enemies":"The Heart","floor":55,"turns":3}],"seed_played":"8287334125163542614","potions_obtained":[{"floor":2.0,"key":"GhostInAJar"},{"floor":8.0,"key":"Swift Potion"},{"floor":12.0,"key":"SpeedPotion"},{"floor":16.0,"key":"Energy Potion"},{"floor":25.0,"key":"Poison Potion"},{"floor":31.0,"key":"Swift Potion"},{"floor":35.0,"key":"Weak Potion"}],"is_trial":false,"path_per_floor":["M","M","$","?","M","R","M","M","T","E","R","M","E","$","R","B",null,"M","M","$","?","?","R","?","E","T","?","R","?","R","E","R","B",null,"M","M","?","M","?","E","R","M","T","R","?","?","E","$","R","B",null,"R","$","E","B"],"character_chosen":"THE_SILENT","items_purchased":["Catalyst","Corpse Explosion","Blood Vial","Flying Knee"],"campfire_rested":5,"item_purchase_floors":[3,14,20,53],"current_hp_per_floor":[41,36,36,36,35,35,31,31,31,20,39,35,16,16,35,12,53,50,44,44,38,17,36,36,32,32,32,32,32,32,13,32,26,56,58,60,60,49,49,20,39,43,43,43,43,38,44,59,59,35,58,58,66,66,0,0],"gold":29,"neow_bonus":"THREE_RARE_CARDS","is_daily":false,"chose_seed":false,"campfire_upgraded":5,"win_rate":0.0,"timestamp":1612981905,"path_taken":["M","M","$","?","?","R","M","M","T","E","R","M","E","$","R","BOSS","M","M","$","?","?","R","?","E","T","?","R","?","R","E","R","BOSS","M","M","?","M","?","E","R","M","T","R","?","?","E","?","R","BOSS","R","$","E","BOSS"],"items_purchased_type":["Card","Card","Relic","Card"],"build_version":"2020-12-22","purchased_purges":1,"victory":false,"max_hp_per_floor":[66,66,66,66,66,66,66,66,66,66,66,66,66,66,66,66,66,66,66,66,66,66,66,66,66,66,66,66,66,66,66,66,66,66,66,66,66,66,66,66,66,66,66,66,66,66,66,66,66,66,66,66,66,66,66,66],"relic_stats":{"Darkstone Periapt":0,"Gremlin Horn":[13,13],"Torii":18,"counters":[23,140],"Juzu Bracelet":2,"Blood Vial":20,"Bird Faced Urn":[14],"Snecko Eye":[109,102,97,128],"Pandora\u0027s Box":["Envenom","Tactician","Bouncing Flask","Blade Dance","Skewer","Venomology","Infinite Blades","Grand Finale","Acrobatics"],"MealTicket":23,"Art of War":[0],"obtain_stats":[{"Darkstone Periapt":24,"Gremlin Horn":13,"Torii":31,"Enchiridion":22,"Juzu Bracelet":9,"Ancient Tea Set":10,"Blood Vial":20,"keyreminder:keyreminder":40,"Bird Faced Urn":40,"Snecko Eye":34,"Pandora\u0027s Box":17,"MealTicket":25,"Red Mask":45,"Art of War":54,"Bottled Lightning":26,"Unceasing Top":47,"Ring of the Snake":0},{"Darkstone Periapt":11,"Gremlin Horn":8,"Torii":13,"Enchiridion":11,"Juzu Bracelet":5,"Ancient Tea Set":6,"Blood Vial":11,"keyreminder:keyreminder":18,"Bird Faced Urn":18,"Snecko Eye":14,"Pandora\u0027s Box":9,"MealTicket":12,"Red Mask":19,"Art of War":22,"Bottled Lightning":12,"Unceasing Top":20,"Ring of the Snake":0},{"Darkstone Periapt":80,"Gremlin Horn":65,"Torii":88,"Enchiridion":80,"Juzu Bracelet":34,"Ancient Tea Set":48,"Blood Vial":80,"keyreminder:keyreminder":112,"Bird Faced Urn":112,"Snecko Eye":96,"Pandora\u0027s Box":74,"MealTicket":83,"Red Mask":114,"Art of War":137,"Bottled Lightning":83,"Unceasing Top":121,"Ring of the Snake":0}],"Unceasing Top":[0],"Ring of the Snake":[46]},"card_choices":[{"not_picked":["Envenom","Doppelganger"],"picked":"Adrenaline","floor":0.0},{"not_picked":["Acrobatics","Deflect","Distraction"],"picked":"SKIP","floor":1.0},{"not_picked":["Setup","Dodge and Roll"],"picked":"Cloak And Dagger","floor":2.0},{"not_picked":["Outmaneuver","Cloak And Dagger"],"picked":"Underhanded Strike","floor":5.0},{"not_picked":["Acrobatics","Distraction"],"picked":"Leg Sweep","floor":7.0},{"not_picked":["Cloak And Dagger","Backflip"],"picked":"Masterful Stab","floor":8.0},{"not_picked":["Prepared","PiercingWail"],"picked":"Backflip","floor":10.0},{"not_picked":["Prepared","Slice"],"picked":"Poisoned Stab","floor":12.0},{"not_picked":["Masterful Stab","Footwork"],"picked":"Predator","floor":13.0},{"not_picked":["A Thousand Cuts","Night Terror"],"picked":"Wraith Form v2","floor":16.0},{"not_picked":["Bane","Leg Sweep"],"picked":"Poisoned Stab","floor":18.0},{"not_picked":["Deflect","Tactician+1"],"picked":"Bouncing Flask+1","floor":19.0},{"not_picked":["Skewer","Flechettes","Deflect"],"picked":"SKIP","floor":25.0},{"not_picked":["Riddle With Holes","Heel Hook"],"picked":"Dodge and Roll","floor":31.0},{"not_picked":["Slice","Eviscerate","Underhanded Strike"],"picked":"SKIP","floor":35.0},{"not_picked":["Quick Slash","Slice"],"picked":"Backflip+1","floor":36.0},{"not_picked":["Underhanded Strike","Backflip","Escape Plan"],"picked":"SKIP","floor":38.0},{"not_picked":["Backflip","Cloak And Dagger","All Out Attack"],"picked":"SKIP","floor":40},{"not_picked":["Blade Dance","Finisher"],"picked":"Acrobatics+1","floor":42},{"not_picked":["Flash of Steel","Swift Strike"],"picked":"Transmutation","floor":46},{"not_picked":["Riddle With Holes+1","Leg Sweep","Deadly Poison"],"picked":"SKIP","floor":47},{"not_picked":["Deflect","Slice"],"picked":"Accuracy","floor":54}],"player_experience":890383,"relics_obtained":[{"floor":9.0,"key":"Juzu Bracelet"},{"floor":10.0,"key":"Ancient Tea Set"},{"floor":13.0,"key":"Gremlin Horn"},{"floor":25.0,"key":"MealTicket"},{"floor":26.0,"key":"Bottled Lightning"},{"floor":31.0,"key":"Torii"},{"floor":40,"key":"Bird Faced Urn"},{"floor":47,"key":"Unceasing Top"},{"floor":54,"key":"Art of War"}],"event_choices":[{"cards_removed":["Strike_G"],"damage_healed":0.0,"max_hp_gain":0.0,"max_hp_loss":0.0,"gold_gain":0.0,"event_name":"Bonfire Elementals","player_choice":"Offered Basic","floor":4.0,"gold_loss":0.0,"damage_taken":0.0},{"damage_healed":0.0,"max_hp_gain":0.0,"max_hp_loss":0.0,"gold_gain":0.0,"event_name":"Nest","player_choice":"Joined the Cult","floor":21.0,"gold_loss":0.0,"damage_taken":6.0,"cards_obtained":["RitualDagger"]},{"damage_healed":0.0,"max_hp_gain":0.0,"max_hp_loss":0.0,"gold_gain":0.0,"event_name":"Cursed Tome","player_choice":"Obtained Book","floor":22.0,"gold_loss":0.0,"damage_taken":21.0},{"cards_removed":["Poisoned Stab"],"damage_healed":0.0,"max_hp_gain":0.0,"max_hp_loss":0.0,"gold_gain":0.0,"event_name":"WeMeetAgain","player_choice":"Gave Card","floor":24.0,"gold_loss":0.0,"damage_taken":0.0,"relics_obtained":["Darkstone Periapt"]},{"damage_healed":0.0,"max_hp_gain":0.0,"max_hp_loss":0.0,"gold_gain":0.0,"cards_transformed":["Envenom","Grand Finale"],"event_name":"Drug Dealer","player_choice":"Became Test Subject","floor":27.0,"gold_loss":0.0,"damage_taken":0.0,"cards_obtained":["Adrenaline","Cloak And Dagger"]},{"damage_healed":0.0,"max_hp_gain":0.0,"max_hp_loss":0.0,"gold_gain":0.0,"event_name":"The Library","player_choice":"Read","floor":29.0,"gold_loss":0.0,"damage_taken":0.0,"cards_obtained":["Calculated Gamble"]},{"cards_removed":["Skewer"],"damage_healed":0.0,"max_hp_gain":0.0,"max_hp_loss":0.0,"gold_gain":0.0,"event_name":"Falling","player_choice":"Removed Attack","floor":37.0,"gold_loss":0.0,"damage_taken":0.0},{"damage_healed":0.0,"max_hp_gain":0.0,"max_hp_loss":0.0,"gold_gain":0.0,"event_name":"Designer","player_choice":"Upgrade","floor":39.0,"gold_loss":50.0,"damage_taken":0.0,"cards_upgraded":["Bouncing Flask"]},{"damage_healed":0,"gold_gain":0,"player_choice":"Paid","damage_taken":0,"relics_obtained":["Red Mask"],"max_hp_gain":0,"max_hp_loss":0,"event_name":"Tomb of Lord Red Mask","floor":45,"gold_loss":197},{"damage_healed":0,"gold_gain":0,"player_choice":"Memory 2","damage_taken":5,"max_hp_gain":0,"max_hp_loss":0,"event_name":"SensoryStone","floor":46,"gold_loss":0}],"is_beta":false,"boss_relics":[{"not_picked":["Fusion Hammer","WristBlade"],"picked":"Pandora\u0027s Box"},{"not_picked":["Coffee Dripper","Runic Dome"],"picked":"Snecko Eye"}],"items_purged_floors":[3],"is_endless":false,"potions_floor_spawned":[2,8,12,16,25,31,35,36,40],"killed_by":"The Heart","ascension_level":16}}