{"host":"tp1hyvdwlciy3xbu","time":1612948097,"event":{"mods":["BaseMod","Marisa£®ÏF”Í°°ƒß¿Ì…≥£©","Minty Spire (QoL Compilation)","SIMod","StSLib","The Servant 0.9.4","Youmu£®ªÍ∆«—˝√Œ£©"],"gold_per_floor":[111,36,36,36,51,51,51,51,51,89,122,161,199,199,199,294,294,315,240,84,102,102,102,140,178,204,204,204,204,204,243,243,337,337,358,408,8,42,85,85,85,126,206,40,84,120,120,144,144,240,338,338,351,30,44,44,44,92,92,92,115,156,156,190,190,15,15,105,105,120,35,35,44,75,113,157,198,229,278,278,78,78,98,98,191,191,211,267,267,42,56,99,99,124,164,2,37,80,111,125,125,218,326,326,326,326],"floor_reached":105,"language":"ZHS","playtime":2109,"items_purged":["SpecialFormula","Replace","DoubleEdge","Defy+1","DoubleEdge+1","FloweringNight+1","Unruled+1"],"score":7531,"play_id":"55e51a3f-c6b1-4516-8b95-c24ddf83c40a","local_time":"20210210170817","daily_mods":["SealedDeck","Heirloom","Time Dilation","Flight","DeadlyEvents","Elite Swarm"],"is_ascension_mode":true,"campfire_choices":[{"data":"Spin","floor":6,"key":"SMITH"},{"data":"Defy","floor":7,"key":"SMITH"},{"data":"Defy","floor":8,"key":"SMITH"},{"data":"LightFlow","floor":15,"key":"SMITH"},{"data":"Spin","floor":23,"key":"SMITH"},{"data":"FlawlessForm","floor":27,"key":"SMITH"},{"data":"Unruled","floor":28,"key":"SMITH"},{"data":"Unruled","floor":29,"key":"SMITH"},{"data":"DoubleEdge","floor":32,"key":"SMITH"},{"data":"LightFlow","floor":40,"key":"SMITH"},{"floor":41,"key":"REST"},{"data":"1","floor":49,"key":"LIFT"},{"floor":59,"key":"REST"},{"data":"2","floor":63,"key":"LIFT"},{"data":"3","floor":67,"key":"LIFT"},{"floor":80,"key":"REST"},{"data":"LightFlow","floor":84,"key":"SMITH"},{"data":"LightFlow","floor":93,"key":"SMITH"},{"data":"LightFlow","floor":101,"key":"SMITH"}],"circlet_count":0,"master_deck":["AscendersBane","Unruled+1","Spin+1","LightFlow+1","Spin+1","FlawlessForm+1","TheWorld+1","LightFlow+1","TheWorld+1","LightFlow+1","SpecialFormula+1","Duplication+1","BottledTime+1","LightFlow+1","LightFlow+1","TheWorld+1"],"relics":["SplendidAttire","Girya","Golden Idol","Lizard Tail","Pear","Dream Catcher","Matryoshka","Ornamental Fan","Blood Vial","Toxic Egg 2","Art of War","Thread and Needle","PreservedInsect","Vajra","MutagenicStrength","OldScarf","MysterySword","Bottled Tornado","Frozen Egg 2","Whetstone","Incense Burner","White Beast Statue","Pan","Orichalcum","Sundial","Shuriken","Empty Cage","CeramicFish","Pyrelight","Omamori","Philosopher\u0027s Stone","HornCleat","Busted Crown","PocketWatch","Boot","Sozu"],"acts_visited":["Exordium","TheCity","TheBeyond","Exordium","TheCity","TheBeyond","Exordium"],"potions_floor_usage":[24,24,78],"damage_taken":[{"damage":0,"enemies":"Small Slimes","floor":1,"turns":2},{"damage":0,"enemies":"2 Louse","floor":5,"turns":2},{"damage":3,"enemies":"Lagavulin","floor":10,"turns":3},{"damage":0,"enemies":"Gremlin Nob","floor":11,"turns":2},{"damage":0,"enemies":"3 Sentries","floor":12,"turns":3},{"damage":0,"enemies":"Lagavulin","floor":13,"turns":2},{"damage":0,"enemies":"Slime Boss","floor":16,"turns":3},{"damage":0,"enemies":"Chosen","floor":18,"turns":2},{"damage":8,"enemies":"2 Thieves","floor":21,"turns":2},{"damage":7,"enemies":"Book of Stabbing","floor":24,"turns":2},{"damage":6,"enemies":"Gremlin Leader","floor":25,"turns":4},{"damage":13,"enemies":"Slavers","floor":31,"turns":3},{"damage":13,"enemies":"Champ","floor":33,"turns":4},{"damage":0,"enemies":"3 Shapes","floor":35,"turns":1},{"damage":0,"enemies":"Nemesis","floor":38,"turns":3},{"damage":0,"enemies":"Giant Head","floor":39,"turns":3},{"damage":0,"enemies":"Nemesis","floor":42,"turns":3},{"damage":0,"enemies":"Reptomancer","floor":45,"turns":2},{"damage":0,"enemies":"Giant Head","floor":46,"turns":3},{"damage":0,"enemies":"Orb Walker","floor":48,"turns":2},{"damage":15,"enemies":"Donu and Deca","floor":50,"turns":3},{"damage":5,"enemies":"Time Eater","floor":51,"turns":4},{"damage":0,"enemies":"Cultist","floor":53,"turns":1},{"damage":0,"enemies":"Jaw Worm","floor":55,"turns":2},{"damage":0,"enemies":"3 Sentries","floor":58,"turns":1},{"damage":0,"enemies":"Gremlin Nob","floor":62,"turns":1},{"damage":0,"enemies":"3 Sentries","floor":64,"turns":1},{"damage":0,"enemies":"The Guardian","floor":68,"turns":2},{"damage":0,"enemies":"Chosen","floor":70,"turns":1},{"damage":0,"enemies":"Slavers","floor":74,"turns":1},{"damage":0,"enemies":"Book of Stabbing","floor":75,"turns":1},{"damage":0,"enemies":"Gremlin Leader","floor":76,"turns":1},{"damage":0,"enemies":"Slavers","floor":77,"turns":1},{"damage":0,"enemies":"Book of Stabbing","floor":78,"turns":1},{"damage":0,"enemies":"Gremlin Leader","floor":79,"turns":1},{"damage":0,"enemies":"Shell Parasite","floor":83,"turns":1},{"damage":0,"enemies":"Collector","floor":85,"turns":2},{"damage":0,"enemies":"Orb Walker","floor":87,"turns":1},{"damage":0,"enemies":"2 Orb Walkers","floor":88,"turns":1},{"damage":0,"enemies":"3 Darklings","floor":91,"turns":1},{"damage":0,"enemies":"Giant Head","floor":92,"turns":1},{"damage":0,"enemies":"Maw","floor":94,"turns":1},{"damage":0,"enemies":"Reptomancer","floor":95,"turns":1},{"damage":0,"enemies":"Nemesis","floor":97,"turns":1},{"damage":0,"enemies":"Reptomancer","floor":98,"turns":1},{"damage":0,"enemies":"Nemesis","floor":99,"turns":1},{"damage":0,"enemies":"Writhing Mass","floor":100,"turns":1},{"damage":20,"enemies":"Awakened One","floor":102,"turns":3},{"damage":0,"enemies":"Donu and Deca","floor":103,"turns":2},{"damage":0,"enemies":"Small Slimes","floor":105,"turns":1}],"seed_played":"4439793000889733543","potions_obtained":[{"floor":5,"key":"Dexterity Potion"},{"floor":10,"key":"Fire Potion"},{"floor":12,"key":"Fire Potion"},{"floor":24,"key":"DistilledChaos"},{"floor":31,"key":"ColorlessPotion"},{"floor":78,"key":"Fruit Juice"},{"floor":99,"key":"CultistPotion"}],"is_trial":true,"path_per_floor":["M","$","?","?","M","R","R","R","T","E","E","E","E","T","R","B",null,"M","?","$","M","$","R","E","E","T","R","R","R","?","E","R","B",null,"M","?","$","E","E","R","R","E","T","$","E","E","T","M","R","B","B",null,"M","$","M","?","$","E","R","?","T","E","R","E","?","$","R","B",null,"M","?","$","?","E","E","E","E","E","E","R","$","?","M","R","B",null,"M","?","?","$","M","E","R","M","E","$","E","E","E","M","R","B","B",null,"M"],"character_chosen":"THE_SERVANT","items_purchased":["Spin","Bottled Tornado","Pan","CeramicFish","Boot"],"campfire_rested":3,"item_purchase_floors":[20,37,44,54,96],"current_hp_per_floor":[54,54,54,33,33,33,33,33,33,40,40,40,40,40,40,42,63,65,65,65,59,59,59,54,50,50,50,50,50,50,39,39,28,60,62,62,62,64,66,66,70,70,70,70,70,70,70,70,70,55,60,68,70,70,70,75,75,75,75,75,75,75,75,75,75,75,75,75,75,75,75,75,75,75,75,75,75,80,80,80,80,80,80,80,80,80,80,80,80,80,80,80,80,80,80,80,80,80,80,80,80,60,70,78,78,78],"gold":326,"neow_bonus":"","is_daily":false,"chose_seed":false,"campfire_upgraded":13,"win_rate":0.0,"timestamp":1612948097,"path_taken":["M","$","?","?","?","R","R","R","T","E","E","E","E","?","R","BOSS","M","?","$","?","$","R","E","E","T","R","R","R","?","E","R","BOSS","M","?","$","?","?","R","R","E","T","$","E","E","?","?","R","BOSS","BOSS","M","$","M","?","$","E","R","?","T","E","R","E","?","$","R","BOSS","M","?","$","?","?","E","E","E","E","?","R","$","?","?","R","BOSS","M","?","?","?","M","E","R","?","E","$","E","?","?","M","R","BOSS","BOSS","M"],"items_purchased_type":["Card","Relic","Relic","Relic","Relic"],"build_version":"2020-12-22","purchased_purges":7,"victory":false,"max_hp_per_floor":[60,60,60,60,60,60,60,60,60,70,70,70,70,70,70,70,70,70,70,70,70,70,70,70,70,70,70,70,70,70,70,70,70,70,70,70,70,70,70,70,70,70,70,70,70,70,70,70,70,70,70,70,70,70,70,75,75,75,75,75,75,75,75,75,75,75,75,75,75,75,75,75,75,75,75,75,75,80,80,80,80,80,80,80,80,80,80,80,80,80,80,80,80,80,80,80,80,80,80,80,80,80,80,80,80,80],"card_choices":[{"not_picked":["Starlight","Ricochet","TimeTheft"],"picked":"SKIP","floor":1},{"not_picked":["Read","BottledTime","Revamp"],"picked":"SKIP","floor":5},{"not_picked":["TheWorld","Solidify","MurderousAura"],"picked":"SKIP","floor":10},{"not_picked":["ForgedInTime","KillingDoll"],"picked":"LightFlow","floor":11},{"not_picked":["MurderousAura","KillingDoll","Dilation"],"picked":"SKIP","floor":12},{"not_picked":["TheWorld","Sunlight","PendulumOfEternity"],"picked":"SKIP","floor":13},{"not_picked":["DancingSilver+1","Rearm+1"],"picked":"DoubleEdge","floor":18},{"not_picked":["Starlight","Read+1"],"picked":"Defy+1","floor":21},{"not_picked":["TrueSight","MurderousAura"],"picked":"FlawlessForm","floor":24},{"not_picked":["ForgedInTime+1","TrueSight","Dilation+1"],"picked":"SKIP","floor":25},{"not_picked":["SilverMatrix","Deny+1","Dilation+1"],"picked":"SKIP","floor":31},{"not_picked":["Replace+1","Defy+1","FastForward+1"],"picked":"SKIP","floor":35},{"not_picked":["TrueSight+1","FlawlessForm+1"],"picked":"TheWorld+1","floor":38},{"not_picked":["Deny+1","Sunlight"],"picked":"LightFlow","floor":39},{"not_picked":["ForgedInTime+1","PendulumOfEternity"],"picked":"FloweringNight+1","floor":42},{"not_picked":["Duplication+1","Sunlight"],"picked":"TheWorld+1","floor":45},{"not_picked":["SoulSculpture","Sunlight"],"picked":"LightFlow","floor":46},{"not_picked":["FanOfKnives+1","DancingSilver+1"],"picked":"SpecialFormula+1","floor":48},{"not_picked":["Replace+1","Alleviate+1","FanOfKnives"],"picked":"SKIP","floor":53},{"not_picked":["Spin","Rewind+1","ReturningBlade"],"picked":"SKIP","floor":55},{"not_picked":["ForgedInTime+1","PendulumOfEternity"],"picked":"Duplication+1","floor":58},{"not_picked":["FloweringNight+1","PendulumOfEternity","ForgedInTime+1"],"picked":"SKIP","floor":62},{"not_picked":["TheWorld+1","Duplication+1","Solidify+1"],"picked":"SKIP","floor":64},{"not_picked":["Replace+1","Ricochet","Misdirection+1"],"picked":"SKIP","floor":70},{"not_picked":["FloweringNight+1","TrueSight+1","Solidify+1"],"picked":"SKIP","floor":74},{"not_picked":["TheWorld+1","PendulumOfEternity","Deny+1"],"picked":"SKIP","floor":75},{"not_picked":["Dilation+1","Sunlight","TheWorld+1"],"picked":"SKIP","floor":76},{"not_picked":["FlawlessForm+1","Deny+1","TheWorld+1"],"picked":"SKIP","floor":77},{"not_picked":["Sunlight","FloweringNight+1","KillingDoll"],"picked":"SKIP","floor":78},{"not_picked":["Dilation+1","KillingDoll"],"picked":"LightFlow","floor":79},{"not_picked":["Orbit","Alleviate+1","RealityMarble+1"],"picked":"SKIP","floor":83},{"not_picked":["Manipulate+1"],"picked":"SKIP","floor":87},{"not_picked":["DualDimension+1"],"picked":"SKIP","floor":91},{"not_picked":["TrueSight+1"],"picked":"SKIP","floor":92},{"not_picked":["Luminosity+1"],"picked":"SKIP","floor":94},{"not_picked":["FlawlessForm+1"],"picked":"SKIP","floor":95},{"not_picked":["Initiator"],"picked":"SKIP","floor":97},{"not_picked":["LightFlow"],"picked":"SKIP","floor":98},{"not_picked":[],"picked":"LightFlow","floor":98},{"not_picked":["PendulumOfEternity"],"picked":"SKIP","floor":99},{"not_picked":["Rearm+1"],"picked":"SKIP","floor":100},{"not_picked":[],"picked":"TheWorld+1","floor":103}],"player_experience":315752,"relics_obtained":[{"floor":9,"key":"Lizard Tail"},{"floor":10,"key":"Pear"},{"floor":11,"key":"Dream Catcher"},{"floor":12,"key":"Matryoshka"},{"floor":13,"key":"Ornamental Fan"},{"floor":14,"key":"Blood Vial"},{"floor":14,"key":"Toxic Egg 2"},{"floor":24,"key":"Art of War"},{"floor":25,"key":"Thread and Needle"},{"floor":26,"key":"PreservedInsect"},{"floor":26,"key":"Vajra"},{"floor":31,"key":"OldScarf"},{"floor":38,"key":"Frozen Egg 2"},{"floor":39,"key":"Whetstone"},{"floor":42,"key":"Incense Burner"},{"floor":43,"key":"White Beast Statue"},{"floor":45,"key":"Orichalcum"},{"floor":46,"key":"Sundial"},{"floor":47,"key":"Shuriken"},{"floor":61,"key":"Omamori"},{"floor":88,"key":"PocketWatch"}],"event_choices":[{"damage_healed":0,"gold_gain":0,"cards_transformed":["ShatteredReality"],"player_choice":"Change","damage_taken":0,"max_hp_gain":0,"max_hp_loss":0,"event_name":"Living Wall","floor":3,"gold_loss":0,"cards_obtained":["Alleviate"]},{"damage_healed":0,"gold_gain":0,"player_choice":"Take Damage","damage_taken":21,"relics_obtained":["Golden Idol"],"max_hp_gain":0,"max_hp_loss":0,"event_name":"Golden Idol","floor":4,"gold_loss":0},{"cards_removed":["Alleviate"],"damage_healed":0,"gold_gain":0,"player_choice":"Gave Gold","damage_taken":0,"max_hp_gain":0,"max_hp_loss":0,"event_name":"Beggar","floor":19,"gold_loss":75},{"damage_healed":0,"gold_gain":0,"player_choice":"Inject Mutagens","damage_taken":0,"relics_obtained":["MutagenicStrength"],"max_hp_gain":0,"max_hp_loss":0,"event_name":"Drug Dealer","floor":30,"gold_loss":0},{"damage_healed":0,"gold_gain":50,"player_choice":"Pray","damage_taken":0,"max_hp_gain":0,"max_hp_loss":0,"event_name":"Golden Shrine","floor":36,"gold_loss":0},{"damage_healed":0,"gold_gain":0,"player_choice":"Donut","damage_taken":0,"max_hp_gain":5,"max_hp_loss":0,"event_name":"Big Fish","floor":56,"gold_loss":0},{"cards_removed":["DoubleEdge"],"damage_healed":0,"gold_gain":0,"player_choice":"Forget","damage_taken":0,"max_hp_gain":0,"max_hp_loss":0,"event_name":"Living Wall","floor":65,"gold_loss":0},{"damage_healed":0,"gold_gain":0,"player_choice":"Obtained Relic","damage_taken":0,"relics_obtained":["HornCleat"],"max_hp_gain":0,"max_hp_loss":0,"event_name":"Addict","floor":71,"gold_loss":85},{"damage_healed":0,"gold_gain":0,"player_choice":"Read","damage_taken":0,"max_hp_gain":0,"max_hp_loss":0,"event_name":"The Library","floor":73,"gold_loss":0,"cards_obtained":["BottledTime"]},{"damage_healed":0,"gold_gain":0,"player_choice":"Ignored","damage_taken":0,"max_hp_gain":0,"max_hp_loss":0,"event_name":"Vampires","floor":82,"gold_loss":0},{"damage_healed":0,"gold_gain":0,"player_choice":"Fight","damage_taken":0,"max_hp_gain":0,"max_hp_loss":0,"event_name":"Mysterious Sphere","floor":88,"gold_loss":0},{"damage_healed":0,"gold_gain":0,"player_choice":"Memory 1","damage_taken":0,"max_hp_gain":0,"max_hp_loss":0,"event_name":"SensoryStone","floor":89,"gold_loss":0}],"is_beta":false,"boss_relics":[{"not_picked":["Tiny House","StoneMask"],"picked":"SplendidAttire"},{"not_picked":["Sozu","Astrolabe"],"picked":"MysterySword"},{"not_picked":["Busted Crown","SlaversCollar"],"picked":"Empty Cage"},{"not_picked":["Runic Pyramid","Coffee Dripper"],"picked":"Philosopher\u0027s Stone"},{"not_picked":["Tiny House","Velvet Choker"],"picked":"Busted Crown"},{"not_picked":["Astrolabe","Fusion Hammer"],"picked":"Sozu"}],"items_purged_floors":[2,20,37,54,66,81,90],"is_endless":true,"potions_floor_spawned":[5,10,12,16,24,31,38,39,42,45,46,48,50,51,53,55,58,62,64,68,70,74,75,76,77,78,79,83,85,87,88,91,92,94,95,97,98,99,100,102,103],"killed_by":"Small Slimes","ascension_level":20}}