{"host":"qe5t0t54rc9uejrt","time":1612940931,"event":{"mods":["Act Like it!","Aspiration","BaseMod","Colored Powertips","Hunter ¡‘»À","Jedi Mod","Marked Mod","Minty Spire (QoL Compilation)","Replay The Spire","Shop Mod","Spicy Shops","StSLib","TestMod","The Administrix","The Cursed","The Hierophant","The Runesmith"],"gold_per_floor":[217,39,39,57,69,103,103,103,103],"floor_reached":8,"language":"ZHS","playtime":405,"items_purged":[],"score":62,"play_id":"98095cd0-66c8-40c1-b7f3-7b7ea3708ffb","local_time":"20210210150851","is_ascension_mode":true,"campfire_choices":[{"floor":7,"key":"REST"}],"circlet_count":0,"master_deck":["Strike_B","Strike_B","Strike_B","Strike_B","Defend_B","Defend_B","Defend_B","Defend_B","Zap","Dualcast","Streamline+1","Normality","Steam Power","Compile Driver","Ball Lightning"],"relics":["Cracked Core","testmod-TestBox","testmod-InfectionSource","Replay:Frozen Program","Pen Nib"],"acts_visited":["Exordium"],"potions_floor_usage":[],"damage_taken":[{"damage":2,"enemies":"Jaw Worm","floor":1,"turns":3},{"damage":6,"enemies":"Cultist","floor":4,"turns":3},{"damage":15,"enemies":"Small Slimes","floor":5,"turns":4},{"damage":45,"enemies":"3 Sentries","floor":6,"turns":8},{"damage":18,"enemies":"Lagavulin","floor":8,"turns":3}],"seed_played":"-2552975254524505416","potions_obtained":[{"floor":4,"key":"Fire Potion"},{"floor":6,"key":"jedi:coolantleak"}],"is_trial":false,"path_per_floor":["M","$","?","M","M","E","R","E"],"character_chosen":"DEFECT","items_purchased":["testmod-InfectionSource","Replay:Frozen Program"],"campfire_rested":1,"item_purchase_floors":[2,2],"current_hp_per_floor":[73,73,73,67,52,7,29,11,11],"gold":103,"neow_bonus":"HUNDRED_GOLD","is_daily":false,"chose_seed":false,"campfire_upgraded":0,"win_rate":0.0,"timestamp":1612940931,"path_taken":["M","$","?","M","M","E","R","E"],"items_purchased_type":["Relic","Relic"],"build_version":"2020-12-22","purchased_purges":0,"victory":false,"max_hp_per_floor":[75,75,75,75,75,75,75,75,75],"card_choices":[{"not_picked":["Coolheaded","Leap"],"picked":"Streamline","floor":1},{"not_picked":["Hologram","Leap"],"picked":"Steam Power","floor":4},{"not_picked":["Double Energy","Genetic Algorithm"],"picked":"Compile Driver","floor":5},{"not_picked":["Buffer","Barrage"],"picked":"Ball Lightning","floor":6}],"player_experience":209995,"relics_obtained":[{"floor":6,"key":"Pen Nib"}],"event_choices":[{"damage_healed":0,"gold_gain":0,"player_choice":"Upgraded","damage_taken":0,"max_hp_gain":0,"max_hp_loss":0,"event_name":"Upgrade Shrine","floor":3,"gold_loss":0,"cards_upgraded":["Streamline"]}],"is_beta":false,"boss_relics":[],"items_purged_floors":[],"is_endless":false,"potions_floor_spawned":[4,6],"killed_by":"Lagavulin","ascension_level":2}}