{"host":"ryxkq7m36cv0y2ky","time":1612922960,"event":{"mods":["100% Spire Juice","BaseMod","Duelist Mod","Hubris","Jorbs\u0027s Wanderer Trilogy","Marisa????????","Minty Spire (QoL Compilation)","Reliquary","Remilia??????","Replay The Spire","Spire Arcade","StSLib","The Cursed","The Disciple","The Marked","The Mystic","The Necromancer","The Runesmith","The Servant 0.9.4"],"gold_per_floor":[111,121,121,138,18,46,64,64,64,64,64,64],"floor_reached":11,"language":"ENG","playtime":473,"items_purged":[],"score":73,"play_id":"67a5a5b5-7d4f-4a94-a3e6-58e42805be0f","local_time":"20210210123920","is_ascension_mode":false,"campfire_choices":[],"circlet_count":0,"master_deck":["stsjorbsmod:ForbiddenGrimoire+1","stsjorbsmod:Strike_Wanderer","stsjorbsmod:Strike_Wanderer","stsjorbsmod:Strike_Wanderer+1","stsjorbsmod:Strike_Wanderer","stsjorbsmod:Defend_Wanderer","stsjorbsmod:Defend_Wanderer","stsjorbsmod:Defend_Wanderer","stsjorbsmod:Defend_Wanderer","stsjorbsmod:FreshAdventure+1","stsjorbsmod:EyeOfTheStorm","stsjorbsmod:Aid","stsjorbsmod:ScorchingRay","stsjorbsmod:Hibernate","stsjorbsmod:MagicMirror","stsjorbsmod:Inferno","stsjorbsmod:MagicMissiles","stsjorbsmod:Thorns"],"relics":["stsjorbsmod:GrimoireRelic","reliquary:IridiumChain","reliquary:PrincelyHelmet"],"acts_visited":["Exordium"],"potions_floor_usage":[],"damage_taken":[{"damage":1,"enemies":"Jaw Worm","floor":1,"turns":4},{"damage":8,"enemies":"Small Slimes","floor":2,"turns":4},{"damage":0,"enemies":"2 Louse","floor":4,"turns":3},{"damage":31,"enemies":"Gremlin Nob","floor":6,"turns":4},{"damage":14,"enemies":"Lots of Slimes","floor":7,"turns":4},{"damage":33,"enemies":"3 Sentries","floor":11,"turns":4}],"seed_played":"-7110835307003915814","potions_obtained":[{"floor":1,"key":"Strength Potion"},{"floor":7,"key":"Dexterity Potion"}],"is_trial":false,"path_per_floor":["M","M","?","M","$","E","M","?","T","?","E"],"character_chosen":"WANDERER","items_purchased":["stsjorbsmod:MagicMirror","stsjorbsmod:Inferno"],"campfire_rested":0,"item_purchase_floors":[5,5],"current_hp_per_floor":[74,67,67,68,68,38,25,25,25,28,0,0],"gold":64,"neow_bonus":"TEN_PERCENT_HP_BONUS","is_daily":false,"chose_seed":false,"campfire_upgraded":0,"win_rate":0.0,"timestamp":1612922960,"path_taken":["M","M","?","M","$","E","M","?","T","?","E"],"items_purchased_type":["Card","Card"],"build_version":"2020-12-22","purchased_purges":0,"victory":false,"max_hp_per_floor":[74,74,74,74,74,74,74,74,74,77,77,77],"card_choices":[{"not_picked":["stsjorbsmod:FlameWard","stsjorbsmod:BlackTentacles"],"picked":"stsjorbsmod:Aid","floor":1},{"not_picked":["stsjorbsmod:Hibernate","stsjorbsmod:MistyStep"],"picked":"stsjorbsmod:ScorchingRay","floor":2},{"not_picked":["stsjorbsmod:RayOfFrost","stsjorbsmod:BlackTentacles"],"picked":"stsjorbsmod:Hibernate","floor":4},{"not_picked":["stsjorbsmod:Mending","stsjorbsmod:DoubleCheck"],"picked":"stsjorbsmod:MagicMissiles","floor":6},{"not_picked":["stsjorbsmod:DisguiseSelf","stsjorbsmod:Patron"],"picked":"stsjorbsmod:Thorns","floor":7}],"player_experience":328018,"relics_obtained":[{"floor":6,"key":"reliquary:IridiumChain"},{"floor":9,"key":"reliquary:PrincelyHelmet"}],"event_choices":[{"damage_healed":0,"gold_gain":0,"player_choice":"Leave","damage_taken":0,"max_hp_gain":0,"max_hp_loss":0,"event_name":"The Cleric","floor":8,"gold_loss":0}],"is_beta":false,"boss_relics":[],"items_purged_floors":[],"is_endless":false,"potions_floor_spawned":[1,7],"killed_by":"3 Sentries","ascension_level":0}}