{"host":"jn2qdns2nxijvlnt","time":1612931118,"event":{"mods":["BaseMod","Minty Spire (QoL Compilation)","Quick Restart"],"gold_per_floor":[110,121,121,42,111,145,145,145,145,158,168,198,198,217,217,320,320,331,291,30,30,41,41,41,53,53,70,70,105,116,136,136,136,136],"floor_reached":33,"language":"ENG","playtime":1669,"items_purged":[],"score":508,"play_id":"1a7250c1-a115-47b2-9a6d-8982f6f28293","local_time":"20210209232518","is_ascension_mode":true,"campfire_choices":[{"data":"A Thousand Cuts","floor":8.0,"key":"SMITH"},{"floor":13.0,"key":"REST"},{"data":"Noxious Fumes","floor":15.0,"key":"SMITH"},{"data":"Crippling Poison","floor":23.0,"key":"SMITH"},{"floor":28.0,"key":"REST"},{"floor":32.0,"key":"REST"}],"circlet_count":0,"master_deck":["AscendersBane","Strike_G","Strike_G+1","Strike_G","Strike_G","Strike_G+1","Defend_G","Defend_G","Defend_G","Defend_G","Defend_G","Survivor","Neutralize","Slice","Backstab","Noxious Fumes+1","A Thousand Cuts+1","Poisoned Stab","Venomology","Crippling Poison+1"],"relics":["Ring of the Snake","NeowsBlessing","Singing Bowl","Bottled Flame","Orichalcum","Happy Flower","Frozen Egg 2","HoveringKite","Ninja Scroll","Oddly Smooth Stone","Pen Nib"],"acts_visited":["Exordium","TheCity"],"potions_floor_usage":[],"damage_taken":[{"damage":0.0,"enemies":"Cultist","floor":1.0,"turns":1.0},{"damage":0.0,"enemies":"Small Slimes","floor":2.0,"turns":1.0},{"damage":0.0,"enemies":"Lagavulin","floor":6.0,"turns":1.0},{"damage":0.0,"enemies":"2 Louse","floor":10.0,"turns":2.0},{"damage":5.0,"enemies":"Exordium Thugs","floor":11.0,"turns":2.0},{"damage":6.0,"enemies":"3 Sentries","floor":12.0,"turns":4.0},{"damage":0.0,"enemies":"2 Fungi Beasts","floor":14.0,"turns":2.0},{"damage":17.0,"enemies":"The Guardian","floor":16.0,"turns":12.0},{"damage":17.0,"enemies":"Shell Parasite","floor":18.0,"turns":7.0},{"damage":0.0,"enemies":"Spheric Guardian","floor":22.0,"turns":3.0},{"damage":22.0,"enemies":"Snake Plant","floor":25.0,"turns":4.0},{"damage":13.0,"enemies":"Snecko","floor":27.0,"turns":5.0},{"damage":23.0,"enemies":"Slavers","floor":29.0,"turns":7.0},{"damage":28.0,"enemies":"3 Cultists","floor":30.0,"turns":6.0},{"damage":12.0,"enemies":"Shelled Parasite and Fungi","floor":31.0,"turns":5.0},{"damage":0,"enemies":"Champ","floor":33,"turns":1}],"seed_played":"7559367535153929723","potions_obtained":[{"floor":10.0,"key":"CunningPotion"},{"floor":11.0,"key":"Energy Potion"},{"floor":12.0,"key":"GamblersBrew"},{"floor":14.0,"key":"EssenceOfSteel"},{"floor":16.0,"key":"SteroidPotion"},{"floor":18.0,"key":"Poison Potion"},{"floor":22.0,"key":"Dexterity Potion"},{"floor":27.0,"key":"AttackPotion"},{"floor":29.0,"key":"GamblersBrew"},{"floor":30.0,"key":"Dexterity Potion"}],"is_trial":false,"path_per_floor":["M","M","?","$","T","E","?","R","T","M","M","E","R","M","R","B",null,"M","?","$","?","M","R","$","M","T","M","R","E","M","M","R","B"],"character_chosen":"THE_SILENT","items_purchased":["Noxious Fumes","Sucker Punch","Ninja Scroll"],"campfire_rested":3,"item_purchase_floors":[4,4,20],"current_hp_per_floor":[63,63,63,63,63,63,63,63,63,63,60,54,72,74,74,59,72,70,70,70,70,72,72,72,52,52,41,65,44,18,8,34,34,34],"gold":136,"neow_bonus":"THREE_ENEMY_KILL","is_daily":false,"chose_seed":false,"campfire_upgraded":3,"win_rate":0.0,"timestamp":1612931118,"path_taken":["M","?","?","$","?","E","?","R","T","?","?","E","R","M","R","BOSS","M","?","?","?","M","R","$","M","T","M","R","E","M","?","R","BOSS"],"items_purchased_type":["Card","Card","Relic"],"build_version":"2020-12-22","purchased_purges":0,"victory":false,"max_hp_per_floor":[70,70,70,70,70,70,70,70,70,70,72,72,72,74,74,76,76,76,76,76,76,78,78,78,80,80,82,82,84,86,88,88,88,88],"card_choices":[{"not_picked":["Dodge and Roll","All Out Attack"],"picked":"Slice","floor":1.0},{"not_picked":["Terror","Poisoned Stab"],"picked":"Backstab","floor":2.0},{"not_picked":["A Thousand Cuts","Heel Hook","Backflip"],"picked":"SKIP","floor":6.0},{"not_picked":["Heel Hook","Backflip"],"picked":"A Thousand Cuts","floor":6.0},{"not_picked":["Terror","Footwork"],"picked":"Poisoned Stab","floor":10.0},{"not_picked":["Prepared","Outmaneuver","Caltrops"],"picked":"Singing Bowl","floor":11.0},{"not_picked":["Deadly Poison","Tactician"],"picked":"Venomology","floor":12.0},{"not_picked":["Finisher","Dagger Spray","Riddle With Holes"],"picked":"Singing Bowl","floor":14.0},{"not_picked":["Phantasmal Killer","Night Terror","Unload"],"picked":"Singing Bowl","floor":16.0},{"not_picked":["Dagger Spray","Prepared"],"picked":"Crippling Poison","floor":18.0},{"not_picked":["Outmaneuver","Underhanded Strike","Dodge and Roll"],"picked":"Singing Bowl","floor":22.0},{"not_picked":["Eviscerate","Deadly Poison","Blur+1"],"picked":"Singing Bowl","floor":25.0},{"not_picked":["Calculated Gamble","PiercingWail+1","Accuracy+1"],"picked":"Singing Bowl","floor":27.0},{"not_picked":["Bane+1","Outmaneuver","Backstab"],"picked":"Singing Bowl","floor":29.0},{"not_picked":["Blur","Bouncing Flask","Backflip"],"picked":"Singing Bowl","floor":30.0},{"not_picked":["Caltrops+1","Acrobatics","Heel Hook"],"picked":"Singing Bowl","floor":31.0}],"player_experience":586602,"relics_obtained":[{"floor":5.0,"key":"Singing Bowl"},{"floor":6.0,"key":"Bottled Flame"},{"floor":9.0,"key":"Happy Flower"},{"floor":12.0,"key":"Frozen Egg 2"},{"floor":26.0,"key":"Oddly Smooth Stone"},{"floor":29.0,"key":"Pen Nib"}],"event_choices":[{"damage_healed":0.0,"max_hp_gain":0.0,"max_hp_loss":0.0,"gold_gain":0.0,"event_name":"Purifier","player_choice":"Ignored","floor":3.0,"gold_loss":0.0,"damage_taken":0.0},{"cards_removed":["Sucker Punch"],"damage_healed":0.0,"max_hp_gain":0.0,"max_hp_loss":0.0,"gold_gain":0.0,"event_name":"WeMeetAgain","player_choice":"Gave Card","floor":7.0,"gold_loss":0.0,"damage_taken":0.0,"relics_obtained":["Orichalcum"]},{"damage_healed":0.0,"max_hp_gain":0.0,"max_hp_loss":0.0,"gold_gain":0.0,"event_name":"Designer","player_choice":"Upgraded Two","floor":19.0,"gold_loss":40.0,"damage_taken":0.0,"cards_upgraded":["Strike_G","Strike_G"]},{"damage_healed":0.0,"max_hp_gain":0.0,"max_hp_loss":0.0,"gold_gain":0.0,"event_name":"Ghosts","player_choice":"Ignored","floor":21.0,"gold_loss":0.0,"damage_taken":0.0}],"is_beta":false,"boss_relics":[{"not_picked":["Sozu","Velvet Choker"],"picked":"HoveringKite"}],"items_purged_floors":[],"is_endless":false,"potions_floor_spawned":[10,11,12,14,16,18,22,27,29,30],"killed_by":"Champ","ascension_level":12}}