{"host":"nxma0dbhh74lxenq","time":1612970470,"event":{"mods":["Astrologer","BaseMod","Beaked The Cultist","CapriCore","Colored Map","DeckTracker","Gremlin Mod","Highlight Path","HololiveMod","Koishi","Mad Scientist","Minty Spire (QoL Compilation)","StSLib","SuperFastMode","The Bladedancer","The Cursed","The Immortal","The Mystic","YoumuÅiç∞ÈÆódöÎÅj"],"gold_per_floor":[118,118,118,136,156,192,205,205,258,282,282,322,322,371,371,479,488,506,506,515,513,428,428,428,428,428,452,452,474,501,519,519,519,519],"floor_reached":33,"language":"JPN","playtime":1222,"items_purged":[],"score":494,"play_id":"9c2bc8a7-ac0f-46f0-815d-eb21e57da0bb","local_time":"20210211002110","is_ascension_mode":true,"campfire_choices":[{"data":"Koishi:PredatoryInstincts","floor":8,"key":"SMITH"},{"data":"Koishi:Catatonia","floor":13,"key":"SMITH"},{"data":"Koishi:PredatoryInstincts","floor":15,"key":"SMITH"},{"data":"Koishi:SubterraneanRose","floor":23,"key":"SMITH"},{"floor":25,"key":"REST"},{"data":"Koishi:RacingHeart","floor":28,"key":"SMITH"},{"data":"Koishi:PredatoryInstincts","floor":32,"key":"SMITH"}],"circlet_count":0,"master_deck":["AscendersBane","Koishi:BasicStrike","Koishi:BasicStrike","Koishi:BasicStrike","Koishi:BasicStrike","Koishi:BasicDefend","Koishi:BasicDefend","Koishi:BasicDefend","Koishi:BasicDefend","Koishi:Provoke+1","Koishi:HauntingSlash+1","Koishi:PhantomStrike","Koishi:LastRemote","Koishi:PredatoryInstincts+1","Koishi:PredatoryInstincts+1","Koishi:RacingHeart+1","Koishi:SubconsciousSweep","Koishi:Catatonia+1","Koishi:TremblingHands","Koishi:RollingInRichesHeart","CurseOfTheBell","Koishi:SubterraneanRose+1","Necronomicurse","Koishi:HeartfeltFancy","Koishi:PredatoryInstincts+1","Koishi:Jaunt+1","Koishi:BloodcurdlingScream+1"],"relics":["Koishi:ImaginaryFriend","Golden Idol","Darkstone Periapt","CeramicFish","Koishi:AHoleWhereASisterShouldBe","Nunchaku","Ancient Tea Set","Calling Bell","PreservedInsect","StrikeDummy","Dead Branch","Necronomicon","Regal Pillow","Koishi:LettersToReimu"],"acts_visited":["Exordium","TheCity"],"potions_floor_usage":[16,21],"damage_taken":[{"damage":2,"enemies":"2 Louse","floor":1,"turns":3},{"damage":2,"enemies":"Jaw Worm","floor":4,"turns":4},{"damage":1,"enemies":"Cultist","floor":5,"turns":4},{"damage":43,"enemies":"Lagavulin","floor":6,"turns":12},{"damage":7,"enemies":"2 Fungi Beasts","floor":7,"turns":5},{"damage":6,"enemies":"Blue Slaver","floor":10,"turns":5},{"damage":10,"enemies":"3 Sentries","floor":12,"turns":8},{"damage":22,"enemies":"Gremlin Nob","floor":14,"turns":4},{"damage":42,"enemies":"Slime Boss","floor":16,"turns":10},{"damage":42,"enemies":"3 Byrds","floor":18,"turns":7},{"damage":22,"enemies":"Shell Parasite","floor":21,"turns":5},{"damage":42,"enemies":"Snake Plant","floor":27,"turns":7},{"damage":23,"enemies":"Snecko","floor":29,"turns":6},{"damage":12,"enemies":"Chosen and Byrds","floor":30,"turns":9},{"damage":12,"enemies":"Centurion and Healer","floor":31,"turns":6},{"damage":105,"enemies":"Collector","floor":33,"turns":9}],"seed_played":"-6738494812566564976","potions_obtained":[{"floor":6,"key":"Swift Potion"},{"floor":7,"key":"Energy Potion"},{"floor":10,"key":"Dexterity Potion"},{"floor":16,"key":"SmokeBomb"},{"floor":29,"key":"SteroidPotion"}],"is_trial":false,"path_per_floor":["M","?","?","M","M","E","M","R","T","M","?","E","R","E","R","B",null,"M","?","?","M","?","R","?","R","T","M","R","M","M","M","R","B"],"character_chosen":"KOISHI","items_purchased":[],"campfire_rested":1,"item_purchase_floors":[],"current_hp_per_floor":[53,52,52,52,52,23,36,36,36,46,35,51,51,43,43,13,48,50,50,35,29,29,29,29,63,63,39,39,38,49,64,64,0,0],"gold":519,"neow_bonus":"UPGRADE_CARD","is_daily":false,"chose_seed":false,"campfire_upgraded":6,"win_rate":0.0,"timestamp":1612970470,"path_taken":["M","?","?","M","?","E","M","R","T","M","?","E","R","E","R","BOSS","M","?","?","M","?","R","?","R","T","M","R","M","M","M","R","BOSS"],"items_purchased_type":[],"build_version":"2020-12-22","purchased_purges":0,"victory":false,"max_hp_per_floor":[57,52,52,52,52,52,52,52,52,52,52,52,52,52,52,52,58,58,58,64,64,64,64,64,64,64,64,64,64,64,64,64,64,64],"card_choices":[{"not_picked":["Koishi:Prune","Koishi:BloodcurdlingScream"],"picked":"Koishi:PhantomStrike","floor":1},{"not_picked":["Koishi:VengefulSpirit","Koishi:IdleWhim"],"picked":"Koishi:LastRemote","floor":4},{"not_picked":["Koishi:EmbryosDream","Koishi:PhantomStrike"],"picked":"Koishi:PredatoryInstincts","floor":5},{"not_picked":["Koishi:StingingMind","Koishi:DreadfulBlow"],"picked":"Koishi:PredatoryInstincts","floor":6},{"not_picked":["Koishi:SuperEgo","Koishi:SpiritedAway"],"picked":"Koishi:RacingHeart","floor":7},{"not_picked":["Koishi:Jaunt","Koishi:FidgetySnatcher"],"picked":"Koishi:SubconsciousSweep","floor":10},{"not_picked":["Koishi:StingingMind","Koishi:TerrifyingSpectre"],"picked":"Koishi:Catatonia","floor":12},{"not_picked":["Koishi:HeartfeltFancy","Koishi:RacingHeart"],"picked":"Koishi:TremblingHands","floor":14},{"not_picked":["Koishi:SuperEgo","Koishi:FadingMemory"],"picked":"Koishi:RollingInRichesHeart","floor":16},{"not_picked":["Koishi:UnansweredLove","Koishi:HeartAttack"],"picked":"Koishi:SubterraneanRose","floor":18},{"not_picked":["Koishi:Bloodlust","Koishi:HeartfeltFancy","Koishi:RacingHeart"],"picked":"SKIP","floor":21},{"not_picked":["Koishi:RacingHeart","Koishi:MassHysteria"],"picked":"Koishi:HeartfeltFancy","floor":27},{"not_picked":["Koishi:RacingHeart","Koishi:Vanish"],"picked":"Koishi:PredatoryInstincts","floor":29},{"not_picked":["Koishi:RacingHeart","Koishi:HeartAttack"],"picked":"Koishi:Jaunt+1","floor":30},{"not_picked":["Koishi:UnseenTerror","Koishi:ReleaseOfTheId"],"picked":"Koishi:BloodcurdlingScream+1","floor":31}],"player_experience":583407,"relics_obtained":[{"floor":6,"key":"Darkstone Periapt"},{"floor":9,"key":"CeramicFish"},{"floor":12,"key":"Nunchaku"},{"floor":14,"key":"Ancient Tea Set"},{"floor":17,"key":"PreservedInsect"},{"floor":17,"key":"StrikeDummy"},{"floor":17,"key":"Dead Branch"},{"floor":20,"key":"Necronomicon"},{"floor":26,"key":"Koishi:LettersToReimu"}],"event_choices":[{"damage_healed":0,"gold_gain":0,"player_choice":"Lose Max HP","damage_taken":0,"relics_obtained":["Golden Idol"],"max_hp_gain":0,"max_hp_loss":5,"event_name":"Golden Idol","floor":2,"gold_loss":0},{"damage_healed":0,"gold_gain":0,"player_choice":"Upgraded","damage_taken":0,"max_hp_gain":0,"max_hp_loss":0,"event_name":"Upgrade Shrine","floor":3,"gold_loss":0,"cards_upgraded":["Koishi:Provoke"]},{"damage_healed":0,"gold_gain":0,"player_choice":"Success","damage_taken":11,"relics_obtained":["Koishi:AHoleWhereASisterShouldBe"],"max_hp_gain":0,"max_hp_loss":0,"event_name":"Scrap Ooze","floor":11,"gold_loss":0},{"damage_healed":0,"gold_gain":0,"player_choice":"Ignored","damage_taken":0,"max_hp_gain":0,"max_hp_loss":0,"event_name":"Ghosts","floor":19,"gold_loss":0},{"damage_healed":0,"gold_gain":0,"player_choice":"Obtained Book","damage_taken":21,"max_hp_gain":0,"max_hp_loss":0,"event_name":"Cursed Tome","floor":20,"gold_loss":0},{"damage_healed":0,"gold_gain":0,"player_choice":"Obtained Relic","damage_taken":0,"relics_obtained":["Regal Pillow"],"max_hp_gain":0,"max_hp_loss":0,"event_name":"Addict","floor":22,"gold_loss":85},{"damage_healed":0,"gold_gain":0,"player_choice":"Ignored","damage_taken":0,"max_hp_gain":0,"max_hp_loss":0,"event_name":"The Mausoleum","floor":24,"gold_loss":0}],"is_beta":false,"boss_relics":[{"not_picked":["Black Star","Fusion Hammer"],"picked":"Calling Bell"}],"items_purged_floors":[],"is_endless":false,"potions_floor_spawned":[6,7,10,14,16,18,29,30],"killed_by":"Collector","ascension_level":17}}