{"host":"0kk91h4bq4kgfj0u","time":1612980825,"event":{"mods":["BaseMod","Bestiary","Block Reminder","Colored Map","Colored Powertips","Curses Come First","Highlight Path","Minty Spire (QoL Compilation)","Relic Stats","StSLib"],"gold_per_floor":[144,189,189,234,279,279,324,324,324,324,369,369,292,337,337,637,637,682,727,0,0,0],"floor_reached":21,"language":"ENG","playtime":637,"items_purged":[],"score":173,"play_id":"c3ded945-f8b3-4ddd-8192-72b00ac168fe","local_time":"20210210131345","daily_mods":["SealedDeck","Purple Cards","Midas"],"is_ascension_mode":false,"campfire_choices":[{"floor":6.0,"key":"REST"},{"floor":8.0,"key":"REST"},{"floor":15.0,"key":"REST"}],"circlet_count":0,"master_deck":["Outmaneuver","Dagger Throw","FearNoEvil","Backflip","Cloak And Dagger","Protect","Nirvana","Backflip","Slice","Blade Dance","FollowUp","Consecrate","Sucker Punch","CrushJoints","Prepared","Dash","Poisoned Stab","ThirdEye","WheelKick","Devotion","Noxious Fumes+1"],"relics":["Ring of the Snake","Snake Skull","NlothsMask","WristBlade"],"acts_visited":["Exordium","TheCity"],"potions_floor_usage":[],"damage_taken":[{"damage":0.0,"enemies":"Jaw Worm","floor":1.0,"turns":3.0},{"damage":0.0,"enemies":"Small Slimes","floor":2.0,"turns":2.0},{"damage":0.0,"enemies":"Cultist","floor":4.0,"turns":2.0},{"damage":0.0,"enemies":"2 Fungi Beasts","floor":5.0,"turns":3.0},{"damage":3.0,"enemies":"Large Slime","floor":7.0,"turns":2.0},{"damage":0.0,"enemies":"3 Louse","floor":11.0,"turns":2.0},{"damage":2.0,"enemies":"Gremlin Gang","floor":14.0,"turns":3.0},{"damage":39.0,"enemies":"Slime Boss","floor":16.0,"turns":9.0},{"damage":35.0,"enemies":"3 Byrds","floor":18.0,"turns":6.0},{"damage":15.0,"enemies":"2 Thieves","floor":19.0,"turns":4.0},{"damage":21,"enemies":"Snake Plant","floor":21,"turns":3}],"seed_played":"-5810517303651203205","potions_obtained":[{"floor":1.0,"key":"PowerPotion"},{"floor":2.0,"key":"Explosive Potion"},{"floor":5.0,"key":"LiquidMemories"}],"is_trial":false,"path_per_floor":["M","M","?","M","M","R","M","R","T","?","M","?","$","M","R","B",null,"M","M","?","M"],"character_chosen":"THE_SILENT","items_purchased":["Poisoned Stab","ThirdEye"],"campfire_rested":3,"item_purchase_floors":[13,13],"current_hp_per_floor":[70,70,70,70,70,70,67,70,70,70,70,70,70,68,70,31,70,35,20,20,0,0],"gold":0,"neow_bonus":"","is_daily":true,"chose_seed":false,"campfire_upgraded":0,"win_rate":0.0,"timestamp":1612980825,"path_taken":["M","M","?","M","M","R","M","R","T","?","M","?","$","M","R","BOSS","M","?","?","M"],"items_purchased_type":["Card","Card"],"build_version":"2020-12-22","purchased_purges":0,"victory":false,"max_hp_per_floor":[70,70,70,70,70,70,70,70,70,70,70,70,70,70,70,70,70,70,70,70,70,70],"relic_stats":{"counters":[11,39],"Snake Skull":[6],"obtain_stats":[{"WristBlade":17,"Snake Skull":9,"Ring of the Snake":0,"NlothsMask":12},{"WristBlade":8,"Snake Skull":5,"Ring of the Snake":0,"NlothsMask":6},{"WristBlade":26,"Snake Skull":12,"Ring of the Snake":0,"NlothsMask":14}],"Ring of the Snake":[22]},"card_choices":[{"not_picked":["EmptyBody","Dagger Throw"],"picked":"FollowUp","floor":1.0},{"not_picked":["Sanctity","Endless Agony"],"picked":"Consecrate","floor":2.0},{"not_picked":["Evaluate","Protect"],"picked":"Sucker Punch","floor":4.0},{"not_picked":["Grand Finale","Pray"],"picked":"CrushJoints","floor":5.0},{"not_picked":["Protect","Sucker Punch"],"picked":"Prepared","floor":7.0},{"not_picked":["Dodge and Roll","MentalFortress"],"picked":"Dash","floor":11.0},{"not_picked":["Consecrate","Deadly Poison"],"picked":"WheelKick","floor":14.0},{"not_picked":["DeusExMachina","Wish"],"picked":"Devotion","floor":16.0},{"not_picked":["EmptyMind","WindmillStrike","FlyingSleeves"],"picked":"SKIP","floor":18.0},{"not_picked":["Reflex","FlurryOfBlows"],"picked":"Noxious Fumes+1","floor":19.0}],"player_experience":866407,"relics_obtained":[{"floor":9.0,"key":"Snake Skull"}],"event_choices":[{"damage_healed":0.0,"max_hp_gain":0.0,"max_hp_loss":0.0,"gold_gain":0.0,"event_name":"Liars Game","player_choice":"Ignored","floor":3.0,"gold_loss":0.0,"damage_taken":0.0},{"damage_healed":0.0,"max_hp_gain":0.0,"max_hp_loss":0.0,"gold_gain":0.0,"event_name":"The Cleric","player_choice":"Leave","floor":10.0,"gold_loss":0.0,"damage_taken":0.0},{"damage_healed":0.0,"max_hp_gain":0.0,"max_hp_loss":0.0,"gold_gain":0.0,"event_name":"FaceTrader","player_choice":"Trade","floor":12.0,"gold_loss":0.0,"damage_taken":0.0,"relics_obtained":["NlothsMask"]},{"damage_healed":0,"gold_gain":0,"player_choice":"Paid Fearfully","damage_taken":0,"max_hp_gain":0,"max_hp_loss":0,"event_name":"Masked Bandits","floor":20,"gold_loss":727}],"is_beta":false,"boss_relics":[{"not_picked":["Ring of the Serpent","Philosopher\u0027s Stone"],"picked":"WristBlade"}],"items_purged_floors":[],"is_endless":false,"potions_floor_spawned":[1,2,5,19],"killed_by":"Snake Plant","ascension_level":0}}