{"host":"94aus4jnk6thj94q","time":1612987006,"event":{"mods":["BaseMod","Minty Spire (QoL Compilation)","Quick Restart","StSLib"],"gold_per_floor":[119,135,18,38,38,38,55,69,94,124,124,124,137,148,148,148,148],"floor_reached":16,"language":"ENG","playtime":860,"items_purged":[],"score":129,"play_id":"63c5b541-b639-42cf-a053-09818097b312","local_time":"20210210215646","is_ascension_mode":false,"campfire_choices":[{"floor":6.0,"key":"RECALL"},{"floor":12.0,"key":"REST"},{"floor":15,"key":"REST"}],"circlet_count":0,"master_deck":["Strike_B","Strike_B","Strike_B","Strike_B","Defend_B","Defend_B","Defend_B","Defend_B","Zap","Dualcast","Go for the Eyes","Ball Lightning","Melter","Redo","Rebound","Cold Snap","Decay","Rainbow","Doom and Gloom"],"relics":["Cracked Core","Regal Pillow"],"acts_visited":["Exordium"],"potions_floor_usage":[],"damage_taken":[{"damage":1.0,"enemies":"Cultist","floor":1.0,"turns":3.0},{"damage":2.0,"enemies":"Jaw Worm","floor":2.0,"turns":3.0},{"damage":0.0,"enemies":"Small Slimes","floor":4.0,"turns":2.0},{"damage":15.0,"enemies":"Exordium Wildlife","floor":7.0,"turns":2.0},{"damage":1.0,"enemies":"2 Fungi Beasts","floor":8.0,"turns":3.0},{"damage":0.0,"enemies":"Gremlin Nob","floor":10.0,"turns":2.0},{"damage":6,"enemies":"Blue Slaver","floor":13,"turns":3},{"damage":11,"enemies":"Large Slime","floor":14,"turns":4},{"damage":76,"enemies":"Slime Boss","floor":16,"turns":9}],"seed_played":"5369587847940581071","potions_obtained":[{"floor":0.0,"key":"EntropicBrew"},{"floor":0.0,"key":"Explosive Potion"},{"floor":0.0,"key":"Weak Potion"},{"floor":1.0,"key":"SkillPotion"},{"floor":4.0,"key":"PotionOfCapacity"},{"floor":7.0,"key":"Dexterity Potion"}],"is_trial":false,"path_per_floor":["M","M","$","M","$","R","M","M","T","E","?","R","M","M","R","B"],"character_chosen":"DEFECT","items_purchased":["Melter","Redo"],"campfire_rested":2,"item_purchase_floors":[3,3],"current_hp_per_floor":[74,72,72,72,72,72,57,56,56,56,56,75,69,58,75,0,0],"gold":148,"neow_bonus":"THREE_SMALL_POTIONS","is_daily":false,"chose_seed":false,"campfire_upgraded":0,"win_rate":0.0,"timestamp":1612987006,"path_taken":["M","M","?","M","$","R","M","?","T","E","?","R","M","M","R","BOSS"],"items_purchased_type":["Card","Card"],"build_version":"2020-12-22","purchased_purges":0,"victory":false,"max_hp_per_floor":[75,75,75,75,75,75,75,75,75,75,75,75,75,75,75,75,75],"card_choices":[{"not_picked":["Sweeping Beam","Steam Power"],"picked":"Go for the Eyes","floor":1.0},{"not_picked":["Go for the Eyes","Hello World"],"picked":"Ball Lightning","floor":2.0},{"not_picked":["Barrage","Hologram"],"picked":"Rebound","floor":4.0},{"not_picked":["Gash","Beam Cell","Storm"],"picked":"SKIP","floor":7.0},{"not_picked":["Go for the Eyes","Streamline"],"picked":"Cold Snap","floor":8.0},{"not_picked":["Auto Shields","Genetic Algorithm","Hello World"],"picked":"SKIP","floor":10.0},{"not_picked":["Coolheaded","Compile Driver"],"picked":"Rainbow","floor":13},{"not_picked":["Redo","Tempest"],"picked":"Doom and Gloom","floor":14}],"player_experience":4483840,"relics_obtained":[{"floor":10.0,"key":"Regal Pillow"}],"event_choices":[{"damage_healed":0.0,"max_hp_gain":0.0,"max_hp_loss":0.0,"gold_gain":0.0,"event_name":"Wheel of Change","player_choice":"Cursed","floor":11.0,"gold_loss":0.0,"damage_taken":0.0,"cards_obtained":["Decay"]}],"is_beta":false,"boss_relics":[],"items_purged_floors":[],"is_endless":false,"potions_floor_spawned":[1,4,7],"killed_by":"Slime Boss","ascension_level":0}}