{"host":"8u1cu4kisw6g21am","time":1612962839,"event":{"mods":["AchievementEnabler","BaseMod","Bestiary","BetterRewards","Minty Spire (QoL Compilation)","Quick Restart","Shop Mod","StSLib"],"gold_per_floor":[118,118,129,148,42,42,71,71,71,91,73,73,73,85,85,85,85],"floor_reached":16,"language":"ENG","playtime":1351,"items_purged":[],"score":102,"play_id":"2cd578c1-89b8-41fb-b8e7-c03d465e6237","local_time":"20210210081359","is_ascension_mode":false,"campfire_choices":[{"data":"Body Slam","floor":6,"key":"SMITH"},{"data":"Strike_R","floor":8,"key":"PURGE"},{"floor":15,"key":"REST"}],"circlet_count":0,"master_deck":["Strike_R","Strike_R","Strike_R","Strike_R","Defend_R","Defend_R","Defend_R","Heavy Blade","Dual Wield+1","Metallicize+1","Body Slam+1","Shrug It Off","Power Through","Pommel Strike","Iron Wave","Shrug It Off+1"],"relics":["Burning Blood","Peace Pipe","Calipers","MerchantsRug","Toxic Egg 2","Happy Flower"],"acts_visited":["Exordium"],"potions_floor_usage":[3,7,16],"damage_taken":[{"damage":4.0,"enemies":"Jaw Worm","floor":1.0,"turns":6.0},{"damage":6,"enemies":"Cultist","floor":3,"turns":3},{"damage":2,"enemies":"Small Slimes","floor":4,"turns":4},{"damage":33,"enemies":"3 Sentries","floor":7,"turns":10},{"damage":5,"enemies":"2 Fungi Beasts","floor":10,"turns":3},{"damage":5,"enemies":"Exordium Thugs","floor":11,"turns":4},{"damage":0,"enemies":"Exordium Wildlife","floor":14,"turns":6},{"damage":44,"enemies":"Hexaghost","floor":16,"turns":14}],"seed_played":"7327321696306790050","potions_obtained":[{"floor":1.0,"key":"PowerPotion"},{"floor":3,"key":"LiquidBronze"},{"floor":4,"key":"Energy Potion"}],"is_trial":false,"path_per_floor":["M","?","M","M","$","R","E","R","T","M","M","?","?","M","R","B"],"character_chosen":"IRONCLAD","items_purchased":["Peace Pipe","MerchantsRug","Shrug It Off","Power Through"],"campfire_rested":1,"item_purchase_floors":[0,0,5,5],"current_hp_per_floor":[46,46,46,50,50,50,23,23,23,24,25,9,9,15,39,0,0],"gold":85,"neow_bonus":"","is_daily":false,"chose_seed":false,"campfire_upgraded":1,"win_rate":0.0,"timestamp":1612962839,"path_taken":["M","?","?","M","?","R","E","R","T","M","M","?","?","M","R","BOSS"],"items_purchased_type":["Relic","Relic","Card","Card"],"build_version":"2020-12-22","purchased_purges":0,"victory":false,"max_hp_per_floor":[80,80,80,80,80,80,80,80,80,80,80,80,80,80,80,80,80],"card_choices":[{"not_picked":["Havoc","Dropkick"],"picked":"Dual Wield","floor":1.0},{"not_picked":["Dropkick","Clash"],"picked":"Metallicize","floor":3},{"not_picked":["Feel No Pain","Uppercut"],"picked":"Body Slam","floor":4},{"not_picked":["Intimidate+1","Perfected Strike"],"picked":"Pommel Strike","floor":7},{"not_picked":["Sword Boomerang","Warcry+1"],"picked":"Iron Wave","floor":10},{"not_picked":["Flex+1","Thunderclap"],"picked":"Shrug It Off+1","floor":11},{"not_picked":["Headbutt","Feed","Clothesline"],"picked":"SKIP","floor":14}],"player_experience":96865,"relics_obtained":[{"floor":7,"key":"Toxic Egg 2"},{"floor":9,"key":"Happy Flower"}],"event_choices":[{"damage_healed":0.0,"max_hp_gain":0.0,"max_hp_loss":0.0,"gold_gain":0.0,"cards_transformed":["Defend_R"],"event_name":"Transmorgrifier","player_choice":"Transformed","floor":2.0,"gold_loss":0.0,"damage_taken":0.0,"cards_obtained":["Brutality"]},{"damage_healed":0,"gold_gain":0,"player_choice":"Entered Light","damage_taken":16,"max_hp_gain":0,"max_hp_loss":0,"event_name":"Shining Light","floor":12,"gold_loss":0,"cards_upgraded":["Metallicize","Dual Wield"]},{"cards_removed":["Brutality"],"damage_healed":0,"gold_gain":0,"player_choice":"Card Removal","damage_taken":0,"max_hp_gain":0,"max_hp_loss":0,"event_name":"Wheel of Change","floor":13,"gold_loss":0}],"is_beta":false,"boss_relics":[],"items_purged_floors":[],"is_endless":false,"potions_floor_spawned":[1,3,4],"killed_by":"Hexaghost","ascension_level":0}}