{"host":"g907ck67u7c3hrs6","time":1612945054,"event":{"mods":["BaseMod","Colored Map","DeckTracker","Highlight Path","Keyboard Shortcuts","Minty Spire (QoL Compilation)","Permanent Neow","Say the Spire","SuperFastMode"],"gold_per_floor":[109,119,139,156,172,172,172,199,224,224,224,262,262,18,18,132,132,158,158,158,158],"floor_reached":20,"language":"KOR","playtime":489,"items_purged":[],"score":182,"play_id":"32617b5e-71bf-4ae1-92c4-723647ee24b7","local_time":"20210210171734","daily_mods":["Heirloom","Flight"],"is_ascension_mode":false,"campfire_choices":[{"data":"Zap","floor":6,"key":"SMITH"},{"data":"Dualcast","floor":7,"key":"SMITH"},{"data":"Turbo","floor":11,"key":"SMITH"},{"floor":13,"key":"REST"},{"data":"Loop","floor":15,"key":"SMITH"}],"circlet_count":0,"master_deck":["Strike_B","Strike_B","Strike_B","Strike_B","Defend_B","Defend_B","Defend_B","Defend_B","Zap+1","Dualcast+1","Turbo+1","Gash","Undo+1","Loop+1","All For One+1","Hologram","Reinforced Body","Seek","Beam Cell"],"relics":["FrozenCore","CaptainsWheel","PreservedInsect","Juzu Bracelet","CeramicFish","Frozen Egg 2","Art of War"],"acts_visited":["Exordium","TheCity"],"potions_floor_usage":[],"damage_taken":[{"damage":2,"enemies":"2 Louse","floor":1,"turns":2},{"damage":0,"enemies":"Small Slimes","floor":2,"turns":3},{"damage":1,"enemies":"Cultist","floor":3,"turns":3},{"damage":1,"enemies":"Exordium Wildlife","floor":4,"turns":5},{"damage":13,"enemies":"Gremlin Gang","floor":5,"turns":5},{"damage":18,"enemies":"3 Sentries","floor":8,"turns":6},{"damage":18,"enemies":"Lagavulin","floor":12,"turns":5},{"damage":21,"enemies":"Slime Boss","floor":16,"turns":9},{"damage":21,"enemies":"2 Thieves","floor":18,"turns":4},{"damage":0,"enemies":"Masked Bandits","floor":20,"turns":1}],"seed_played":"1726627192228720285","potions_obtained":[{"floor":2,"key":"Ancient Potion"},{"floor":3,"key":"ColorlessPotion"},{"floor":4,"key":"GamblersBrew"},{"floor":12,"key":"LiquidMemories"}],"is_trial":true,"path_per_floor":["M","M","M","M","M","R","R","E","T","?","R","E","R","$","R","B",null,"M","?","?"],"character_chosen":"DEFECT","items_purchased":["Frozen Egg 2"],"campfire_rested":1,"item_purchase_floors":[14],"current_hp_per_floor":[73,73,72,71,58,58,58,40,40,25,25,7,29,29,29,8,75,54,54,54,54],"gold":158,"neow_bonus":"","is_daily":false,"chose_seed":false,"campfire_upgraded":4,"win_rate":0.0,"timestamp":1612945054,"path_taken":["M","M","M","M","M","R","R","E","T","?","R","E","R","$","R","BOSS","M","?","?"],"items_purchased_type":["Relic"],"build_version":"2020-12-22","purchased_purges":0,"victory":false,"max_hp_per_floor":[75,75,75,75,75,75,75,75,75,75,75,75,75,75,75,75,75,75,75,75,75],"card_choices":[{"not_picked":["Cold Snap","Scrape"],"picked":"Turbo","floor":1},{"not_picked":["Undo","Compile Driver"],"picked":"Gash","floor":2},{"not_picked":["Redo","Hello World"],"picked":"Undo","floor":3},{"not_picked":["Go for the Eyes","Compile Driver"],"picked":"Loop","floor":4},{"not_picked":["Leap","Cold Snap"],"picked":"All For One","floor":5},{"not_picked":["Redo","Conserve Battery"],"picked":"Hologram","floor":8},{"not_picked":["Compile Driver","Darkness"],"picked":"Reinforced Body","floor":12},{"not_picked":["Reboot","Creative AI+1"],"picked":"Seek","floor":16},{"not_picked":["Go for the Eyes","Stack"],"picked":"Beam Cell","floor":18}],"player_experience":277968,"relics_obtained":[{"floor":8,"key":"PreservedInsect"},{"floor":9,"key":"Juzu Bracelet"},{"floor":12,"key":"CeramicFish"}],"event_choices":[{"damage_healed":0,"gold_gain":0,"player_choice":"Entered Light","damage_taken":15,"max_hp_gain":0,"max_hp_loss":0,"event_name":"Shining Light","floor":10,"gold_loss":0,"cards_upgraded":["Undo","All For One"]},{"damage_healed":0,"gold_gain":0,"player_choice":"Gave Potion","damage_taken":0,"relics_obtained":["Art of War"],"max_hp_gain":0,"max_hp_loss":0,"event_name":"WeMeetAgain","floor":19,"gold_loss":0},{"damage_healed":0,"gold_gain":0,"player_choice":"Fought Bandits","damage_taken":0,"max_hp_gain":0,"max_hp_loss":0,"event_name":"Masked Bandits","floor":20,"gold_loss":0}],"is_beta":false,"boss_relics":[{"not_picked":["Snecko Eye","Black Star"],"picked":"FrozenCore"}],"items_purged_floors":[],"is_endless":false,"potions_floor_spawned":[2,3,4,8,12],"killed_by":"Masked Bandits","ascension_level":0}}