{"host":"lklj3eidp7g5an38","time":1612997294,"event":{"mods":["AchievementEnabler","BaseMod","Colored Map","Colored Powertips","Curses Come First","DeckTracker","Highlight Path","Minty Spire (QoL Compilation)","Relic Stats","StSLib"],"gold_per_floor":[13,13,32,45,45,78,78,97,97,128,278,298,223,248,248,343,343,303,317,45,68,68,106,0,0,0,0,0,36,36,79,79,174,174,189,189,21,34,47,47,81,81,105,30,99,138,191,214,214,214,214,214,22,65,65,65],"floor_reached":55,"language":"ENG","playtime":4728,"items_purged":["Strike_G"],"score":1488,"play_id":"22979a3c-f4d0-4a38-8c53-0bce79381d3e","local_time":"20210210224814","is_ascension_mode":true,"campfire_choices":[{"floor":7.0,"key":"REST"},{"data":"Footwork","floor":15.0,"key":"SMITH"},{"floor":25,"key":"REST"},{"data":"1","floor":27,"key":"LIFT"},{"data":"2","floor":32,"key":"LIFT"},{"data":"3","floor":40,"key":"LIFT"},{"floor":42,"key":"RECALL"},{"data":"Footwork","floor":49,"key":"SMITH"},{"data":"Infinite Blades","floor":52,"key":"SMITH"}],"circlet_count":0,"master_deck":["AscendersBane","Strike_G","Defend_G","Defend_G","Defend_G","Defend_G","Survivor","Neutralize","Leg Sweep","Crippling Poison+1","Flying Knee","Unload","Footwork+1","Cloak And Dagger+1","Infinite Blades+1","Malaise+1","Doppelganger+1","Cloak And Dagger+1","Deadly Poison+1","Crippling Poison+1","Catalyst+1","Prepared+1","Adrenaline+1","Acrobatics+1","Corpse Explosion+1","PiercingWail+1","Dodge and Roll+1","Prepared+1","Reflex+1","Footwork+1","Outmaneuver+1"],"relics":["Ring of the Snake","Golden Idol","Toxic Egg 2","Du-Vu Doll","Girya","Runic Pyramid","Shuriken","Paper Crane","MealTicket","Pear","Bronze Scales","HornCleat","HoveringKite","Mercury Hourglass","Dead Branch","Akabeko","Snake Skull","Anchor","Pen Nib"],"acts_visited":["Exordium","TheCity","TheBeyond","TheEnding"],"potions_floor_usage":[29,31,46,50],"damage_taken":[{"damage":0.0,"enemies":"Cultist","floor":1.0,"turns":4.0},{"damage":0.0,"enemies":"Small Slimes","floor":3.0,"turns":5.0},{"damage":0.0,"enemies":"Jaw Worm","floor":4.0,"turns":8.0},{"damage":35.0,"enemies":"Gremlin Nob","floor":6.0,"turns":6.0},{"damage":5.0,"enemies":"Large Slime","floor":8.0,"turns":7.0},{"damage":11.0,"enemies":"Lagavulin","floor":10.0,"turns":9.0},{"damage":2.0,"enemies":"2 Fungi Beasts","floor":12.0,"turns":3.0},{"damage":0.0,"enemies":"3 Louse","floor":14.0,"turns":3.0},{"damage":1.0,"enemies":"The Guardian","floor":16.0,"turns":16.0},{"damage":9.0,"enemies":"2 Thieves","floor":18.0,"turns":5.0},{"damage":12.0,"enemies":"Spheric Guardian","floor":19.0,"turns":6.0},{"damage":7.0,"enemies":"Snake Plant","floor":21.0,"turns":5.0},{"damage":7.0,"enemies":"Book of Stabbing","floor":23.0,"turns":7.0},{"damage":27,"enemies":"Slavers","floor":29,"turns":6},{"damage":15,"enemies":"Gremlin Leader","floor":31,"turns":5},{"damage":20,"enemies":"Automaton","floor":33,"turns":11},{"damage":10,"enemies":"3 Darklings","floor":35,"turns":3},{"damage":5,"enemies":"3 Shapes","floor":38,"turns":4},{"damage":0,"enemies":"3 Darklings","floor":39,"turns":2},{"damage":4,"enemies":"Nemesis","floor":41,"turns":9},{"damage":4,"enemies":"2 Orb Walkers","floor":45,"turns":4},{"damage":0,"enemies":"Giant Head","floor":46,"turns":7},{"damage":3,"enemies":"Sphere and 2 Shapes","floor":48,"turns":4},{"damage":39,"enemies":"Awakened One","floor":50,"turns":15},{"damage":10,"enemies":"Shield and Spear","floor":54,"turns":5},{"damage":69,"enemies":"The Heart","floor":55,"turns":6}],"seed_played":"4126515821276079701","potions_obtained":[{"floor":3.0,"key":"Strength Potion"},{"floor":8.0,"key":"AttackPotion"},{"floor":10.0,"key":"Block Potion"},{"floor":12.0,"key":"Poison Potion"},{"floor":16.0,"key":"PowerPotion"},{"floor":23.0,"key":"AttackPotion"},{"floor":29,"key":"Regen Potion"},{"floor":33,"key":"SteroidPotion"},{"floor":35,"key":"LiquidMemories"},{"floor":39,"key":"Swift Potion"},{"floor":45,"key":"SneckoOil"},{"floor":48,"key":"BlessingOfTheForge"}],"is_trial":false,"path_per_floor":["M","?","M","M","?","E","R","M","T","E","?","M","?","M","R","B",null,"M","M","$","M","?","E","?","R","T","R","?","E","$","E","R","B",null,"M","?","$","M","M","R","E","R","T","$","?","E","T","M","R","B",null,"R","$","E","B"],"character_chosen":"THE_SILENT","items_purchased":["Shuriken","Corpse Explosion+1","Anchor","Outmaneuver+1"],"campfire_rested":2,"item_purchase_floors":[20,37,53,53],"current_hp_per_floor":[59,59,59,59,59,24,42,37,37,26,26,24,24,24,24,23,51,42,30,30,23,23,16,16,34,44,44,44,17,32,32,32,12,56,46,46,61,56,56,56,52,52,52,67,63,63,63,60,60,21,58,58,70,60,0,0],"gold":65,"neow_bonus":"REMOVE_TWO","is_daily":false,"chose_seed":false,"campfire_upgraded":3,"win_rate":0.0,"timestamp":1612997294,"path_taken":["M","?","M","M","?","E","R","?","T","E","?","M","?","M","R","BOSS","M","M","$","M","?","E","?","R","T","R","?","E","$","E","R","BOSS","M","?","$","?","M","R","E","R","T","$","?","E","?","M","R","BOSS","R","$","E","BOSS"],"items_purchased_type":["Relic","Card","Relic","Card"],"build_version":"2020-12-22","purchased_purges":1,"victory":false,"max_hp_per_floor":[66,60,60,60,60,60,60,60,60,60,60,60,60,60,60,60,60,60,60,60,60,60,60,60,60,70,70,70,70,70,70,70,70,70,70,70,70,70,70,70,70,70,70,70,70,70,70,70,70,70,70,70,70,70,70,70],"relic_stats":{"counters":[26,165],"Golden Idol":178,"Shuriken":[33],"Bronze Scales":[339],"Dead Branch":[77],"HoveringKite":[33],"MealTicket":57,"Snake Skull":[33],"Pen Nib":[0],"obtain_stats":[{"Girya":10,"Pear":26,"Golden Idol":2,"Dead Branch":45,"HoveringKite":34,"Snake Skull":47,"Pen Nib":54,"Paper Crane":22,"Akabeko":46,"Mercury Hourglass":41,"Du-Vu Doll":9,"Anchor":53,"HornCleat":31,"Shuriken":20,"Bronze Scales":29,"MealTicket":23,"Toxic Egg 2":6,"Ring of the Snake":0,"Runic Pyramid":17},{"Girya":6,"Pear":13,"Golden Idol":1,"Dead Branch":21,"HoveringKite":16,"Snake Skull":22,"Pen Nib":25,"Paper Crane":12,"Akabeko":22,"Mercury Hourglass":20,"Du-Vu Doll":5,"Anchor":24,"HornCleat":15,"Shuriken":11,"Bronze Scales":14,"MealTicket":13,"Toxic Egg 2":4,"Ring of the Snake":0,"Runic Pyramid":9},{"Girya":39,"Pear":84,"Golden Idol":4,"Dead Branch":128,"HoveringKite":106,"Snake Skull":135,"Pen Nib":159,"Paper Crane":77,"Akabeko":135,"Mercury Hourglass":124,"Du-Vu Doll":30,"Anchor":154,"HornCleat":95,"Shuriken":72,"Bronze Scales":90,"MealTicket":84,"Toxic Egg 2":23,"Ring of the Snake":0,"Runic Pyramid":61}],"Ring of the Snake":[52],"Mercury Hourglass":[171]},"card_choices":[{"not_picked":["Slice","Acrobatics"],"picked":"Leg Sweep","floor":1.0},{"not_picked":["Bane","Terror","Tactician"],"picked":"SKIP","floor":3.0},{"not_picked":["Bane","Finisher"],"picked":"Crippling Poison","floor":4.0},{"not_picked":["Infinite Blades","Backflip+1"],"picked":"Unload","floor":6.0},{"not_picked":["Bane","Setup+1"],"picked":"Footwork","floor":8.0},{"not_picked":["Dodge and Roll+1","Predator"],"picked":"Cloak And Dagger+1","floor":10.0},{"not_picked":["Sucker Punch","Endless Agony"],"picked":"Infinite Blades","floor":12.0},{"not_picked":["Cloak And Dagger+1","Well Laid Plans"],"picked":"Malaise+1","floor":14.0},{"not_picked":["Tools of the Trade","Grand Finale"],"picked":"Doppelganger+1","floor":16.0},{"not_picked":["Flying Knee","Acrobatics+1"],"picked":"Cloak And Dagger+1","floor":18.0},{"not_picked":["Outmaneuver+1","Dagger Spray"],"picked":"Deadly Poison+1","floor":19.0},{"not_picked":["Quick Slash","Flying Knee"],"picked":"Crippling Poison+1","floor":21.0},{"not_picked":["Unload","Blade Dance+1"],"picked":"Catalyst+1","floor":23.0},{"not_picked":["Bane","Backflip+1"],"picked":"Prepared+1","floor":29},{"not_picked":["Deadly Poison+1","Sucker Punch","Cloak And Dagger+1"],"picked":"SKIP","floor":31},{"not_picked":["Glass Knife","After Image"],"picked":"Adrenaline+1","floor":33},{"not_picked":["Terror+1","Flechettes+1"],"picked":"Acrobatics+1","floor":35},{"not_picked":["Outmaneuver+1","Setup+1"],"picked":"PiercingWail+1","floor":38},{"not_picked":["Predator","Deadly Poison+1"],"picked":"Dodge and Roll+1","floor":39},{"not_picked":["Backflip+1","Quick Slash"],"picked":"Prepared+1","floor":41},{"not_picked":["Flechettes","Quick Slash"],"picked":"Reflex+1","floor":45},{"not_picked":["Blade Dance+1","Skewer+1","Underhanded Strike"],"picked":"SKIP","floor":46},{"not_picked":["Blade Dance+1","Predator"],"picked":"Footwork","floor":48},{"not_picked":["PiercingWail+1","Blade Dance+1","Reflex+1"],"picked":"SKIP","floor":54}],"player_experience":949816,"relics_obtained":[{"floor":6.0,"key":"Toxic Egg 2"},{"floor":9.0,"key":"Du-Vu Doll"},{"floor":10.0,"key":"Girya"},{"floor":23.0,"key":"MealTicket"},{"floor":26,"key":"Pear"},{"floor":29,"key":"Bronze Scales"},{"floor":31,"key":"HornCleat"},{"floor":41,"key":"Mercury Hourglass"},{"floor":45,"key":"Dead Branch"},{"floor":46,"key":"Akabeko"},{"floor":47,"key":"Snake Skull"},{"floor":54,"key":"Pen Nib"}],"event_choices":[{"damage_healed":0.0,"max_hp_gain":0.0,"max_hp_loss":6.0,"gold_gain":0.0,"event_name":"Golden Idol","player_choice":"Lose Max HP","floor":2.0,"gold_loss":0.0,"damage_taken":0.0,"relics_obtained":["Golden Idol"]},{"damage_healed":0.0,"max_hp_gain":0.0,"max_hp_loss":0.0,"gold_gain":0.0,"cards_transformed":["Strike_G"],"event_name":"Living Wall","player_choice":"Change","floor":5.0,"gold_loss":0.0,"damage_taken":0.0,"cards_obtained":["Flying Knee"]},{"damage_healed":0.0,"max_hp_gain":0.0,"max_hp_loss":0.0,"gold_gain":150.0,"event_name":"Liars Game","player_choice":"AGREE","floor":11.0,"gold_loss":0.0,"damage_taken":0.0,"cards_obtained":["Doubt"]},{"cards_removed":["Strike_G"],"damage_healed":0.0,"max_hp_gain":0.0,"max_hp_loss":0.0,"gold_gain":0.0,"event_name":"The Cleric","player_choice":"Card Removal","floor":13.0,"gold_loss":75.0,"damage_taken":0.0},{"damage_healed":0.0,"max_hp_gain":0.0,"max_hp_loss":0.0,"gold_gain":0.0,"event_name":"Addict","player_choice":"Stole Relic","floor":22.0,"gold_loss":0.0,"damage_taken":0.0,"relics_obtained":["Paper Crane"],"cards_obtained":["Shame"]},{"damage_healed":0,"gold_gain":0,"player_choice":"Paid Fearfully","damage_taken":0,"max_hp_gain":0,"max_hp_loss":0,"event_name":"Masked Bandits","floor":24,"gold_loss":106},{"damage_healed":0,"gold_gain":0,"player_choice":"Upgraded","damage_taken":0,"max_hp_gain":0,"max_hp_loss":0,"event_name":"Upgrade Shrine","floor":28,"gold_loss":0,"cards_upgraded":["Crippling Poison"]},{"cards_removed":["Shame","Doubt"],"damage_healed":0,"gold_gain":0,"player_choice":"Removed Curses","damage_taken":0,"max_hp_gain":0,"max_hp_loss":0,"event_name":"Fountain of Cleansing","floor":36,"gold_loss":0},{"damage_healed":0,"gold_gain":0,"player_choice":"Fight","damage_taken":0,"max_hp_gain":0,"max_hp_loss":0,"event_name":"Mysterious Sphere","floor":45,"gold_loss":0}],"is_beta":false,"boss_relics":[{"not_picked":["Ectoplasm","Pandora\u0027s Box"],"picked":"Runic Pyramid"},{"not_picked":["Tiny House","Velvet Choker"],"picked":"HoveringKite"}],"items_purged_floors":[44],"is_endless":false,"potions_floor_spawned":[3,8,10,12,16,23,29,33,35,39,45,48],"killed_by":"The Heart","ascension_level":17}}