{"host":"j5shy70asow5koz5","time":1612982154,"event":{"mods":["2.2 Compatiblity","Act Like it!","Arknights","BaseMod","Colored Map","Marisa£¨Ùöéë¡¡Øª×âÞÞ£©","Minty Spire (QoL Compilation)","Prisma Mod","StSLib","SuperFastMode","Td1madao Mod","The Disciple","The Gatherer","The Servant 0.9.4","Waifu the Spire"],"gold_per_floor":[115,215,35,35,35,69,69,101,101,101,116,66,76,91,91,191,191,209,209,209,228,240,240,240],"floor_reached":23,"language":"KOR","playtime":601,"items_purged":["Strike_R"],"score":199,"play_id":"005b5129-7c14-4b8d-aecf-61b26417d19a","local_time":"20210211033554","is_ascension_mode":false,"campfire_choices":[{"data":"Armaments","floor":7,"key":"SMITH"},{"data":"Disarm","floor":10,"key":"SMITH"},{"data":"Pommel Strike","floor":15,"key":"SMITH"}],"circlet_count":0,"master_deck":["Strike_R","Strike_R","Defend_R","Defend_R","Defend_R","Defend_R","Bash+1","Pommel Strike+1","Armaments+1","Flame Barrier","Disarm+1","Armaments+1","Searing Blow","Body Slam+1"],"relics":["Burning Blood","Nunchaku","Strawberry","Peace Pipe","SlaversCollar"],"acts_visited":["Exordium","TheCity"],"potions_floor_usage":[6,16,16],"damage_taken":[{"damage":7,"enemies":"2 Louse","floor":1,"turns":3},{"damage":6,"enemies":"Gremlin Nob","floor":6,"turns":3},{"damage":12,"enemies":"3 Sentries","floor":8,"turns":11},{"damage":3,"enemies":"Cultist","floor":11,"turns":3},{"damage":7,"enemies":"Small Slimes","floor":13,"turns":3},{"damage":10,"enemies":"2 Fungi Beasts","floor":14,"turns":4},{"damage":38,"enemies":"Slime Boss","floor":16,"turns":12},{"damage":10,"enemies":"Chosen","floor":18,"turns":5},{"damage":18,"enemies":"Shell Parasite","floor":21,"turns":8},{"damage":35,"enemies":"Cultist and Chosen","floor":22,"turns":7},{"damage":54,"enemies":"Gremlin Leader","floor":23,"turns":9}],"seed_played":"1328205224200050600","potions_obtained":[{"floor":8,"key":"DistilledChaos"},{"floor":13,"key":"EssenceOfSteel"},{"floor":22,"key":"Ancient Potion"}],"is_trial":false,"path_per_floor":["M","?","$","?","?","E","R","E","T","R","M","?","M","M","R","B",null,"M","?","?","M","M","E"],"character_chosen":"IRONCLAD","items_purchased":["Armaments","Fire Potion"],"campfire_rested":0,"item_purchase_floors":[3,3],"current_hp_per_floor":[79,79,79,84,77,77,77,78,78,78,81,81,80,76,76,44,92,88,88,88,76,47,0,0],"gold":240,"neow_bonus":"UPGRADE_CARD","is_daily":false,"chose_seed":false,"campfire_upgraded":3,"win_rate":0.0,"timestamp":1612982154,"path_taken":["M","?","?","?","?","E","R","E","T","R","M","?","M","M","R","BOSS","M","?","?","M","M","E"],"items_purchased_type":["Card","Potion"],"build_version":"2020-12-22","purchased_purges":1,"victory":false,"max_hp_per_floor":[80,80,80,85,85,85,85,92,92,92,92,92,92,92,92,92,92,92,92,92,92,92,92,92],"card_choices":[{"not_picked":["Wild Strike","Iron Wave"],"picked":"Pommel Strike","floor":1},{"not_picked":["Flex","Evolve"],"picked":"Flame Barrier","floor":6},{"not_picked":["Sword Boomerang","Sever Soul"],"picked":"Disarm","floor":8},{"not_picked":["Wild Strike","True Grit","Anger"],"picked":"SKIP","floor":11},{"not_picked":["Clash","Evolve","Cleave"],"picked":"SKIP","floor":13},{"not_picked":["Anger","Perfected Strike","Thunderclap"],"picked":"SKIP","floor":14},{"not_picked":["Wild Strike","True Grit"],"picked":"Armaments+1","floor":18},{"not_picked":["Anger+1","Cleave"],"picked":"Body Slam+1","floor":21},{"not_picked":["Fire Breathing","Seeing Red","Intimidate"],"picked":"SKIP","floor":22}],"player_experience":97103,"relics_obtained":[{"floor":6,"key":"Nunchaku"},{"floor":8,"key":"Strawberry"},{"floor":9,"key":"Peace Pipe"}],"event_choices":[{"damage_healed":0,"gold_gain":100,"player_choice":"Pray","damage_taken":0,"max_hp_gain":0,"max_hp_loss":0,"event_name":"Golden Shrine","floor":2,"gold_loss":0},{"damage_healed":0,"gold_gain":0,"player_choice":"Donut","damage_taken":0,"max_hp_gain":5,"max_hp_loss":0,"event_name":"Big Fish","floor":4,"gold_loss":0},{"cards_removed":["Strike_R"],"damage_healed":0,"gold_gain":0,"player_choice":"Card Removal","damage_taken":7,"max_hp_gain":0,"max_hp_loss":0,"event_name":"Golden Wing","floor":5,"gold_loss":0},{"cards_removed":["Strike_R"],"damage_healed":0,"gold_gain":0,"player_choice":"Card Removal","damage_taken":0,"max_hp_gain":0,"max_hp_loss":0,"event_name":"The Cleric","floor":12,"gold_loss":50},{"damage_healed":0,"gold_gain":0,"player_choice":"Ignored","damage_taken":0,"max_hp_gain":0,"max_hp_loss":0,"event_name":"Ghosts","floor":19,"gold_loss":0},{"damage_healed":0,"gold_gain":0,"player_choice":"Read","damage_taken":0,"max_hp_gain":0,"max_hp_loss":0,"event_name":"The Library","floor":20,"gold_loss":0,"cards_obtained":["Searing Blow"]}],"is_beta":false,"boss_relics":[{"not_picked":["Sozu","Ectoplasm"],"picked":"SlaversCollar"}],"items_purged_floors":[3],"is_endless":false,"potions_floor_spawned":[8,13,22],"killed_by":"Gremlin Leader","ascension_level":0}}