{"host":"djoj10dqzzvtkauc","time":1612946680,"event":{"mods":["2.2 Compatiblity","BaseMod","Colored Map","DeckTracker","Highlight Path","Keyboard Shortcuts","Marisa£¨Ùöéë¡¡Øª×âÞÞ£©","Minty Spire (QoL Compilation)","Permanent Neow","Quick Restart","Random Character Button","StSLib","SuperFastMode","everything is the same but u backflip on backflip"],"gold_per_floor":[115,129,20,37,57,57,83,83,110,179,179,205,205,223,223,223,223],"floor_reached":16,"language":"KOR","playtime":415,"items_purged":["Writhe"],"score":209,"play_id":"ad604227-ecb4-4726-9f90-a16c4afe955d","local_time":"20210210174440","is_ascension_mode":true,"campfire_choices":[{"data":"Footwork","floor":6.0,"key":"SMITH"},{"data":"Footwork","floor":11.0,"key":"SMITH"},{"data":"Dagger Spray","floor":13,"key":"SMITH"},{"data":"Crippling Poison","floor":15,"key":"SMITH"}],"circlet_count":0,"master_deck":["AscendersBane","Strike_G+1","Strike_G","Strike_G","Strike_G","Defend_G","Defend_G","Defend_G","Defend_G","Survivor","Neutralize","Crippling Poison+1","Prepared","Endless Agony+1","Dagger Spray+1","Footwork+1","Footwork+1","PiercingWail","Footwork+1","Flying Knee","Backstab"],"relics":["Ring of the Snake","Whetstone","Vajra","White Beast Statue","Bag of Marbles"],"acts_visited":["Exordium"],"potions_floor_usage":[12,12,16,16],"damage_taken":[{"damage":0.0,"enemies":"Small Slimes","floor":1.0,"turns":4.0},{"damage":0.0,"enemies":"Jaw Worm","floor":2.0,"turns":5.0},{"damage":0.0,"enemies":"Cultist","floor":4.0,"turns":5.0},{"damage":7.0,"enemies":"2 Fungi Beasts","floor":5.0,"turns":4.0},{"damage":17.0,"enemies":"Lagavulin","floor":7.0,"turns":8.0},{"damage":0,"enemies":"Gremlin Nob","floor":12,"turns":2},{"damage":0,"enemies":"Looter","floor":14,"turns":3},{"damage":21,"enemies":"Hexaghost","floor":16,"turns":10}],"seed_played":"-3118672072608675155","potions_obtained":[{"floor":1.0,"key":"Fire Potion"},{"floor":5.0,"key":"SkillPotion"},{"floor":7.0,"key":"FearPotion"},{"floor":12,"key":"PowerPotion"},{"floor":14,"key":"PowerPotion"}],"is_trial":false,"path_per_floor":["M","M","$","M","M","R","E","?","T","T","R","E","R","M","R","B"],"character_chosen":"THE_SILENT","items_purchased":["Footwork"],"campfire_rested":0,"item_purchase_floors":[3],"current_hp_per_floor":[63,63,63,63,56,56,39,39,39,39,39,39,39,39,39,18,18],"gold":223,"neow_bonus":"TRANSFORM_TWO_CARDS","is_daily":false,"chose_seed":false,"campfire_upgraded":4,"win_rate":0.0,"timestamp":1612946680,"path_taken":["M","M","$","M","M","R","E","?","T","?","R","E","R","M","R","BOSS"],"items_purchased_type":["Card"],"build_version":"2020-12-22","purchased_purges":1,"victory":false,"max_hp_per_floor":[70,70,70,70,70,70,70,70,70,70,70,70,70,70,70,70,70],"card_choices":[{"not_picked":["Acrobatics","Flying Knee"],"picked":"Endless Agony","floor":1.0},{"not_picked":["Deadly Poison","Deflect"],"picked":"Dagger Spray","floor":2.0},{"not_picked":["Prepared","Dash"],"picked":"Footwork","floor":4.0},{"not_picked":["Dagger Throw","Dodge and Roll"],"picked":"PiercingWail","floor":5.0},{"not_picked":["Blade Dance","Deadly Poison"],"picked":"Footwork","floor":7.0},{"not_picked":["Sucker Punch","Eviscerate"],"picked":"Flying Knee","floor":12},{"not_picked":["Sucker Punch","Calculated Gamble"],"picked":"Backstab","floor":14}],"player_experience":212982,"relics_obtained":[{"floor":7.0,"key":"Whetstone"},{"floor":9.0,"key":"Vajra"},{"floor":10.0,"key":"White Beast Statue"},{"floor":12,"key":"Bag of Marbles"}],"event_choices":[{"damage_healed":0.0,"max_hp_gain":0.0,"max_hp_loss":0.0,"gold_gain":0.0,"event_name":"Living Wall","player_choice":"Grow","floor":8.0,"gold_loss":0.0,"damage_taken":0.0,"cards_upgraded":["Footwork"]}],"is_beta":false,"boss_relics":[],"items_purged_floors":[3],"is_endless":false,"potions_floor_spawned":[1,5,7,12,14],"killed_by":"Hexaghost","ascension_level":11}}