{"host":"epc8efk9vrywpcsw","time":1612957307,"event":{"mods":["BaseMod","Minty Spire (QoL Compilation)","Relic Stats","StSLib"],"gold_per_floor":[118,118,268,268,268,268,302,302,355,280,280,291,303,303,303],"floor_reached":14,"language":"ENG","playtime":203,"items_purged":["Regret"],"score":222,"play_id":"f0363e17-5d9d-45a9-a9eb-5586b8ac7f5a","local_time":"20210210124147","is_ascension_mode":true,"campfire_choices":[{"data":"Sucker Punch","floor":6,"key":"SMITH"},{"data":"Neutralize","floor":8,"key":"SMITH"},{"data":"Footwork","floor":11,"key":"SMITH"}],"circlet_count":0,"master_deck":["AscendersBane","Strike_G","Strike_G","Strike_G","Strike_G","Defend_G","Defend_G","Defend_G","Defend_G","Defend_G","Survivor","Neutralize+1","Sucker Punch+1","Doubt","Footwork+1","Backflip","Acrobatics"],"relics":["Ring of the Snake","NeowsBlessing","Matryoshka","InkBottle","Lantern","Potion Belt","Bag of Marbles"],"acts_visited":["Exordium"],"potions_floor_usage":[],"damage_taken":[{"damage":0,"enemies":"Cultist","floor":1,"turns":1},{"damage":0,"enemies":"Gremlin Nob","floor":7,"turns":1},{"damage":0,"enemies":"2 Louse","floor":12,"turns":1},{"damage":0,"enemies":"Small Slimes","floor":13,"turns":4},{"damage":26,"enemies":"Lagavulin","floor":14,"turns":7}],"seed_played":"-5829625814065926754","potions_obtained":[{"floor":7,"key":"Dexterity Potion"}],"is_trial":false,"path_per_floor":["M","?","?","?","?","R","E","R","T","$","R","M","M","E"],"character_chosen":"THE_SILENT","items_purchased":[],"campfire_rested":0,"item_purchase_floors":[],"current_hp_per_floor":[59,52,52,52,47,47,47,47,47,47,47,47,47,21,21],"gold":303,"neow_bonus":"THREE_ENEMY_KILL","is_daily":false,"chose_seed":false,"campfire_upgraded":3,"win_rate":0.0,"timestamp":1612957307,"path_taken":["M","?","?","?","?","R","E","R","T","$","R","M","M","E"],"items_purchased_type":[],"build_version":"2020-12-22","purchased_purges":1,"victory":false,"max_hp_per_floor":[66,66,66,66,66,66,66,66,66,66,66,66,66,66,66],"relic_stats":{"counters":[5,14],"obtain_stats":[{"Potion Belt":9,"Lantern":7,"Matryoshka":4,"NeowsBlessing":0,"Bag of Marbles":9,"InkBottle":5,"Ring of the Snake":0},{"Potion Belt":2,"Lantern":2,"Matryoshka":1,"NeowsBlessing":0,"Bag of Marbles":2,"InkBottle":1,"Ring of the Snake":0},{"Potion Belt":2,"Lantern":2,"Matryoshka":1,"NeowsBlessing":0,"Bag of Marbles":2,"InkBottle":1,"Ring of the Snake":0}],"InkBottle":[3],"Ring of the Snake":[10]},"card_choices":[{"not_picked":["Backflip","Acrobatics"],"picked":"Sucker Punch","floor":1},{"not_picked":["Noxious Fumes","Dash"],"picked":"Footwork","floor":7},{"not_picked":["Accuracy","Sucker Punch"],"picked":"Backflip","floor":12},{"not_picked":["Poisoned Stab","Slice"],"picked":"Acrobatics","floor":13}],"player_experience":506748,"relics_obtained":[{"floor":7,"key":"Lantern"},{"floor":9,"key":"Potion Belt"},{"floor":9,"key":"Bag of Marbles"}],"event_choices":[{"cards_removed":["Strike_G"],"damage_healed":0,"gold_gain":0,"player_choice":"Card Removal","damage_taken":7,"max_hp_gain":0,"max_hp_loss":0,"event_name":"Golden Wing","floor":2,"gold_loss":0},{"damage_healed":0,"gold_gain":150,"player_choice":"AGREE","damage_taken":0,"max_hp_gain":0,"max_hp_loss":0,"event_name":"Liars Game","floor":3,"gold_loss":0,"cards_obtained":["Doubt"]},{"damage_healed":0,"gold_gain":0,"player_choice":"Box","damage_taken":0,"relics_obtained":["Matryoshka"],"max_hp_gain":0,"max_hp_loss":0,"event_name":"Big Fish","floor":4,"gold_loss":0,"cards_obtained":["Regret"]},{"damage_healed":0,"gold_gain":0,"player_choice":"Success","damage_taken":5,"relics_obtained":["InkBottle"],"max_hp_gain":0,"max_hp_loss":0,"event_name":"Scrap Ooze","floor":5,"gold_loss":0}],"is_beta":false,"boss_relics":[],"items_purged_floors":[10],"is_endless":false,"potions_floor_spawned":[7],"killed_by":"Lagavulin","ascension_level":20}}