{"host":"aqym1xxr3lb31d9m","time":1612957845,"event":{"mods":["BaseMod","Block Reminder","Colored Map","Colored Powertips","DeckTracker","Highlight Path","Minty Spire (QoL Compilation)","Quick Restart","Random Character Button","StSLib","SuperFastMode","UnlockEverythingMod"],"gold_per_floor":[19,38,88,106,21,21,36,36,36,66,26,38,38,57,57,133,133,150,165,84,84,95,95,128,128,128,157,77,96,122,37,37,114,114,126,126,140,140,140,165,4,4,4,27,59,70,70,101,101,101,101,101,101,45,79,79],"floor_reached":57,"language":"JPN","playtime":3705,"items_purged":[],"score":2677,"play_id":"a8317969-add8-4944-bc03-a6fcd3ad0b8f","local_time":"20210210205045","is_ascension_mode":true,"campfire_choices":[{"data":"Uppercut","floor":6.0,"key":"SMITH"},{"data":"Uppercut","floor":8.0,"key":"SMITH"},{"data":"Fiend Fire","floor":13.0,"key":"SMITH"},{"data":"True Grit","floor":15.0,"key":"SMITH"},{"floor":23.0,"key":"RECALL"},{"floor":25.0,"key":"REST"},{"floor":32,"key":"REST"},{"floor":42,"key":"REST"},{"floor":49,"key":"REST"},{"floor":53,"key":"REST"}],"circlet_count":0,"master_deck":["AscendersBane","Strike_R","Strike_R","Strike_R","Strike_R","Strike_R","Defend_R","Defend_R","Defend_R","Defend_R","Anger","Headbutt","True Grit+1","Uppercut+1","Uppercut+1","Clothesline","Battle Trance","Fiend Fire+1","Flame Barrier","Barricade","Metallicize","Exhume","Spot Weakness","Shrug It Off+1","Reaper+1","Whirlwind+1","Second Wind+1","Rage","Reaper+1","Spot Weakness+1","Dark Shackles","Mind Blast+1","Sadistic Nature","Sword Boomerang+1","Burning Pact","Feel No Pain+1","Offering"],"relics":["Burning Blood","Pocketwatch","Matryoshka","Torii","Fusion Hammer","Molten Egg 2","Self Forming Clay","Ornamental Fan","Art of War","Red Mask","Incense Burner","SlaversCollar","Magic Flower","Strange Spoon","Blood Vial","Potion Belt","Vajra","Champion Belt","Pear"],"acts_visited":["Exordium","TheCity","TheBeyond","TheEnding"],"potions_floor_usage":[33,33,56,56,56],"damage_taken":[{"damage":1.0,"enemies":"2 Louse","floor":1.0,"turns":4.0},{"damage":1.0,"enemies":"Cultist","floor":2.0,"turns":3.0},{"damage":7.0,"enemies":"Small Slimes","floor":4.0,"turns":4.0},{"damage":4.0,"enemies":"2 Fungi Beasts","floor":7.0,"turns":3.0},{"damage":10.0,"enemies":"3 Sentries","floor":10.0,"turns":6.0},{"damage":3.0,"enemies":"Blue Slaver","floor":12.0,"turns":4.0},{"damage":2.0,"enemies":"Looter","floor":14.0,"turns":3.0},{"damage":7.0,"enemies":"Hexaghost","floor":16.0,"turns":8.0},{"damage":2.0,"enemies":"Shell Parasite","floor":18.0,"turns":3.0},{"damage":13.0,"enemies":"2 Thieves","floor":19.0,"turns":4.0},{"damage":3.0,"enemies":"Sentry and Sphere","floor":22.0,"turns":5.0},{"damage":35.0,"enemies":"Slavers","floor":24.0,"turns":7.0},{"damage":1.0,"enemies":"Gremlin Leader","floor":27.0,"turns":4.0},{"damage":12,"enemies":"Shelled Parasite and Fungi","floor":29,"turns":5},{"damage":12,"enemies":"Masked Bandits","floor":30,"turns":4},{"damage":75,"enemies":"Collector","floor":33,"turns":12},{"damage":7,"enemies":"Orb Walker","floor":35,"turns":3},{"damage":2,"enemies":"3 Shapes","floor":37,"turns":8},{"damage":33,"enemies":"Nemesis","floor":40,"turns":11},{"damage":93,"enemies":"Giant Head","floor":45,"turns":8},{"damage":35,"enemies":"Transient","floor":46,"turns":6},{"damage":55,"enemies":"Reptomancer","floor":48,"turns":8},{"damage":78,"enemies":"Donu and Deca","floor":50,"turns":9},{"damage":66,"enemies":"Awakened One","floor":51,"turns":22},{"damage":83,"enemies":"Shield and Spear","floor":55,"turns":18},{"damage":90,"enemies":"The Heart","floor":56,"turns":14}],"seed_played":"-2574142182896962466","potions_obtained":[{"floor":4.0,"key":"Weak Potion"},{"floor":7.0,"key":"Fire Potion"},{"floor":12.0,"key":"GamblersBrew"},{"floor":19.0,"key":"PowerPotion"},{"floor":21.0,"key":"Regen Potion"},{"floor":24.0,"key":"Fire Potion"},{"floor":30,"key":"Explosive Potion"},{"floor":37,"key":"Dexterity Potion"},{"floor":48,"key":"Ancient Potion"}],"is_trial":false,"path_per_floor":["M","M","?","M","$","R","M","R","T","E","$","M","R","M","R","B",null,"M","M","$","?","M","R","E","R","T","E","$","M","?","?","R","B",null,"M","?","M","?","?","E","$","R","T","T","E","M","$","E","R","B","B",null,"R","$","E","B",null],"character_chosen":"IRONCLAD","items_purchased":["Uppercut","Battle Trance","Exhume","Whirlwind+1","Strange Spoon","PowerPotion"],"campfire_rested":5,"item_purchase_floors":[5,11,20,28,41,54],"current_hp_per_floor":[73,75,68,67,67,67,69,69,69,65,65,68,68,72,72,71,74,75,68,68,68,71,71,57,75,75,75,75,75,75,75,75,39,66,65,65,71,71,61,64,64,71,71,71,50,71,71,71,71,71,71,71,71,71,81,45],"gold":79,"neow_bonus":"ONE_RARE_RELIC","is_daily":false,"chose_seed":false,"campfire_upgraded":4,"win_rate":0.0,"timestamp":1612957845,"path_taken":["M","M","?","?","?","R","M","R","T","E","$","M","R","M","R","BOSS","M","M","$","?","M","R","E","R","T","E","?","M","?","?","R","BOSS","M","?","M","?","?","E","$","R","T","?","E","M","?","E","R","BOSS","BOSS","R","$","E","BOSS"],"items_purchased_type":["Card","Card","Card","Card","Relic","Potion"],"build_version":"2020-12-22","purchased_purges":0,"victory":true,"max_hp_per_floor":[75,75,75,75,75,75,75,75,75,75,75,75,75,75,75,75,75,75,75,75,75,75,75,75,75,75,75,75,75,75,75,75,75,75,75,71,71,71,71,71,71,71,71,71,71,71,71,71,71,71,71,71,71,71,81,81],"card_choices":[{"not_picked":["Anger","Searing Blow","Flex"],"picked":"SKIP","floor":1.0},{"not_picked":["Searing Blow","Flex"],"picked":"Anger","floor":1.0},{"not_picked":["Rupture","True Grit"],"picked":"Headbutt","floor":2.0},{"not_picked":["Sentinel","Clash"],"picked":"True Grit","floor":4.0},{"not_picked":["Reckless Charge","Perfected Strike"],"picked":"Uppercut","floor":7.0},{"not_picked":["Anger","Sentinel"],"picked":"Clothesline","floor":10.0},{"not_picked":["Thunderclap","Sentinel"],"picked":"Fiend Fire","floor":12.0},{"not_picked":["Armaments","Bloodletting"],"picked":"Flame Barrier","floor":14.0},{"not_picked":["Exhume","Double Tap"],"picked":"Barricade","floor":16.0},{"not_picked":["Anger","Warcry","Perfected Strike"],"picked":"SKIP","floor":18.0},{"not_picked":["Rampage","Sword Boomerang"],"picked":"Metallicize","floor":19.0},{"not_picked":["Cleave","Dark Embrace"],"picked":"Spot Weakness","floor":22.0},{"not_picked":["Clothesline+1","Wild Strike+1"],"picked":"Shrug It Off+1","floor":24.0},{"not_picked":["Blood for Blood+1","Iron Wave+1"],"picked":"Reaper+1","floor":27.0},{"not_picked":["Twin Strike+1","Intimidate"],"picked":"Second Wind+1","floor":29},{"not_picked":["Blood for Blood+1","Anger+1"],"picked":"Rage","floor":30},{"not_picked":["Feed+1","Berserk"],"picked":"Reaper+1","floor":33},{"not_picked":["Thunderclap+1","Sword Boomerang+1"],"picked":"Spot Weakness+1","floor":35},{"not_picked":["Twin Strike+1","Iron Wave+1","Ghostly Armor"],"picked":"SKIP","floor":37},{"not_picked":["Transmutation","Bandage Up"],"picked":"Dark Shackles","floor":39},{"not_picked":["Thinking Ahead","Jack Of All Trades"],"picked":"Mind Blast+1","floor":39},{"not_picked":["Secret Technique","Impatience"],"picked":"Sadistic Nature","floor":39},{"not_picked":["Body Slam+1","Cleave+1"],"picked":"Sword Boomerang+1","floor":40},{"not_picked":["Dual Wield","Blood for Blood+1"],"picked":"Burning Pact","floor":45},{"not_picked":["Perfected Strike+1","Metallicize"],"picked":"Feel No Pain+1","floor":46},{"not_picked":["Perfected Strike+1","Dropkick+1"],"picked":"Offering","floor":48},{"not_picked":["Metallicize","Rampage+1","Dropkick+1"],"picked":"SKIP","floor":55}],"player_experience":4197495,"relics_obtained":[{"floor":9.0,"key":"Matryoshka"},{"floor":10.0,"key":"Torii"},{"floor":24.0,"key":"Molten Egg 2"},{"floor":26.0,"key":"Self Forming Clay"},{"floor":26.0,"key":"Ornamental Fan"},{"floor":27.0,"key":"Art of War"},{"floor":30,"key":"Red Mask"},{"floor":40,"key":"Magic Flower"},{"floor":43,"key":"Blood Vial"},{"floor":44,"key":"Potion Belt"},{"floor":45,"key":"Vajra"},{"floor":48,"key":"Champion Belt"},{"floor":55,"key":"Pear"}],"event_choices":[{"damage_healed":0.0,"max_hp_gain":0.0,"max_hp_loss":0.0,"gold_gain":50.0,"event_name":"FaceTrader","player_choice":"Touch","floor":3.0,"gold_loss":0.0,"damage_taken":7.0},{"damage_healed":0.0,"max_hp_gain":0.0,"max_hp_loss":0.0,"gold_gain":0.0,"event_name":"Lab","player_choice":"Got Potions","floor":21.0,"gold_loss":0.0,"damage_taken":0.0},{"damage_healed":0,"gold_gain":0,"player_choice":"Fought Bandits","damage_taken":0,"max_hp_gain":0,"max_hp_loss":0,"event_name":"Masked Bandits","floor":30,"gold_loss":0},{"damage_healed":0,"gold_gain":0,"player_choice":"Obtained Relic","damage_taken":0,"relics_obtained":["Incense Burner"],"max_hp_gain":0,"max_hp_loss":0,"event_name":"Addict","floor":31,"gold_loss":85},{"damage_healed":0,"gold_gain":0,"player_choice":"Max HP","damage_taken":0,"max_hp_gain":0,"max_hp_loss":4,"event_name":"Winding Halls","floor":36,"gold_loss":0},{"cards_removed":["Bash"],"damage_healed":0,"gold_gain":0,"player_choice":"Removed Attack","damage_taken":0,"max_hp_gain":0,"max_hp_loss":0,"event_name":"Falling","floor":38,"gold_loss":0},{"damage_healed":0,"gold_gain":0,"player_choice":"Memory 3","damage_taken":10,"max_hp_gain":0,"max_hp_loss":0,"event_name":"SensoryStone","floor":39,"gold_loss":0}],"is_beta":false,"boss_relics":[{"not_picked":["Runic Cube","Calling Bell"],"picked":"Fusion Hammer"},{"not_picked":["Runic Dome","Mark of Pain"],"picked":"SlaversCollar"}],"items_purged_floors":[],"is_endless":false,"potions_floor_spawned":[4,7,12,19,22,24,30,37,48],"ascension_level":20}}