{"host":"Oniwa","time":1612944788,"event":{"mods":["BaseMod","Colored Map","Colored Powertips","Minty Spire (QoL Compilation)","Relic Stats","Slay the Relics Exporter","SpireBot","StSLib","ojb\u0027s Better Paths Mod","ojb\u0027s Info Mod"],"gold_per_floor":[109,124,11,27,27,27,61,81,81,121,121,138,161,186,186],"floor_reached":14,"language":"JPN","playtime":845,"items_purged":[],"score":224,"play_id":"ca1f1a3a-9d8d-430c-a086-81fcce42696f","local_time":"20210210171308","is_ascension_mode":true,"campfire_choices":[{"data":"Static Discharge","floor":6.0,"key":"SMITH"},{"floor":11.0,"key":"REST"}],"circlet_count":0,"master_deck":["AscendersBane","Strike_B","Strike_B","Strike_B","Strike_B","Defend_B","Defend_B","Defend_B","Defend_B","Zap","Dualcast","Genetic Algorithm","Lockon","FTL","Static Discharge+1","Compile Driver","Coolheaded","Auto Shields","BootSequence"],"relics":["SlaversCollar","Question Card","CeramicFish","Oddly Smooth Stone","Blue Candle","Bronze Scales"],"acts_visited":["Exordium"],"potions_floor_usage":[],"damage_taken":[{"damage":2.0,"enemies":"Cultist","floor":1.0,"turns":4.0},{"damage":0.0,"enemies":"2 Louse","floor":2.0,"turns":2.0},{"damage":7.0,"enemies":"Small Slimes","floor":4.0,"turns":3.0},{"damage":34.0,"enemies":"Gremlin Nob","floor":7.0,"turns":4.0},{"damage":4.0,"enemies":"Blue Slaver","floor":8.0,"turns":3.0},{"damage":4.0,"enemies":"Lagavulin","floor":10.0,"turns":6.0},{"damage":13,"enemies":"Exordium Wildlife","floor":12,"turns":4},{"damage":0,"enemies":"2 Fungi Beasts","floor":13,"turns":5},{"damage":12,"enemies":"3 Sentries","floor":14,"turns":7}],"seed_played":"3325844108429516150","potions_obtained":[{"floor":2.0,"key":"Weak Potion"},{"floor":4.0,"key":"Energy Potion"},{"floor":7.0,"key":"Swift Potion"},{"floor":8.0,"key":"BlessingOfTheForge"},{"floor":13,"key":"PotionOfCapacity"}],"is_trial":false,"path_per_floor":["M","M","$","M","T","R","E","M","T","E","R","M","M","E"],"character_chosen":"DEFECT","items_purchased":["Lockon","FTL"],"campfire_rested":1,"item_purchase_floors":[3,3],"current_hp_per_floor":[62,62,62,55,55,55,21,17,17,13,34,21,21,9,9],"gold":186,"neow_bonus":"BOSS_RELIC","is_daily":false,"chose_seed":false,"campfire_upgraded":1,"win_rate":0.0,"timestamp":1612944788,"path_taken":["M","M","$","M","?","R","E","M","T","E","R","M","M","E"],"items_purchased_type":["Card","Card"],"build_version":"2020-12-18","purchased_purges":0,"victory":false,"max_hp_per_floor":[71,71,71,71,71,71,71,71,71,71,71,71,71,71,71],"relic_stats":{"counters":[9,38],"CeramicFish":36,"Blue Candle":[0],"Bronze Scales":[0],"Question Card":6,"obtain_stats":[{"SlaversCollar":0,"CeramicFish":7,"Blue Candle":10,"Bronze Scales":14,"Oddly Smooth Stone":9,"Cracked Core":0,"Question Card":5},{"SlaversCollar":0,"CeramicFish":4,"Blue Candle":6,"Bronze Scales":9,"Oddly Smooth Stone":5,"Cracked Core":0,"Question Card":3},{"SlaversCollar":0,"CeramicFish":13,"Blue Candle":22,"Bronze Scales":38,"Oddly Smooth Stone":16,"Cracked Core":0,"Question Card":9}]},"card_choices":[{"not_picked":["Turbo","Stack"],"picked":"Genetic Algorithm","floor":1.0},{"not_picked":["Double Energy","White Noise","Capacitor"],"picked":"SKIP","floor":2.0},{"not_picked":["Barrage","Gash"],"picked":"Static Discharge","floor":4.0},{"not_picked":["Leap","White Noise","Turbo"],"picked":"Compile Driver","floor":7.0},{"not_picked":["Gash","Barrage","Hello World"],"picked":"Coolheaded","floor":8.0},{"not_picked":["Recycle","Redo","Scrape"],"picked":"Auto Shields","floor":10.0},{"not_picked":["Blizzard","Streamline","Recycle","Gash"],"picked":"SKIP","floor":12},{"not_picked":["Storm","Gash","Hologram"],"picked":"BootSequence","floor":13}],"player_experience":2700845,"relics_obtained":[{"floor":5.0,"key":"Question Card"},{"floor":7.0,"key":"CeramicFish"},{"floor":9.0,"key":"Oddly Smooth Stone"},{"floor":10.0,"key":"Blue Candle"},{"floor":14,"key":"Bronze Scales"}],"event_choices":[],"is_beta":true,"boss_relics":[],"items_purged_floors":[],"is_endless":false,"potions_floor_spawned":[2,4,7,8,13,14],"killed_by":"3 Sentries","ascension_level":20}}