{"host":"m4pe905ae9bldoe7","time":1612950207,"event":{"mods":["BaseMod","Bestiary","Block Reminder","Downfall","Minty Spire (QoL Compilation)","StSLib"],"gold_per_floor":[118,118,118,43,54,88,88,116,116,145,145,220,220,236,236,313,313,332,78,97,114,29,59,59,89,89,109,9,9,36,56,56,132,132,145,145,162,162,162,162,172,222,248,276,289,302,302,40,40,40,40,40,7,42,42,42],"floor_reached":55,"language":"ENG","playtime":2502,"items_purged":["Perfected Strike","Strike_R","Strike_R"],"score":1399,"play_id":"3a7ae9b5-d1a1-487e-9087-bfec4e35e828","local_time":"20210210104327","is_ascension_mode":true,"campfire_choices":[{"data":"Spot Weakness","floor":7.0,"key":"SMITH"},{"data":"Heavy Blade","floor":11.0,"key":"SMITH"},{"floor":15.0,"key":"REST"},{"floor":24.0,"key":"REST"},{"floor":29.0,"key":"REST"},{"data":"Seeing Red","floor":32.0,"key":"SMITH"},{"floor":40.0,"key":"RECALL"},{"floor":47.0,"key":"REST"},{"data":"Offering","floor":49.0,"key":"SMITH"},{"data":"Double Tap","floor":52.0,"key":"SMITH"}],"circlet_count":0,"master_deck":["AscendersBane","Strike_R","Defend_R","Defend_R","Defend_R+1","Defend_R","Bash","Heavy Blade+1","Spot Weakness+1","Heavy Blade+1","Reaper","Thunderclap","Battle Trance","Seeing Red+1","Sword Boomerang","Exhume","Double Tap+1","Reaper","Madness","Madness+1","Offering+1","Feel No Pain"],"relics":["Burning Blood","NeowsBlessing","Singing Bowl","Bag of Marbles","Red Skull","Philosopher\u0027s Stone","Kunai","Pen Nib","Ornamental Fan","Toy Ornithopter","Pantograph","Busted Crown","Shovel","Ancient Tea Set","Paper Frog","War Paint"],"acts_visited":["Exordium","TheCity","TheBeyond","TheEnding"],"potions_floor_usage":[],"damage_taken":[{"damage":0.0,"enemies":"Small Slimes","floor":1.0,"turns":1.0},{"damage":0.0,"enemies":"Jaw Worm","floor":5.0,"turns":1.0},{"damage":0.0,"enemies":"Gremlin Nob","floor":6.0,"turns":1.0},{"damage":40.0,"enemies":"3 Sentries","floor":8.0,"turns":7.0},{"damage":23.0,"enemies":"Gremlin Nob","floor":10.0,"turns":4.0},{"damage":1.0,"enemies":"2 Louse","floor":14.0,"turns":2.0},{"damage":38.0,"enemies":"Slime Boss","floor":16.0,"turns":10.0},{"damage":36.0,"enemies":"2 Thieves","floor":18.0,"turns":3.0},{"damage":7.0,"enemies":"Spheric Guardian","floor":20.0,"turns":3.0},{"damage":27.0,"enemies":"Snake Plant","floor":21.0,"turns":2.0},{"damage":35.0,"enemies":"Book of Stabbing","floor":23.0,"turns":3.0},{"damage":66.0,"enemies":"Gremlin Leader","floor":25.0,"turns":5.0},{"damage":34.0,"enemies":"Sentry and Sphere","floor":27.0,"turns":5.0},{"damage":46.0,"enemies":"Slavers","floor":30.0,"turns":4.0},{"damage":30.0,"enemies":"Shelled Parasite and Fungi","floor":31.0,"turns":3.0},{"damage":42.0,"enemies":"Collector","floor":33.0,"turns":6.0},{"damage":0.0,"enemies":"Orb Walker","floor":35.0,"turns":2.0},{"damage":66.0,"enemies":"3 Shapes","floor":37.0,"turns":3.0},{"damage":34.0,"enemies":"Spire Growth","floor":41.0,"turns":4.0},{"damage":87.0,"enemies":"2 Orb Walkers","floor":42.0,"turns":4.0},{"damage":42.0,"enemies":"Reptomancer","floor":44.0,"turns":5.0},{"damage":45.0,"enemies":"Sphere and 2 Shapes","floor":45.0,"turns":4.0},{"damage":40.0,"enemies":"3 Darklings","floor":46.0,"turns":5.0},{"damage":99.0,"enemies":"Time Eater","floor":50.0,"turns":7.0},{"damage":79.0,"enemies":"Shield and Spear","floor":54.0,"turns":7.0},{"damage":95,"enemies":"The Heart","floor":55,"turns":3}],"seed_played":"6701313585768050995","potions_obtained":[{"floor":8.0,"key":"Slimebound:ThreeZeroPotion"},{"floor":10.0,"key":"EssenceOfSteel"},{"floor":14.0,"key":"Energy Potion"},{"floor":21.0,"key":"EssenceOfSteel"},{"floor":25.0,"key":"ColorlessPotion"},{"floor":31.0,"key":"Explosive Potion"},{"floor":37.0,"key":"SneckoOil"},{"floor":41.0,"key":"BlessingOfTheForge"},{"floor":45.0,"key":"PowerPotion"},{"floor":46.0,"key":"LiquidBronze"}],"is_trial":false,"path_per_floor":["M","?","?","?","M","E","R","E","T","E","R","?","?","M","R","B",null,"M","$","M","M","?","E","R","E","T","M","$","R","E","M","R","B",null,"M","?","M","?","?","R","M","?","T","E","M","M","R","$","R","B",null,"R","$","E","B"],"character_chosen":"IRONCLAD","items_purchased":["Battle Trance","Seeing Red","Sword Boomerang","Offering","Feel No Pain"],"campfire_rested":4,"item_purchase_floors":[19,19,19,48,53],"current_hp_per_floor":[74,74,74,74,75,77,77,43,43,28,28,17,17,24,48,16,65,51,51,52,37,37,24,49,52,52,31,31,57,61,71,71,89,89,91,86,92,75,75,75,49,24,24,71,53,66,96,96,96,24,83,83,83,40,0,0],"gold":42,"neow_bonus":"THREE_ENEMY_KILL","is_daily":false,"chose_seed":false,"campfire_upgraded":5,"win_rate":0.0,"timestamp":1612950207,"path_taken":["M","?","?","?","?","E","R","E","T","E","R","?","?","M","R","BOSS","M","$","M","?","?","E","R","E","T","M","?","R","E","M","R","BOSS","M","?","?","?","?","R","M","?","T","E","M","M","R","?","R","BOSS","R","$","E","BOSS"],"items_purchased_type":["Card","Card","Card","Card","Card"],"build_version":"2020-12-22","purchased_purges":3,"victory":false,"max_hp_per_floor":[75,75,75,75,75,77,77,77,77,79,79,79,79,81,81,81,81,81,81,83,85,85,85,85,87,87,89,89,89,89,89,89,89,89,91,91,93,93,93,93,95,97,97,99,101,103,103,103,103,103,103,103,103,105,105,105],"card_choices":[{"not_picked":["True Grit","Havoc"],"picked":"Heavy Blade","floor":1.0},{"not_picked":["Sentinel","Sword Boomerang"],"picked":"Spot Weakness","floor":5.0},{"not_picked":["Havoc","Carnage","Fire Breathing"],"picked":"Singing Bowl","floor":6.0},{"not_picked":["Iron Wave","Exhume"],"picked":"Heavy Blade","floor":8.0},{"not_picked":["Warcry","True Grit","Clash"],"picked":"Singing Bowl","floor":10.0},{"not_picked":["Iron Wave","Reckless Charge","Headbutt"],"picked":"Singing Bowl","floor":14.0},{"not_picked":["Berserk","Bludgeon"],"picked":"Reaper","floor":16.0},{"not_picked":["Sword Boomerang","Perfected Strike+1"],"picked":"Thunderclap","floor":18.0},{"not_picked":["Armaments","Disarm+1","Clash"],"picked":"Singing Bowl","floor":20.0},{"not_picked":["Clash","Rampage","Entrench"],"picked":"Singing Bowl","floor":21.0},{"not_picked":["Dark Embrace","Carnage"],"picked":"Exhume","floor":23.0},{"not_picked":["Body Slam","Demon Form","Havoc"],"picked":"Singing Bowl","floor":25.0},{"not_picked":["Pommel Strike","Evolve","Armaments"],"picked":"Singing Bowl","floor":27.0},{"not_picked":["Havoc","Anger"],"picked":"Double Tap","floor":30.0},{"not_picked":["Clothesline","Heavy Blade"],"picked":"Inflame+1","floor":31.0},{"not_picked":["Impervious","Immolate"],"picked":"Reaper","floor":33.0},{"not_picked":["Sword Boomerang"],"picked":"Singing Bowl","floor":35.0},{"not_picked":["Shrug It Off"],"picked":"Singing Bowl","floor":37.0},{"not_picked":["Infernal Blade"],"picked":"Singing Bowl","floor":41.0},{"not_picked":["Entrench"],"picked":"Singing Bowl","floor":42.0},{"not_picked":["Evolve"],"picked":"Singing Bowl","floor":44.0},{"not_picked":["Heavy Blade"],"picked":"Singing Bowl","floor":45.0},{"not_picked":["Wild Strike"],"picked":"Singing Bowl","floor":46.0},{"not_picked":["Perfected Strike"],"picked":"Singing Bowl","floor":54.0}],"player_experience":540036,"relics_obtained":[{"floor":6.0,"key":"Singing Bowl"},{"floor":8.0,"key":"Bag of Marbles"},{"floor":10.0,"key":"Red Skull"},{"floor":23.0,"key":"Pen Nib"},{"floor":25.0,"key":"Ornamental Fan"},{"floor":26.0,"key":"Toy Ornithopter"},{"floor":30.0,"key":"Pantograph"},{"floor":42.0,"key":"Shovel"},{"floor":43.0,"key":"Ancient Tea Set"},{"floor":44.0,"key":"Paper Frog"},{"floor":54.0,"key":"War Paint"}],"event_choices":[{"damage_healed":0.0,"max_hp_gain":0.0,"max_hp_loss":0.0,"gold_gain":0.0,"event_name":"Living Wall","player_choice":"Grow","floor":2.0,"gold_loss":0.0,"damage_taken":0.0,"cards_upgraded":["Heavy Blade"]},{"damage_healed":0.0,"max_hp_gain":0.0,"max_hp_loss":0.0,"gold_gain":0.0,"event_name":"Shining Light","player_choice":"Ignored","floor":3.0,"gold_loss":0.0,"damage_taken":0.0},{"cards_removed":["Strike_R"],"damage_healed":0.0,"max_hp_gain":0.0,"max_hp_loss":0.0,"gold_gain":0.0,"event_name":"The Cleric","player_choice":"Card Removal","floor":4.0,"gold_loss":75.0,"damage_taken":0.0},{"damage_healed":0.0,"max_hp_gain":0.0,"max_hp_loss":0.0,"gold_gain":75.0,"event_name":"World of Goop","player_choice":"Gather Gold","floor":12.0,"gold_loss":0.0,"damage_taken":11.0},{"damage_healed":0.0,"max_hp_gain":0.0,"max_hp_loss":0.0,"gold_gain":0.0,"cards_transformed":["Strike_R"],"event_name":"Transmorgrifier","player_choice":"Transformed","floor":13.0,"gold_loss":0.0,"damage_taken":0.0,"cards_obtained":["Perfected Strike"]},{"damage_healed":0.0,"max_hp_gain":0.0,"max_hp_loss":0.0,"gold_gain":0.0,"event_name":"Addict","player_choice":"Obtained Relic","floor":22.0,"gold_loss":85.0,"damage_taken":0.0,"relics_obtained":["Kunai"]},{"damage_healed":0.0,"max_hp_gain":0.0,"max_hp_loss":0.0,"gold_gain":0.0,"event_name":"Designer","player_choice":"Punched","floor":36.0,"gold_loss":0.0,"damage_taken":5.0},{"damage_healed":0.0,"max_hp_gain":0.0,"max_hp_loss":0.0,"gold_gain":0.0,"event_name":"Winding Halls","player_choice":"Embrace Madness","floor":38.0,"gold_loss":0.0,"damage_taken":17.0,"cards_obtained":["Madness","Madness"]},{"cards_removed":["Inflame"],"damage_healed":0.0,"max_hp_gain":0.0,"max_hp_loss":0.0,"gold_gain":0.0,"event_name":"Falling","player_choice":"Removed Power","floor":39.0,"gold_loss":0.0,"damage_taken":0.0},{"damage_healed":0.0,"max_hp_gain":0.0,"max_hp_loss":0.0,"gold_gain":0.0,"event_name":"Mysterious Sphere","player_choice":"Fight","floor":42.0,"gold_loss":0.0,"damage_taken":0.0}],"is_beta":false,"boss_relics":[{"not_picked":["Runic Pyramid","Astrolabe"],"picked":"Philosopher\u0027s Stone"},{"not_picked":["SacredBark","Sozu"],"picked":"Busted Crown"}],"items_purged_floors":[19,28,48],"is_endless":false,"potions_floor_spawned":[8,10,14,21,25,31,37,41,45,46],"killed_by":"The Heart","ascension_level":15}}