{"host":"o3n4et6u1y1w2h5j","time":1612932057,"event":{"mods":["AchievementEnabler","BaseMod","Block Reminder","Minty Spire (QoL Compilation)","Rare Cards Sparkle","Relic Stats","StSLib"],"gold_per_floor":[111,123,123,123,137,137,163,53,53,3,3,3,3,18,18,115,115,128,128,128,147,11,45,60,60,60,60,60,73,73,91,91,194,194,205,223,238,238,249,280,280,141,216,56,56,85,85,104,104,104],"floor_reached":51,"language":"ENG","playtime":3169,"items_purged":["Strike_P","Writhe","Strike_P"],"score":809,"play_id":"82ce5dd9-b9cb-4fe6-8a0e-32972ae22b6e","local_time":"20210209204057","is_ascension_mode":true,"campfire_choices":[{"data":"Eruption","floor":6,"key":"SMITH"},{"floor":15,"key":"REST"},{"floor":28,"key":"REST"},{"data":"Pray","floor":30,"key":"SMITH"},{"data":"Judgement","floor":32,"key":"SMITH"},{"data":"Vengeance","floor":41,"key":"SMITH"},{"data":"WreathOfFlame","floor":45,"key":"SMITH"},{"floor":47,"key":"RECALL"},{"data":"Prostrate","floor":49,"key":"SMITH"}],"circlet_count":0,"master_deck":["Strike_P","Defend_P","Defend_P","Defend_P","Defend_P","Eruption+1","Vigilance","Nirvana","WreathOfFlame+1","Judgement+1","EmptyBody","Pray+1","Sanctity","ThirdEye","CutThroughFate+1","DevaForm","Necronomicurse","SandsOfTime+1","WheelKick+1","Wallop+1","Wallop+1","FollowUp+1","Blasphemy","Adaptation+1","Vengeance+1","Crescendo","Prostrate+1","InnerPeace","EmptyFist+1","Ragnarok+1","Worship"],"relics":["HolyWater","Happy Flower","Mercury Hourglass","Ornamental Fan","Molten Egg 2","Snecko Eye","HornCleat","Necronomicon","Ice Cream","Smiling Mask","MealTicket","InkBottle","Toy Ornithopter"],"acts_visited":["Exordium","TheCity","TheBeyond"],"potions_floor_usage":[14,16,39,50],"damage_taken":[{"damage":1,"enemies":"Cultist","floor":1,"turns":4},{"damage":8,"enemies":"2 Louse","floor":2,"turns":3},{"damage":0,"enemies":"Jaw Worm","floor":5,"turns":1},{"damage":59,"enemies":"Lagavulin","floor":7,"turns":9},{"damage":2,"enemies":"Large Slime","floor":14,"turns":6},{"damage":9,"enemies":"The Guardian","floor":16,"turns":16},{"damage":5,"enemies":"2 Thieves","floor":18,"turns":3},{"damage":10,"enemies":"3 Byrds","floor":21,"turns":4},{"damage":29,"enemies":"Slavers","floor":23,"turns":3},{"damage":0,"enemies":"Centurion and Healer","floor":24,"turns":3},{"damage":2,"enemies":"Snake Plant","floor":29,"turns":2},{"damage":0,"enemies":"3 Cultists","floor":31,"turns":4},{"damage":0,"enemies":"Champ","floor":33,"turns":4},{"damage":0,"enemies":"Orb Walker","floor":35,"turns":2},{"damage":8,"enemies":"3 Shapes","floor":36,"turns":2},{"damage":0,"enemies":"3 Darklings","floor":37,"turns":4},{"damage":0,"enemies":"Writhing Mass","floor":39,"turns":2},{"damage":13,"enemies":"Giant Head","floor":40,"turns":5},{"damage":11,"enemies":"Reptomancer","floor":46,"turns":4},{"damage":0,"enemies":"4 Shapes","floor":48,"turns":2},{"damage":18,"enemies":"Donu and Deca","floor":50,"turns":6}],"seed_played":"6668199120483509370","potions_obtained":[{"floor":5,"key":"Weak Potion"},{"floor":14,"key":"SkillPotion"},{"floor":16,"key":"Dexterity Potion"},{"floor":21,"key":"SteroidPotion"},{"floor":23,"key":"FearPotion"},{"floor":27,"key":"Ambrosia"},{"floor":27,"key":"PowerPotion"},{"floor":27,"key":"LiquidMemories"},{"floor":40,"key":"SneckoOil"},{"floor":48,"key":"ColorlessPotion"}],"is_trial":false,"path_per_floor":["M","M","?","?","M","R","E","$","T","$","?","T","?","M","R","B",null,"M","?","?","M","$","E","M","?","T","?","R","M","R","M","R","B",null,"M","M","M","?","M","E","R","$","T","$","R","E","R","M","R","B",null],"character_chosen":"WATCHER","items_purchased":["Sanctity","ThirdEye","WheelKick+1","InnerPeace","EmptyFist+1","Ragnarok+1"],"campfire_rested":2,"item_purchase_floors":[8,10,22,42,42,44],"current_hp_per_floor":[71,63,63,63,63,63,4,4,4,4,4,4,4,2,23,14,72,67,67,51,41,41,12,12,12,12,12,33,31,31,31,31,31,72,72,64,64,64,64,51,51,66,66,68,68,57,57,57,57,44],"gold":104,"neow_bonus":"RANDOM_COMMON_RELIC","is_daily":false,"chose_seed":false,"campfire_upgraded":6,"win_rate":0.0,"timestamp":1612932057,"path_taken":["M","M","?","?","?","R","E","$","T","$","?","?","?","M","R","BOSS","M","?","?","M","$","E","?","?","T","?","R","?","R","?","R","BOSS","M","?","M","?","M","E","R","$","T","?","R","E","R","M","R","BOSS"],"items_purchased_type":["Card","Card","Card","Card","Card","Card"],"build_version":"2020-12-22","purchased_purges":3,"victory":true,"max_hp_per_floor":[72,72,72,72,72,72,72,72,72,72,72,72,72,72,72,72,72,72,72,72,72,72,72,72,72,72,72,72,72,72,72,72,72,72,72,72,72,68,68,68,68,68,68,68,68,68,68,68,68,68],"relic_stats":{"Happy Flower":[29],"counters":[21,88],"Ornamental Fan":[120],"Snecko Eye":[94,112,85,107],"MealTicket":17,"Necronomicon":[29],"Smiling Mask":75,"obtain_stats":[{"Ice Cream":23,"Happy Flower":0,"Smiling Mask":26,"Mercury Hourglass":7,"HornCleat":19,"Ornamental Fan":9,"Snecko Eye":17,"HolyWater":34,"Molten Egg 2":12,"MealTicket":40,"Necronomicon":20,"PureWater":0,"InkBottle":43,"Toy Ornithopter":46},{"Ice Cream":9,"Happy Flower":0,"Smiling Mask":10,"Mercury Hourglass":4,"HornCleat":7,"Ornamental Fan":4,"Snecko Eye":6,"HolyWater":13,"Molten Egg 2":4,"MealTicket":18,"Necronomicon":7,"PureWater":0,"InkBottle":18,"Toy Ornithopter":19},{"Ice Cream":49,"Happy Flower":0,"Smiling Mask":52,"Mercury Hourglass":17,"HornCleat":42,"Ornamental Fan":17,"Snecko Eye":39,"HolyWater":62,"Molten Egg 2":17,"MealTicket":76,"Necronomicon":42,"PureWater":0,"InkBottle":76,"Toy Ornithopter":80}],"InkBottle":[8],"Toy Ornithopter":5,"Mercury Hourglass":[307]},"card_choices":[{"not_picked":["Crescendo","CrushJoints"],"picked":"Nirvana","floor":1},{"not_picked":["WindmillStrike","EmptyFist"],"picked":"WreathOfFlame","floor":2},{"not_picked":["WheelKick","Evaluate"],"picked":"EmptyBody","floor":5},{"not_picked":["BattleHymn","Vengeance"],"picked":"Pray","floor":7},{"not_picked":["JustLucky+1","Crescendo"],"picked":"CutThroughFate+1","floor":14},{"not_picked":["Devotion","Vault"],"picked":"DevaForm","floor":16},{"not_picked":["FlyingSleeves+1","CrushJoints+1","EmptyBody"],"picked":"SKIP","floor":18},{"not_picked":["Weave+1","Indignation"],"picked":"SandsOfTime+1","floor":21},{"not_picked":["Judgement","PathToVictory","WindmillStrike+1"],"picked":"SKIP","floor":23},{"not_picked":["CutThroughFate+1","SashWhip+1"],"picked":"Wallop+1","floor":24},{"not_picked":["EmptyFist+1","Protect","ClearTheMind"],"picked":"SKIP","floor":29},{"not_picked":["BowlingBash+1","Consecrate+1"],"picked":"FollowUp+1","floor":31},{"not_picked":["Brilliance+1","DeusExMachina"],"picked":"Blasphemy","floor":33},{"not_picked":["FearNoEvil+1","Halt"],"picked":"Adaptation+1","floor":35},{"not_picked":["Study","Protect+1"],"picked":"Vengeance","floor":36},{"not_picked":["JustLucky+1","Weave+1"],"picked":"Crescendo","floor":37},{"not_picked":["Adaptation+1","JustLucky+1"],"picked":"Prostrate","floor":39},{"not_picked":["Crescendo+1","FollowUp+1","DeceiveReality"],"picked":"SKIP","floor":40},{"not_picked":["EmptyFist+1","Brilliance+1"],"picked":"Worship","floor":46},{"not_picked":["CarveReality+1","PathToVictory","CrushJoints+1"],"picked":"SKIP","floor":48}],"player_experience":87873,"relics_obtained":[{"floor":7,"key":"Mercury Hourglass"},{"floor":9,"key":"Ornamental Fan"},{"floor":12,"key":"Molten Egg 2"},{"floor":20,"key":"Necronomicon"},{"floor":23,"key":"Ice Cream"},{"floor":26,"key":"Smiling Mask"},{"floor":40,"key":"MealTicket"},{"floor":43,"key":"InkBottle"},{"floor":46,"key":"Toy Ornithopter"}],"event_choices":[{"damage_healed":0,"gold_gain":0,"cards_transformed":["Strike_P"],"player_choice":"Change","damage_taken":0,"max_hp_gain":0,"max_hp_loss":0,"event_name":"Living Wall","floor":3,"gold_loss":0,"cards_obtained":["Judgement"]},{"damage_healed":0,"gold_gain":0,"player_choice":"Bought 0 Potions","damage_taken":0,"max_hp_gain":0,"max_hp_loss":0,"event_name":"The Woman in Blue","floor":4,"gold_loss":0},{"damage_healed":0,"gold_gain":0,"player_choice":"Fled","damage_taken":0,"max_hp_gain":0,"max_hp_loss":0,"event_name":"Scrap Ooze","floor":11,"gold_loss":0},{"damage_healed":0,"gold_gain":0,"player_choice":"Ignored","damage_taken":0,"max_hp_gain":0,"max_hp_loss":0,"event_name":"Shining Light","floor":13,"gold_loss":0},{"damage_healed":0,"gold_gain":0,"player_choice":"Opened","damage_taken":0,"relics_obtained":["HornCleat"],"max_hp_gain":0,"max_hp_loss":0,"event_name":"The Mausoleum","floor":19,"gold_loss":0,"cards_obtained":["Writhe"]},{"damage_healed":0,"gold_gain":0,"player_choice":"Obtained Book","damage_taken":16,"max_hp_gain":0,"max_hp_loss":0,"event_name":"Cursed Tome","floor":20,"gold_loss":0},{"damage_healed":0,"gold_gain":0,"player_choice":"Read","damage_taken":0,"max_hp_gain":0,"max_hp_loss":0,"event_name":"The Library","floor":25,"gold_loss":0,"cards_obtained":["Wallop"]},{"damage_healed":0,"gold_gain":0,"player_choice":"Got Potions","damage_taken":0,"max_hp_gain":0,"max_hp_loss":0,"event_name":"Lab","floor":27,"gold_loss":0},{"damage_healed":0,"gold_gain":0,"player_choice":"Max HP","damage_taken":0,"max_hp_gain":0,"max_hp_loss":4,"event_name":"Winding Halls","floor":38,"gold_loss":0}],"is_beta":false,"boss_relics":[{"not_picked":["Runic Pyramid","Tiny House"],"picked":"Snecko Eye"},{"not_picked":["Black Star","Runic Dome"],"picked":"HolyWater"}],"items_purged_floors":[8,22,42],"is_endless":false,"potions_floor_spawned":[5,14,16,21,23,29,36,40,48],"ascension_level":1}}