{"host":"17xjy7b7ubl548g2","time":1612936674,"event":{"mods":["2.2 Compatiblity","Act Like it!","Aspiration","Astrologer","Bard","BaseMod","Challenge The Spire","ChefMod","Colored Map","Colored Powertips","Conspire","Elementarium","Energized Spire","Gensokyo","GifTheSpireLib","Halation","Hallownest","Hermit","Hubris","Infinite Spire","Jedi Mod","Jorbs\u0027s Wanderer Trilogy","Marisa（霧雨　魔理沙）","Marked Mod","Menagerie","Minty Spire (QoL Compilation)","Permanent Neow","Reliquary","Replay The Spire","Robot Space Explorer","Spicy Shops","Spire Arcade","StSLib","Stuff the Spire","The Blue Laboratory","The Bug Knight","The Construct","The Disciple","The Hayseed","The Hierophant","The Marked","The Runesmith","The Sage","TheFirefly"],"gold_per_floor":[110,128,163,190,210,236,236,43,43,75,88,99,99,24,24,122,122,136,136,147,147,147,180,180,180,180,180,198,210,210,222,222,324,324,335,335,335,347,347,375,375,401,401,415,415,446,460,55,55,55],"floor_reached":51,"language":"ENG","playtime":6137,"items_purged":["astrologer:Strike","astrologer:Strike","astrologer:Strike"],"score":1018,"play_id":"9b9e1e5a-88ba-4122-ab53-c966799e3e2d","local_time":"20210210005754","is_ascension_mode":true,"campfire_choices":[{"floor":7.0,"key":"REST"},{"data":"astrologer:StarOfMisfortune","floor":13.0,"key":"SMITH"},{"data":"astrologer:Strength","floor":15.0,"key":"SMITH"},{"data":"infinitespire:SevenWalls","floor":24.0,"key":"SMITH"},{"data":"astrologer:BlackHole","floor":27,"key":"SMITH"},{"data":"astrologer:Shine","floor":30,"key":"SMITH"},{"data":"astrologer:Eclipse","floor":32,"key":"SMITH"},{"data":"astrologer:TheHierophant","floor":41,"key":"SMITH"},{"data":"astrologer:Trine","floor":45,"key":"SMITH"},{"floor":49,"key":"REST"}],"circlet_count":0,"master_deck":["astrologer:Strike","astrologer:Defend","astrologer:Defend","astrologer:Defend","astrologer:Defend","astrologer:NorthStar+1","astrologer:TheFool","astrologer:Strength+1","astrologer:Conjunction","astrologer:ShootingStar","astrologer:Eclipse","astrologer:SolarFlare","astrologer:Eclipse+1","Sadistic Nature+1","astrologer:StarOfMisfortune+1","astrologer:MeteorShower","astrologer:SpaceDust","astrologer:BlackHole+1","astrologer:Shine+1","infinitespire:SevenWalls+1","astrologer:FrozenStar+1","astrologer:Radiance","astrologer:Trine+1","astrologer:TheHierophant+1","hubris:Fate","astrologer:Opposition+1","astrologer:FadingStar"],"relics":["astrologer:SkyMirror","hubris:TinFlute","Blue Doll","Bag of Preparation","aspiration:HiddenCompartment","reliquary:PurpleTingedLeaf","Busted Crown","hubris:Towel","reliquary:SilkGlove","hubris:CrystalStatue","construct:WeddingRing","halation:PinkSoulGem","Pen Nib","Bag of Marbles","reliquary:Aerogel","infinitespire:EmpoweringShard","aspiration:Lifesprig","ReplayFunnel"],"acts_visited":["Exordium","Hallownest:Greenpath","Hallownest:CityofTears"],"potions_floor_usage":[42,50,50],"damage_taken":[{"damage":1.0,"enemies":"Hallownest:2_Tiktiks_and_1_Crawlid","floor":1.0,"turns":5.0},{"damage":10.0,"enemies":"Hallownest:monsterHuskGuard","floor":2.0,"turns":5.0},{"damage":11.0,"enemies":"conspire:MimicChest","floor":3.0,"turns":6.0},{"damage":0.0,"enemies":"2_ Uuma","floor":5.0,"turns":6.0},{"damage":9.0,"enemies":"Hallownest:eliteCrystalGuardian","floor":6.0,"turns":6.0},{"damage":5.0,"enemies":"Hallownest:eliteMossKnight","floor":10.0,"turns":5.0},{"damage":0.0,"enemies":"Hallownest:Guard_and_Warrior","floor":11.0,"turns":3.0},{"damage":9.0,"enemies":"Hallownest:MossCreep_and_Mosskin","floor":12.0,"turns":4.0},{"damage":13.0,"enemies":"Hallownest:BossBrokenVessel","floor":16.0,"turns":6.0},{"damage":4.0,"enemies":"Hallownest:2_Mistakes","floor":18.0,"turns":4.0},{"damage":8.0,"enemies":"Hallownest:Flukemon_and_Top","floor":20.0,"turns":5.0},{"damage":17.0,"enemies":"Hallownest:eliteSoulWarrior","floor":23.0,"turns":5.0},{"damage":0,"enemies":"Hallownest:2_Husk_Sentries","floor":28,"turns":4},{"damage":0,"enemies":"Hallownest:3_Mistakes","floor":29,"turns":5},{"damage":0,"enemies":"Hallownest:Master_and_Novice","floor":31,"turns":4},{"damage":6,"enemies":"Hallownest:BossMantisLord","floor":33,"turns":7},{"damage":0,"enemies":"Hallownest:3_Siblings","floor":35,"turns":4},{"damage":3,"enemies":"Hallownest:2_Littles","floor":38,"turns":4},{"damage":0,"enemies":"Hallownest:eliteHiveKnight","floor":40,"turns":4},{"damage":0,"enemies":"Nightmare","floor":42,"turns":7},{"damage":0,"enemies":"Hallownest:2_Wandering_and_1_Horned","floor":44,"turns":5},{"damage":0,"enemies":"Hallownest:eliteHiveKnight","floor":46,"turns":2},{"damage":5,"enemies":"Hallownest:2_Soldiers_and_1_Guardian","floor":47,"turns":4},{"damage":41,"enemies":"Hallownest:BossHollowKnight","floor":50,"turns":9}],"seed_played":"7706827334761297762","potions_obtained":[{"floor":2.0,"key":"BlessingOfTheForge"},{"floor":5.0,"key":"blueLaboratory:BottleOfVodka"},{"floor":12.0,"key":"blueLaboratory:FruitPunch"},{"floor":28,"key":"Reflective Coating"},{"floor":31,"key":"blueLaboratory:EnragingPotion"},{"floor":33,"key":"Venom Potion"},{"floor":40,"key":"Energy Potion"},{"floor":46,"key":"PowerPotion"}],"is_trial":false,"path_per_floor":["M","M","?","T","M","E","R","$","T","E","M","M","R","$","R","B",null,"M","?","M","AVR","?","E","R","?","T","R","M","M","R","M","R","B",null,"M","?","?","M","?","E","R","NM","T","M","R","E","M","$","R","B",null],"character_chosen":"ASTROLOGER","items_purchased":["astrologer:Eclipse","Sadistic Nature+1","aspiration:Lifesprig","ReplayFunnel"],"campfire_rested":2,"item_purchase_floors":[8,8,48,48],"current_hp_per_floor":[62,52,41,41,41,32,53,53,53,48,49,41,41,41,41,32,63,60,60,53,53,53,37,37,44,44,44,45,46,46,47,47,42,65,66,66,73,70,52,53,53,54,54,55,55,57,53,53,73,32],"gold":55,"neow_bonus":"UPGRADE_CARD","is_daily":false,"chose_seed":false,"campfire_upgraded":8,"win_rate":0.0,"timestamp":1612936674,"path_taken":["M","M","?","?","M","E","R","$","T","E","M","M","R","?","R","BOSS","M","?","M","AVR","?","E","R","?","T","R","M","?","R","M","R","BOSS","M","?","?","M","?","E","R","NM","T","M","R","E","M","$","R","BOSS"],"items_purchased_type":["Card","Card","Relic","Relic"],"build_version":"2020-12-22","purchased_purges":3,"victory":true,"max_hp_per_floor":[70,70,70,70,70,70,70,70,70,70,70,70,70,70,70,73,73,73,73,73,73,73,73,73,73,73,73,73,73,73,73,73,73,73,73,73,73,73,73,73,73,73,73,73,73,73,73,73,73,73],"card_choices":[{"not_picked":["astrologer:CometStrike","astrologer:StarOfChange"],"picked":"astrologer:Strength","floor":1.0},{"not_picked":["astrologer:Strength","astrologer:TheHermit"],"picked":"astrologer:Conjunction","floor":2.0},{"not_picked":["astrologer:Opposition","astrologer:SpaceDust"],"picked":"astrologer:ShootingStar","floor":3.0},{"not_picked":["astrologer:Still","astrologer:Sunrise"],"picked":"astrologer:Eclipse","floor":5.0},{"not_picked":["astrologer:ReadTheStars","astrologer:Alignment"],"picked":"astrologer:SolarFlare","floor":6.0},{"not_picked":["astrologer:ReadTheStars","astrologer:Novile"],"picked":"astrologer:StarOfMisfortune","floor":10.0},{"not_picked":["astrologer:Moonlight","astrologer:Eclipse"],"picked":"astrologer:MeteorShower","floor":11.0},{"not_picked":["astrologer:Strength","astrologer:Eclipse"],"picked":"astrologer:SpaceDust","floor":12.0},{"not_picked":["astrologer:TheMagician","astrologer:HeatDeath"],"picked":"astrologer:BlackHole","floor":16.0},{"not_picked":[],"picked":"astrologer:Shine","floor":18.0},{"not_picked":["astrologer:Prestidigitation"],"picked":"SKIP","floor":20.0},{"not_picked":["astrologer:TheTower"],"picked":"SKIP","floor":23.0},{"not_picked":[],"picked":"astrologer:FrozenStar+1","floor":28},{"not_picked":["astrologer:TheTower"],"picked":"SKIP","floor":29},{"not_picked":[],"picked":"astrologer:Radiance","floor":31},{"not_picked":[],"picked":"astrologer:Trine","floor":33},{"not_picked":[],"picked":"astrologer:TheHierophant","floor":35},{"not_picked":["astrologer:SolarFlare"],"picked":"SKIP","floor":38},{"not_picked":["ReplayTheSpireMod:Black Plague","infinitespire:Execution"],"picked":"hubris:Fate","floor":39},{"not_picked":[],"picked":"astrologer:Opposition+1","floor":40},{"not_picked":["astrologer:Opposition"],"picked":"SKIP","floor":42},{"not_picked":["astrologer:Still+1"],"picked":"SKIP","floor":44},{"not_picked":["astrologer:Premonition"],"picked":"SKIP","floor":46},{"not_picked":[],"picked":"astrologer:FadingStar","floor":47}],"player_experience":2117075,"relics_obtained":[{"floor":3.0,"key":"hubris:TinFlute"},{"floor":4.0,"key":"Blue Doll"},{"floor":6.0,"key":"Bag of Preparation"},{"floor":9.0,"key":"aspiration:HiddenCompartment"},{"floor":10.0,"key":"reliquary:PurpleTingedLeaf"},{"floor":23.0,"key":"reliquary:SilkGlove"},{"floor":26,"key":"hubris:CrystalStatue"},{"floor":40,"key":"Pen Nib"},{"floor":42,"key":"Bag of Marbles"},{"floor":43,"key":"reliquary:Aerogel"},{"floor":46,"key":"infinitespire:EmpoweringShard"}],"event_choices":[],"is_beta":false,"boss_relics":[{"not_picked":["energizedSpire:SpiderWeb","halation:Prosthetics"],"picked":"Busted Crown"},{"not_picked":["conspire:RoyalGoblet","halation:MonkeysPaw"],"picked":"construct:WeddingRing"}],"items_purged_floors":[14,21,48],"is_endless":false,"potions_floor_spawned":[2,5,12,28,31,33,38,40,46],"ascension_level":7}}