{"host":"mw3dmj42qtkbha4b","time":1612962341,"event":{"mods":["BaseMod","Colored Map","Colored Powertips","DeckTracker","Minty Spire (QoL Compilation)","StSLib","SuperFastMode"],"gold_per_floor":[109,109,109,109,126,156,156,185,209,222,232,264,282,294,294,294,294],"floor_reached":16,"language":"KOR","playtime":410,"items_purged":[],"score":294,"play_id":"b85302e7-35fe-43c4-95c0-e2eeabc85a3b","local_time":"20210210220541","is_ascension_mode":true,"campfire_choices":[{"data":"Eruption","floor":7,"key":"SMITH"},{"floor":15,"key":"REST"}],"circlet_count":0,"master_deck":["AscendersBane","Strike_P","Strike_P","Strike_P","Strike_P","Defend_P","Defend_P","Defend_P","Eruption+1","Vigilance"],"relics":["PureWater","NeowsBlessing","PreservedInsect","Pear","Art of War","Question Card"],"acts_visited":["Exordium"],"potions_floor_usage":[8,8,13,13,14,16],"damage_taken":[{"damage":0,"enemies":"Cultist","floor":1,"turns":1},{"damage":0,"enemies":"Small Slimes","floor":5,"turns":1},{"damage":0,"enemies":"Lagavulin","floor":6,"turns":1},{"damage":15,"enemies":"3 Sentries","floor":8,"turns":3},{"damage":1,"enemies":"2 Louse","floor":10,"turns":2},{"damage":29,"enemies":"Blue Slaver","floor":11,"turns":4},{"damage":16,"enemies":"Gremlin Nob","floor":12,"turns":3},{"damage":3,"enemies":"Exordium Wildlife","floor":13,"turns":6},{"damage":1,"enemies":"Exordium Thugs","floor":14,"turns":4},{"damage":43,"enemies":"Slime Boss","floor":16,"turns":6}],"seed_played":"-1514036769891038484","potions_obtained":[{"floor":1,"key":"ColorlessPotion"},{"floor":4,"key":"AttackPotion"},{"floor":4,"key":"Regen Potion"},{"floor":11,"key":"GamblersBrew"},{"floor":12,"key":"Energy Potion"},{"floor":13,"key":"ColorlessPotion"},{"floor":14,"key":"LiquidMemories"}],"is_trial":false,"path_per_floor":["M","$","?","?","M","E","R","E","T","M","M","E","M","M","R","B"],"character_chosen":"WATCHER","items_purchased":[],"campfire_rested":1,"item_purchase_floors":[],"current_hp_per_floor":[61,61,54,54,54,54,54,58,58,57,28,12,9,8,31,0,0],"gold":294,"neow_bonus":"THREE_ENEMY_KILL","is_daily":false,"chose_seed":false,"campfire_upgraded":1,"win_rate":0.0,"timestamp":1612962341,"path_taken":["M","$","?","?","M","E","R","E","T","M","M","E","M","?","R","BOSS"],"items_purchased_type":[],"build_version":"2020-12-22","purchased_purges":0,"victory":false,"max_hp_per_floor":[68,68,68,68,68,68,68,78,78,78,78,78,78,78,78,78,78],"card_choices":[{"not_picked":["InnerPeace","CrushJoints","EmptyFist"],"picked":"SKIP","floor":1},{"not_picked":["EmptyFist","ClearTheMind","FollowUp"],"picked":"SKIP","floor":5},{"not_picked":["Vault","Swivel","Protect"],"picked":"SKIP","floor":6},{"not_picked":["Halt","FollowUp","Prostrate"],"picked":"SKIP","floor":8},{"not_picked":["Crescendo","SandsOfTime","InnerPeace"],"picked":"SKIP","floor":10},{"not_picked":["BowlingBash","EmptyMind","Prostrate"],"picked":"SKIP","floor":11},{"not_picked":["Halt","Alpha","WindmillStrike"],"picked":"SKIP","floor":12},{"not_picked":["Evaluate","WheelKick","JustLucky","ClearTheMind"],"picked":"SKIP","floor":13},{"not_picked":["Meditate","DeceiveReality","EmptyFist","CrushJoints"],"picked":"SKIP","floor":14}],"player_experience":1810584,"relics_obtained":[{"floor":6,"key":"PreservedInsect"},{"floor":8,"key":"Pear"},{"floor":9,"key":"Art of War"},{"floor":12,"key":"Question Card"}],"event_choices":[{"cards_removed":["Defend_P"],"damage_healed":0,"gold_gain":0,"player_choice":"Card Removal","damage_taken":7,"max_hp_gain":0,"max_hp_loss":0,"event_name":"Golden Wing","floor":3,"gold_loss":0},{"damage_healed":0,"gold_gain":0,"player_choice":"Got Potions","damage_taken":0,"max_hp_gain":0,"max_hp_loss":0,"event_name":"Lab","floor":4,"gold_loss":0}],"is_beta":false,"boss_relics":[],"items_purged_floors":[],"is_endless":false,"potions_floor_spawned":[1,11,12,13,14],"killed_by":"Slime Boss","ascension_level":20}}