{"host":"si2ec0wbmfkjihef","time":1612991116,"event":{"mods":["AchievementEnabler","Act Like it!","BaseMod","BetterRewards","Colored Map","Colored Powertips","Energized Spire","Evolution","Gold Saver","Highlight Path","Infinite Spire","Minty Spire (QoL Compilation)","Quick Restart","Reworked Bosses","StSLib","The Jungle"],"gold_per_floor":[588,588,598,303,313,313,176,176,176,176,108,141,141,154,154,257,257,270,283,198,85,118,118,131,131,158,82,116,24,38,54,54,151,151,166,176,176,176],"floor_reached":37,"language":"DEU","playtime":1318,"items_purged":["Barrage","Defend_B","Defend_B"],"score":431,"play_id":"ef0387fc-5eb1-43ba-897e-aefb504a98ea","local_time":"20210210220516","is_ascension_mode":true,"campfire_choices":[{"data":"Storm","floor":6,"key":"SMITH"},{"data":"Capacitor","floor":8,"key":"SMITH"},{"data":"Self Repair","floor":10,"key":"SMITH"},{"data":"Capacitor","floor":15,"key":"SMITH"},{"floor":23,"key":"REST"},{"floor":32,"key":"REST"}],"circlet_count":0,"master_deck":["Barrage","Barrage","Barrage","Leap","Defend_B","Zap+1","Storm+1","Self Repair+1","Leap","Capacitor+1","Self Repair","Ball Lightning","Capacitor+1","Defragment+1","Machine Learning","Cold Snap","Static Discharge","Loop","Electrodynamics"],"relics":["Cracked Core","EVO:Axolotl","Regal Pillow","Singing Bowl","Blood Vial","MawBank","Red Mask","Strawberry","Mercury Hourglass"],"acts_visited":["Exordium","TheCity","TheBeyond"],"potions_floor_usage":[],"damage_taken":[{"damage":0,"enemies":"Jaw Worm","floor":1,"turns":4},{"damage":0,"enemies":"2 Louse","floor":3,"turns":3},{"damage":0,"enemies":"Cultist","floor":5,"turns":3},{"damage":13,"enemies":"Lagavulin","floor":12,"turns":4},{"damage":7,"enemies":"Exordium Wildlife","floor":14,"turns":4},{"damage":16,"enemies":"Slime Boss","floor":16,"turns":6},{"damage":32,"enemies":"3 Byrds","floor":18,"turns":4},{"damage":25,"enemies":"Shell Parasite","floor":19,"turns":4},{"damage":37,"enemies":"Masked Bandits","floor":22,"turns":4},{"damage":11,"enemies":"Chosen and Byrds","floor":24,"turns":4},{"damage":24,"enemies":"Gremlin Leader","floor":28,"turns":4},{"damage":27,"enemies":"Shelled Parasite and Fungi","floor":30,"turns":4},{"damage":31,"enemies":"Snake Plant","floor":31,"turns":3},{"damage":12,"enemies":"bossMod:newChamp","floor":33,"turns":7},{"damage":41,"enemies":"3 Darklings","floor":35,"turns":3},{"damage":31,"enemies":"Orb Walker","floor":36,"turns":3},{"damage":69,"enemies":"2 Orb Walkers","floor":37,"turns":3}],"seed_played":"-3221335233371573923","potions_obtained":[{"floor":1,"key":"EntropicBrew"},{"floor":5,"key":"PowerPotion"},{"floor":22,"key":"FocusPotion"}],"is_trial":false,"path_per_floor":["M","?","M","$","M","R","$","R","T","R","$","E","?","M","R","B",null,"M","M","?","$","?","R","M","AVR","T","$","E","$","M","M","R","B",null,"M","M","?"],"character_chosen":"DEFECT","items_purchased":["Self Repair","Regal Pillow","Capacitor","Self Repair","Machine Learning","Cold Snap","Static Discharge"],"campfire_rested":2,"item_purchase_floors":[4,4,7,11,27,29,29],"current_hp_per_floor":[75,75,75,75,75,75,75,75,75,75,75,75,75,75,75,77,77,64,58,58,58,42,81,82,82,89,89,78,78,70,43,86,93,94,65,48,0,0],"gold":176,"neow_bonus":"REMOVE_CARD","is_daily":false,"chose_seed":false,"campfire_upgraded":4,"win_rate":0.0,"timestamp":1612991116,"path_taken":["M","?","M","$","M","R","$","R","T","R","$","E","?","M","R","BOSS","M","M","?","$","?","R","M","AVR","T","?","E","$","M","M","R","BOSS","M","M","?"],"items_purchased_type":["Card","Relic","Card","Card","Card","Card","Card"],"build_version":"2020-12-22","purchased_purges":3,"victory":false,"max_hp_per_floor":[75,75,75,75,75,75,75,75,75,75,75,75,75,75,75,77,77,79,79,79,79,81,81,83,83,90,90,92,92,92,94,94,94,94,96,98,98,98],"card_choices":[{"not_picked":["Go for the Eyes","Undo"],"picked":"Storm","floor":1},{"not_picked":["Tempest","Gash","Rebound"],"picked":"SKIP","floor":3},{"not_picked":["Rebound","Auto Shields"],"picked":"Leap","floor":5},{"not_picked":["Turbo","Rainbow"],"picked":"Ball Lightning","floor":12},{"not_picked":["Consume","Stack"],"picked":"Capacitor","floor":14},{"not_picked":["Reboot","Core Surge","Biased Cognition"],"picked":"Singing Bowl","floor":16},{"not_picked":["Steam Power","Sweeping Beam","Beam Cell"],"picked":"Singing Bowl","floor":18},{"not_picked":["Conserve Battery","Sweeping Beam"],"picked":"Defragment+1","floor":19},{"not_picked":["Conserve Battery","FTL+1","Turbo"],"picked":"Singing Bowl","floor":22},{"not_picked":["Force Field","Fusion","Rebound"],"picked":"Singing Bowl","floor":24},{"not_picked":["Streamline","Conserve Battery+1","Coolheaded+1"],"picked":"Singing Bowl","floor":28},{"not_picked":["Coolheaded+1","Stack+1"],"picked":"Loop","floor":30},{"not_picked":["Streamline","Barrage+1","Biased Cognition"],"picked":"Singing Bowl","floor":31},{"not_picked":["Reboot","Creative AI"],"picked":"Electrodynamics","floor":33},{"not_picked":["Sweeping Beam","Redo","Compile Driver+1"],"picked":"Singing Bowl","floor":35},{"not_picked":["Stack+1","Barrage+1","Beam Cell"],"picked":"Singing Bowl","floor":36}],"player_experience":105419,"relics_obtained":[{"floor":9,"key":"Singing Bowl"},{"floor":12,"key":"Blood Vial"},{"floor":22,"key":"Red Mask"},{"floor":26,"key":"Strawberry"},{"floor":28,"key":"Mercury Hourglass"}],"event_choices":[{"damage_healed":0,"gold_gain":0,"player_choice":"Obtained Relic","damage_taken":0,"relics_obtained":["MawBank"],"max_hp_gain":0,"max_hp_loss":0,"event_name":"Addict","floor":20,"gold_loss":85},{"damage_healed":0,"gold_gain":0,"player_choice":"Fought Bandits","damage_taken":0,"max_hp_gain":0,"max_hp_loss":0,"event_name":"Masked Bandits","floor":22,"gold_loss":0},{"damage_healed":0,"gold_gain":0,"player_choice":"Fight","damage_taken":0,"max_hp_gain":0,"max_hp_loss":0,"event_name":"Mysterious Sphere","floor":37,"gold_loss":0}],"is_beta":false,"boss_relics":[{"not_picked":["Coffee Dripper","Fusion Hammer","energizedSpire:DeadBattery"]},{"not_picked":["infinitespire:Cupcake","energizedSpire:StickyHand","energizedSpire:NeverEndingSparkler"]}],"items_purged_floors":[4,7,21],"is_endless":false,"potions_floor_spawned":[1,5,12,19,22,31,35],"killed_by":"2 Orb Walkers","ascension_level":1}}