{"host":"sc0o2qwpf9j16a4i","time":1612968072,"event":{"mods":["AchievementEnabler","BaseMod","BetterRewards","Block Reminder","Colored Map","Colored Powertips","Custom Start","Highlight Path","Minty Spire (QoL Compilation)","Relic Stats"],"gold_per_floor":[113,128,53,67,14,46,58,70,108,166,212,12,37,37,37,114,114,126,41,41,51,65,91,91,125,151,151,166,166,166,176,176,176,176],"floor_reached":33,"language":"ENG","playtime":932,"items_purged":[],"score":652,"play_id":"d82abd98-a8ee-480d-8d61-a4f08097a317","local_time":"20210210164112","is_ascension_mode":true,"campfire_choices":[{"data":"Bash","floor":8,"key":"SMITH"},{"floor":15,"key":"REST"},{"data":"Disarm","floor":24,"key":"SMITH"},{"data":"Fiend Fire","floor":27,"key":"SMITH"},{"data":"1","floor":29,"key":"LIFT"},{"data":"2","floor":32,"key":"LIFT"}],"circlet_count":0,"master_deck":["AscendersBane","Strike_R","Strike_R","Strike_R","Strike_R","Strike_R","Defend_R","Defend_R+1","Defend_R","Defend_R","Bash+1","Shrug It Off+1","Wild Strike","Whirlwind+1","Flame Barrier","Fiend Fire+1","Apotheosis","Evolve","Disarm+1","Decay","Shrug It Off+1","Disarm+1","Battle Trance+1","Headbutt","Clothesline"],"relics":["Burning Blood","NeowsBlessing","MawBank","Bronze Scales","Orichalcum","Mercury Hourglass","Meat on the Bone","Vajra","Snecko Eye","Toxic Egg 2","PreservedInsect","Girya","Oddly Smooth Stone","War Paint"],"acts_visited":["Exordium","TheCity"],"potions_floor_usage":[6,16,16,25,33],"damage_taken":[{"damage":0,"enemies":"Cultist","floor":1,"turns":1},{"damage":0,"enemies":"Small Slimes","floor":2,"turns":1},{"damage":0,"enemies":"Jaw Worm","floor":4,"turns":1},{"damage":41,"enemies":"Lagavulin","floor":6,"turns":8},{"damage":8,"enemies":"3 Sentries","floor":11,"turns":5},{"damage":4,"enemies":"Lagavulin","floor":13,"turns":4},{"damage":35,"enemies":"The Guardian","floor":16,"turns":9},{"damage":16,"enemies":"2 Thieves","floor":18,"turns":3},{"damage":16,"enemies":"Shell Parasite","floor":21,"turns":2},{"damage":15,"enemies":"Centurion and Healer","floor":22,"turns":6},{"damage":0,"enemies":"Book of Stabbing","floor":23,"turns":5},{"damage":30,"enemies":"Slavers","floor":25,"turns":4},{"damage":0,"enemies":"Snake Plant","floor":28,"turns":5},{"damage":22,"enemies":"Chosen and Byrds","floor":31,"turns":6},{"damage":7,"enemies":"Champ","floor":33,"turns":15}],"seed_played":"3335456905128454869","potions_obtained":[{"floor":6,"key":"SteroidPotion"},{"floor":13,"key":"Ancient Potion"},{"floor":18,"key":"BlessingOfTheForge"},{"floor":22,"key":"Fire Potion"},{"floor":28,"key":"EssenceOfSteel"}],"is_trial":false,"path_per_floor":["M","M","$","M","$","E","?","R","T","T","E","$","E","?","R","B",null,"M","?","?","M","M","E","R","E","T","R","M","R","?","M","R","B"],"character_chosen":"IRONCLAD","items_purchased":["Whirlwind","AttackPotion","Apotheosis"],"campfire_rested":1,"item_purchase_floors":[3,5,12],"current_hp_per_floor":[74,75,75,75,75,40,40,40,40,40,38,38,40,40,62,45,68,58,58,58,48,51,57,57,45,45,45,51,51,51,47,47,40,40],"gold":176,"neow_bonus":"THREE_ENEMY_KILL","is_daily":false,"chose_seed":false,"campfire_upgraded":3,"win_rate":0.0,"timestamp":1612968072,"path_taken":["M","?","$","M","$","E","?","R","T","?","E","?","E","?","R","BOSS","M","?","?","?","M","E","R","E","T","R","M","R","?","M","R","BOSS"],"items_purchased_type":["Card","Potion","Card"],"build_version":"2020-12-22","purchased_purges":0,"victory":false,"max_hp_per_floor":[75,75,75,75,75,75,75,75,75,75,75,75,75,75,75,75,75,75,75,75,75,75,75,75,75,75,75,75,75,75,75,75,75,75],"relic_stats":{"counters":[15,75],"Bronze Scales":[165],"Snecko Eye":[74,67,82,92],"PreservedInsect":41,"Orichalcum":[150],"War Paint":["Defend_R","Shrug It Off"],"MawBank":72,"obtain_stats":[{"Girya":25,"NeowsBlessing":0,"Vajra":14,"Oddly Smooth Stone":26,"PreservedInsect":23,"Orichalcum":10,"War Paint":30,"MawBank":6,"Burning Blood":0,"Mercury Hourglass":11,"Bronze Scales":9,"Snecko Eye":17,"Toxic Egg 2":19,"Meat on the Bone":13},{"Girya":12,"NeowsBlessing":0,"Vajra":6,"Oddly Smooth Stone":12,"PreservedInsect":11,"Orichalcum":4,"War Paint":13,"MawBank":4,"Burning Blood":0,"Mercury Hourglass":5,"Bronze Scales":4,"Snecko Eye":7,"Toxic Egg 2":8,"Meat on the Bone":6},{"Girya":49,"NeowsBlessing":0,"Vajra":20,"Oddly Smooth Stone":49,"PreservedInsect":45,"Orichalcum":11,"War Paint":54,"MawBank":11,"Burning Blood":0,"Mercury Hourglass":16,"Bronze Scales":11,"Snecko Eye":29,"Toxic Egg 2":32,"Meat on the Bone":20}],"Burning Blood":73,"Mercury Hourglass":[156],"Meat on the Bone":48},"card_choices":[{"not_picked":["Cleave","Flex"],"picked":"Shrug It Off","floor":1},{"not_picked":["Twin Strike","Pommel Strike"],"picked":"Wild Strike","floor":2},{"not_picked":["Havoc","Blood for Blood"],"picked":"Flame Barrier","floor":4},{"not_picked":["Bloodletting","Warcry"],"picked":"Fiend Fire","floor":6},{"not_picked":["Rampage","Sword Boomerang","Perfected Strike"],"picked":"SKIP","floor":11},{"not_picked":["Dropkick","Immolate"],"picked":"Evolve","floor":13},{"not_picked":["Barricade","Double Tap"],"picked":"Offering","floor":16},{"not_picked":["Hemokinesis","Sentinel+1"],"picked":"Disarm","floor":18},{"not_picked":["Flex+1","Thunderclap"],"picked":"Shrug It Off+1","floor":21},{"not_picked":["Pummel","Hemokinesis"],"picked":"Disarm+1","floor":22},{"not_picked":["Hemokinesis","Bloodletting+1"],"picked":"Battle Trance+1","floor":23},{"not_picked":["Rage+1","Havoc+1","Fire Breathing"],"picked":"SKIP","floor":25},{"not_picked":["Twin Strike","Armaments+1"],"picked":"Headbutt","floor":28},{"not_picked":["Heavy Blade","Ghostly Armor+1"],"picked":"Clothesline","floor":31}],"player_experience":1310672,"relics_obtained":[{"floor":6,"key":"MawBank"},{"floor":9,"key":"Bronze Scales"},{"floor":10,"key":"Orichalcum"},{"floor":11,"key":"Mercury Hourglass"},{"floor":13,"key":"Meat on the Bone"},{"floor":23,"key":"PreservedInsect"},{"floor":25,"key":"Girya"},{"floor":26,"key":"Oddly Smooth Stone"}],"event_choices":[{"damage_healed":0,"gold_gain":0,"player_choice":"Grow","damage_taken":0,"max_hp_gain":0,"max_hp_loss":0,"event_name":"Living Wall","floor":7,"gold_loss":0,"cards_upgraded":["Whirlwind"]},{"damage_healed":0,"gold_gain":0,"player_choice":"Searched \u00271\u0027 times","damage_taken":0,"relics_obtained":["Vajra"],"max_hp_gain":0,"max_hp_loss":0,"event_name":"Dead Adventurer","floor":14,"gold_loss":0},{"damage_healed":0,"gold_gain":0,"player_choice":"Obtained Relic","damage_taken":0,"relics_obtained":["Toxic Egg 2"],"max_hp_gain":0,"max_hp_loss":0,"event_name":"Addict","floor":19,"gold_loss":85},{"damage_healed":0,"gold_gain":0,"player_choice":"Cursed","damage_taken":0,"max_hp_gain":0,"max_hp_loss":0,"event_name":"Wheel of Change","floor":20,"gold_loss":0,"cards_obtained":["Decay"]},{"cards_removed":["Offering"],"damage_healed":0,"gold_gain":0,"player_choice":"Gave Card","damage_taken":0,"relics_obtained":["War Paint"],"max_hp_gain":0,"max_hp_loss":0,"event_name":"WeMeetAgain","floor":30,"gold_loss":0}],"is_beta":false,"boss_relics":[{"not_picked":["Ectoplasm","Pandora\u0027s Box"],"picked":"Snecko Eye"}],"items_purged_floors":[],"is_endless":false,"potions_floor_spawned":[6,13,18,22,28],"killed_by":"Champ","ascension_level":20}}