{"host":"knk89g45d3vzr5fm","time":1612972226,"event":{"mods":["2.2 Compatiblity","BaseMod","Downfall","Minty Spire (QoL Compilation)","Relic Stats","Reliquary","Replay The Spire","StSLib","The Marked"],"gold_per_floor":[99,117,129,129,144,144,144,144,163,178,209,209,221,221,231,327,327,227,240,255,255,275,288,288,302,318,352,363,388,101,115,134,234,234,234,246,259,272,272,272,272],"floor_reached":39,"language":"FRA","playtime":5503,"items_purged":["bronze:Strike"],"score":559,"play_id":"ac1f77d3-4497-4cf5-908f-26aedb5e876f","local_time":"20210210165026","is_ascension_mode":true,"campfire_choices":[{"floor":1,"key":"DIG"},{"data":"bronze:Boost","floor":6,"key":"SMITH"},{"data":"bronze:Mutator","floor":18,"key":"SMITH"},{"floor":35,"key":"DIG"}],"circlet_count":0,"master_deck":["bronze:Defend","bronze:Defend","bronze:Defend","bronze:Defend","bronze:Branch","bronze:WildBeam","m_BronzeAgony","m_BronzeSurvivor","bronze:DelayedSlice","bronze:Mutator+1","bronze:FineTuning","bronze:BugBarrage","bronze:FineTuning+1","bronze:TinkerersToolbox","bronze:BuggyMess","bronze:Frontload","bronze:ItsAFeature","bronze:Flail","bronze:Shell+1","bronze:FunctionCard"],"relics":["bronze:BronzeCore","Smiling Mask","ReplayTheSpireMod:Ninjato","reliquary:QuartzCube","sneckomod:SneckoTalon","downfall:HeartBlessingBlue","Eternal Feather","Bronze Scales","War Paint","Lee\u0027s Waffle","Philosopher\u0027s Stone","Mummified Hand"],"acts_visited":["Exordium","TheCity","TheBeyond"],"potions_floor_usage":[10,20,22,26,27,39],"damage_taken":[{"damage":1,"enemies":"Small Slimes","floor":2,"turns":3},{"damage":0,"enemies":"2 Louse","floor":3,"turns":3},{"damage":0,"enemies":"Cultist","floor":5,"turns":3},{"damage":1,"enemies":"Exordium Thugs","floor":9,"turns":5},{"damage":0,"enemies":"Lots of Slimes","floor":10,"turns":2},{"damage":0,"enemies":"3 Sentries","floor":11,"turns":4},{"damage":0,"enemies":"2 Fungi Beasts","floor":13,"turns":3},{"damage":0,"enemies":"3 Louse","floor":15,"turns":3},{"damage":0,"enemies":"SI_SHIV_ARCHETYPE","floor":16,"turns":5},{"damage":0,"enemies":"3 Byrds","floor":19,"turns":5},{"damage":1,"enemies":"Shelled Parasite and Fungi","floor":20,"turns":3},{"damage":5,"enemies":"Sentry and Sphere","floor":22,"turns":6},{"damage":12,"enemies":"Centurion and Healer","floor":23,"turns":9},{"damage":12,"enemies":"Shelled Parasite and Fungi","floor":25,"turns":6},{"damage":2,"enemies":"Sentry and Sphere","floor":26,"turns":6},{"damage":12,"enemies":"Slavers","floor":27,"turns":8},{"damage":0,"enemies":"Snake Plant","floor":28,"turns":3},{"damage":1,"enemies":"Book of Stabbing","floor":29,"turns":4},{"damage":0,"enemies":"downfall:FleeingMerchant","floor":30,"turns":4},{"damage":7,"enemies":"Snecko","floor":31,"turns":5},{"damage":0,"enemies":"Shelled Parasite and Fungi","floor":32,"turns":5},{"damage":2,"enemies":"DF_ARCHETYPE_CLAW","floor":33,"turns":9},{"damage":0,"enemies":"Orb Walker","floor":36,"turns":2},{"damage":4,"enemies":"3 Shapes","floor":37,"turns":9},{"damage":0,"enemies":"Maw","floor":38,"turns":7},{"damage":90,"enemies":"4 Shapes","floor":39,"turns":3}],"seed_played":"2033984197822108877","potions_obtained":[{"floor":5,"key":"Explosive Potion"},{"floor":9,"key":"Guardian:BlockOnCardUsePotion"},{"floor":10,"key":"Weak Potion"},{"floor":15,"key":"bronze:BuildAFunctionPotion"},{"floor":20,"key":"Block Potion"},{"floor":22,"key":"Dexterity Potion"},{"floor":28,"key":"DuplicationPotion"},{"floor":33,"key":"EssenceOfSteel"}],"is_trial":false,"path_per_floor":["R","M","M","?","M","R","T","?","M","M","E","?","M","?","M","B",null,"R","M","M","?","M","M","T","M","M","E","M","E","$","M","M","B",null,"R","M","M","M","M"],"character_chosen":"THE_AUTOMATON","items_purchased":["Lee\u0027s Waffle","bronze:Flail"],"campfire_rested":0,"item_purchase_floors":[30,30],"current_hp_per_floor":[63,62,62,62,62,62,62,50,49,49,49,49,49,49,49,49,63,73,73,72,72,67,55,55,43,41,29,29,28,80,73,73,71,80,80,80,76,76,0,0,0],"gold":272,"neow_bonus":"TRANSFORM_TWO_CARDS","is_daily":false,"chose_seed":false,"campfire_upgraded":2,"win_rate":0.0,"timestamp":1612972226,"path_taken":["R","M","M","?","M","R","T","?","M","M","E","?","M","?","M","BOSS","R","M","M","?","?","M","T","M","M","E","M","E","$","M","M","BOSS","R","M","M","M","M"],"items_purchased_type":["Relic","Card"],"build_version":"2020-12-22","purchased_purges":1,"victory":false,"max_hp_per_floor":[63,63,63,63,63,63,63,63,63,63,63,63,63,63,63,63,63,73,73,73,73,73,73,73,73,73,73,73,73,80,80,80,80,80,80,80,80,80,80,80,80],"relic_stats":{"Lee\u0027s Waffle":52,"counters":[26,125],"Mummified Hand":[17],"Bronze Scales":[152],"Eternal Feather":0,"War Paint":["bronze:FineTuning","bronze:DelayedGuard"],"Smiling Mask":25,"obtain_stats":[{"Lee\u0027s Waffle":30,"bronze:BronzeCore":0,"ReplayTheSpireMod:Ninjato":8,"downfall:HeartBlessingBlue":18,"Mummified Hand":35,"Bronze Scales":27,"Eternal Feather":24,"Philosopher\u0027s Stone":34,"War Paint":29,"Smiling Mask":1,"reliquary:QuartzCube":11,"sneckomod:SneckoTalon":17},{"Lee\u0027s Waffle":19,"bronze:BronzeCore":0,"ReplayTheSpireMod:Ninjato":3,"downfall:HeartBlessingBlue":9,"Mummified Hand":22,"Bronze Scales":16,"Eternal Feather":13,"Philosopher\u0027s Stone":22,"War Paint":18,"Smiling Mask":0,"reliquary:QuartzCube":6,"sneckomod:SneckoTalon":9},{"Lee\u0027s Waffle":85,"bronze:BronzeCore":0,"ReplayTheSpireMod:Ninjato":9,"downfall:HeartBlessingBlue":31,"Mummified Hand":104,"Bronze Scales":74,"Eternal Feather":54,"Philosopher\u0027s Stone":104,"War Paint":81,"Smiling Mask":0,"reliquary:QuartzCube":20,"sneckomod:SneckoTalon":31}]},"card_choices":[{"not_picked":["bronze:BuggyMess","bronze:CloningBeam"],"picked":"bronze:DelayedGuard","floor":2},{"not_picked":["bronze:ForceShield","bronze:Shield"],"picked":"bronze:Iterate","floor":3},{"not_picked":["bronze:OilSpill","bronze:Branch"],"picked":"bronze:Boost","floor":5},{"not_picked":["bronze:Invalidate","bronze:Repulsor"],"picked":"bronze:DelayedSlice","floor":9},{"not_picked":["bronze:Overheat","bronze:Philosophize"],"picked":"bronze:Mutator","floor":10},{"not_picked":["bronze:Invalidate","bronze:DelayedGuard"],"picked":"bronze:FineTuning","floor":11},{"not_picked":["bronze:BuggyMess","bronze:Optimize"],"picked":"bronze:BugBarrage","floor":13},{"not_picked":["bronze:Safeguard","bronze:CutThrough"],"picked":"bronze:FineTuning","floor":15},{"not_picked":["bronze:Format","bronze:CleanCode"],"picked":"bronze:TinkerersToolbox","floor":16},{"not_picked":["bronze:WildBeam","bronze:OilSpill","bronze:CutThrough"],"picked":"SKIP","floor":19},{"not_picked":["bronze:BitShift","bronze:InfiniteBeams","bronze:DelayedGuard"],"picked":"SKIP","floor":20},{"not_picked":["bronze:Branch","bronze:Philosophize","bronze:Turbo"],"picked":"SKIP","floor":22},{"not_picked":["bronze:Overload+1","bronze:ThunderWave"],"picked":"bronze:Frontload","floor":23},{"not_picked":["bronze:Repulsor","bronze:DarkDash","bronze:Safeguard+1"],"picked":"SKIP","floor":25},{"not_picked":["bronze:Branch","bronze:BugBarrage","bronze:Overheat"],"picked":"SKIP","floor":26},{"not_picked":["bronze:WhirlingStrike","bronze:HardenedForm","bronze:ForLoop"],"picked":"SKIP","floor":27},{"not_picked":["bronze:BugBarrage","bronze:Allocate","bronze:CutThrough"],"picked":"SKIP","floor":28},{"not_picked":["bronze:BronzeArmor","bronze:DelayedSlice"],"picked":"bronze:ItsAFeature","floor":29},{"not_picked":["bronze:RecursiveStrike","bronze:DelayedGuard+1","bronze:NullPointer"],"picked":"SKIP","floor":30},{"not_picked":["bronze:Deprecate","bronze:Invalidate+1","bronze:BitShift"],"picked":"SKIP","floor":31},{"not_picked":["bronze:NullPointer","bronze:DelayedSlice"],"picked":"bronze:Shell+1","floor":32},{"not_picked":["bronze:Constructor","bronze:NullPointer","bronze:Separator+1"],"picked":"SKIP","floor":36},{"not_picked":["bronze:CutThrough+1","bronze:Shield","bronze:NullPointer+1"],"picked":"SKIP","floor":37},{"not_picked":["bronze:BugBarrage+1","bronze:MaxOutput"],"picked":"bronze:Hardcode","floor":38}],"player_experience":2091851,"relics_obtained":[{"floor":1,"key":"Smiling Mask"},{"floor":11,"key":"reliquary:QuartzCube"},{"floor":24,"key":"Eternal Feather"},{"floor":27,"key":"Bronze Scales"},{"floor":29,"key":"War Paint"},{"floor":35,"key":"Mummified Hand"}],"event_choices":[{"damage_healed":0,"gold_gain":0,"player_choice":"Success","damage_taken":12,"relics_obtained":["ReplayTheSpireMod:Ninjato"],"max_hp_gain":0,"max_hp_loss":0,"event_name":"Scrap Ooze","floor":8,"gold_loss":0}],"is_beta":false,"boss_relics":[{"not_picked":["Runic Pyramid","Abe\u0027s Treasure"],"picked":"sneckomod:SneckoTalon"},{"not_picked":["Snecko Eye","Honey Jar"],"picked":"Philosopher\u0027s Stone"}],"items_purged_floors":[30],"is_endless":false,"potions_floor_spawned":[5,9,10,15,19,20,22,28,33],"killed_by":"4 Shapes","ascension_level":2}}