{"host":"kdt6w7ix8lwe69i9","time":1612926692,"event":{"mods":["100% Spire Juice","BaseMod","ChefMod","Evolution","Minty Spire (QoL Compilation)","Poor People Problems","Reimu（博丽灵梦）","Robot Space Explorer","Shade Mod","StSLib","The Druid","The Gatherer","TheSurvivalist"],"gold_per_floor":[209,209,209,209,224,224,224,224,249,58,88,88,118,129,129,224,224,209,224,224,224,239,239,3,3,3],"floor_reached":25,"language":"ENG","playtime":3081,"items_purged":["Regret"],"score":197,"play_id":"68167cc2-74b1-4df2-980e-fd1a97ca6e7b","local_time":"20210209221132","is_ascension_mode":false,"campfire_choices":[{"floor":6,"key":"REST"},{"data":"TightArray:ReiMu","floor":8,"key":"SMITH"},{"floor":15,"key":"REST"},{"floor":23,"key":"REST"}],"circlet_count":0,"master_deck":["TightArray:ReiMu","TightArray:ReiMu+1","Strike_Lin:ReiMu+1","Strike_Lin:ReiMu+1","Defend_Lin:ReiMu+1","Defend_Lin:ReiMu+1","Defend_Lin:ReiMu+1","Defend_Lin:ReiMu+1","NB:ReiMu","Stagnation:ReiMu","Mountainwind:ReiMu","MountainWay:ReiMu","ShadowOfCrow2:ReiMu","SpringWay:ReiMu","CleanRite:ReiMu","NineCharacters:ReiMu","TightArray:ReiMu","LovePray:ReiMu","OctopathBindingBorder2:ReiMu","YinYangSign:ReiMu","Intuition:ReiMu"],"relics":["FlyPower:ReiMu","EVO:Axolotl","SkyOrb:ReiMu","Bronze Scales","Membership Card","Omamori","Centennial Puzzle","Juzu Bracelet","DonationBox:ReiMu","Matryoshka"],"acts_visited":["Exordium","TheCity"],"potions_floor_usage":[16,16,16],"damage_taken":[{"damage":13,"enemies":"Jaw Worm","floor":1,"turns":4},{"damage":2,"enemies":"Small Slimes","floor":5,"turns":4},{"damage":39,"enemies":"3 Sentries","floor":11,"turns":10},{"damage":0,"enemies":"2 Louse","floor":14,"turns":3},{"damage":19,"enemies":"Hexaghost","floor":16,"turns":9},{"damage":10,"enemies":"2 Thieves","floor":18,"turns":4},{"damage":9,"enemies":"Shell Parasite","floor":19,"turns":4},{"damage":12,"enemies":"Centurion and Healer","floor":22,"turns":6},{"damage":62,"enemies":"Gremlin Leader","floor":25,"turns":6}],"seed_played":"-5282674725273860090","potions_obtained":[{"floor":5,"key":"FearPotion"},{"floor":11,"key":"SneckoOil"},{"floor":14,"key":"Regen Potion"}],"is_trial":false,"path_per_floor":["M","?","$","?","M","R","T","R","T","$","E","?","?","M","R","B",null,"M","M","?","?","M","R","$","E"],"character_chosen":"REIMU","items_purchased":["Membership Card","Matryoshka","OctopathBindingBorder2:ReiMu","YinYangSign:ReiMu","Intuition:ReiMu"],"campfire_rested":3,"item_purchase_floors":[10,24,24,24,24],"current_hp_per_floor":[52,52,52,52,50,65,65,65,65,65,26,14,14,14,33,29,65,55,46,46,46,34,53,53,0,0],"gold":3,"neow_bonus":"HUNDRED_GOLD","is_daily":false,"chose_seed":false,"campfire_upgraded":1,"win_rate":0.0,"timestamp":1612926692,"path_taken":["M","?","$","?","M","R","?","R","T","$","E","?","?","M","R","BOSS","M","M","?","?","M","R","$","E"],"items_purchased_type":["Relic","Relic","Card","Card","Card"],"build_version":"2020-12-22","purchased_purges":1,"victory":false,"max_hp_per_floor":[65,65,65,65,65,65,65,65,65,65,65,65,65,65,65,65,65,65,65,65,65,65,65,65,65,65],"card_choices":[{"not_picked":["SubcavityInstant:ReiMu","AlertArray:ReiMu"],"picked":"Mountainwind:ReiMu","floor":1},{"not_picked":["Crusade:ReiMu","EmergencyTakeOff:ReiMu"],"picked":"MountainWay:ReiMu","floor":5},{"not_picked":["FantasyMoon:ReiMu","Gathering:ReiMu"],"picked":"ShadowOfCrow2:ReiMu","floor":11},{"not_picked":["Amulet:ReiMu","KamiSacrifice:ReiMu"],"picked":"SpringWay:ReiMu","floor":14},{"not_picked":["YinYang:ReiMu","Shading:ReiMu"],"picked":"CleanRite:ReiMu","floor":16},{"not_picked":["RainPray2:ReiMu","OrbThrow:ReiMu+1"],"picked":"NineCharacters:ReiMu","floor":18},{"not_picked":["WonderfulDomain:ReiMu+1","Gathering:ReiMu"],"picked":"TightArray:ReiMu","floor":19},{"not_picked":["Dreaming2:ReiMu+1","Meditation:ReiMu"],"picked":"LovePray:ReiMu","floor":22}],"player_experience":1353118,"relics_obtained":[{"floor":9,"key":"Bronze Scales"},{"floor":11,"key":"Omamori"}],"event_choices":[{"damage_healed":0,"gold_gain":0,"player_choice":"Ignored","damage_taken":0,"max_hp_gain":0,"max_hp_loss":0,"event_name":"Golden Wing","floor":2,"gold_loss":0},{"damage_healed":0,"gold_gain":0,"player_choice":"Box","damage_taken":0,"relics_obtained":["SkyOrb:ReiMu"],"max_hp_gain":0,"max_hp_loss":0,"event_name":"Big Fish","floor":4,"gold_loss":0,"cards_obtained":["Regret"]},{"damage_healed":0,"gold_gain":0,"player_choice":"Success","damage_taken":12,"relics_obtained":["Centennial Puzzle"],"max_hp_gain":0,"max_hp_loss":0,"event_name":"Scrap Ooze","floor":12,"gold_loss":0},{"damage_healed":0,"gold_gain":30,"player_choice":"Searched \u00272\u0027 times","damage_taken":0,"relics_obtained":["Juzu Bracelet"],"max_hp_gain":0,"max_hp_loss":0,"event_name":"Dead Adventurer","floor":13,"gold_loss":0},{"damage_healed":0,"gold_gain":0,"player_choice":"Simplicity","damage_taken":0,"max_hp_gain":0,"max_hp_loss":0,"event_name":"Back to Basics","floor":20,"gold_loss":0,"cards_upgraded":["Strike_Lin:ReiMu","Strike_Lin:ReiMu","Defend_Lin:ReiMu","Defend_Lin:ReiMu","Defend_Lin:ReiMu","Defend_Lin:ReiMu"]},{"damage_healed":0,"gold_gain":0,"player_choice":"Ignored","damage_taken":0,"max_hp_gain":0,"max_hp_loss":0,"event_name":"Ghosts","floor":21,"gold_loss":0}],"is_beta":false,"boss_relics":[{"not_picked":["Astrolabe","Runic Dome"],"picked":"DonationBox:ReiMu"}],"items_purged_floors":[10],"is_endless":false,"potions_floor_spawned":[5,11,14],"killed_by":"Gremlin Leader","ascension_level":0}}