{"host":"m552uo5jodlktm3e","time":1612997125,"event":{"mods":["BaseMod","Colored Powertips","Downfall","Minty Spire (QoL Compilation)","Quick Restart","StSLib"],"gold_per_floor":[0,0,12,22,42,71,71,171,186,33,48,74,74,92,108,108,108,108],"floor_reached":16,"language":"ENG","playtime":830,"items_purged":[],"score":104,"play_id":"89e37363-99bb-4b8e-b32a-215ec9a240db","local_time":"20210210144525","is_ascension_mode":false,"campfire_choices":[{"data":"Transmutation","floor":1.0,"key":"SMITH"},{"floor":13,"key":"RECALL"}],"circlet_count":0,"master_deck":["champ:Strike","champ:Strike","champ:Strike","champ:Defend","champ:Defend","champ:Defend","champ:Execute","champ:Taunt+1","Transmutation+1","champ:DefensiveShout","champ:DeathBlow","champ:FanOfKnives+1","champ:FancyFootwork","champ:FlashCut","champ:GutPunch","champ:FaceSlap","champ:TripleStrike","champ:RisingSlash","champ:StanceDance"],"relics":["champ:ChampionCrown","Letter Opener","Omamori","MealTicket"],"acts_visited":["Exordium"],"potions_floor_usage":[],"damage_taken":[{"damage":25.0,"enemies":"Small Slimes","floor":3.0,"turns":4.0},{"damage":21.0,"enemies":"Cultist","floor":4.0,"turns":5.0},{"damage":17.0,"enemies":"2 Louse","floor":5.0,"turns":3.0},{"damage":50.0,"enemies":"3 Sentries","floor":6.0,"turns":6.0},{"damage":48.0,"enemies":"downfall:Heads","floor":8.0,"turns":5.0},{"damage":0.0,"enemies":"Exordium Wildlife","floor":9.0,"turns":2.0},{"damage":25.0,"enemies":"downfall:FleeingMerchant","floor":10.0,"turns":4.0},{"damage":22,"enemies":"2 Fungi Beasts","floor":11,"turns":2},{"damage":17,"enemies":"Blue Slaver","floor":14,"turns":2},{"damage":0,"enemies":"Exordium Wildlife","floor":15,"turns":3},{"damage":45,"enemies":"DF_ARCHETYPE_STREAMLINE","floor":16,"turns":4}],"seed_played":"-3163135027725349445","potions_obtained":[{"floor":6.0,"key":"AttackPotion"},{"floor":8.0,"key":"ColorlessPotion"},{"floor":11,"key":"SpeedPotion"}],"is_trial":false,"path_per_floor":["R","?","M","M","M","E","T","?","M","$","M","T","R","M","M","B"],"character_chosen":"THE_CHAMP","items_purchased":["champ:TripleStrike"],"campfire_rested":0,"item_purchase_floors":[10],"current_hp_per_floor":[90,90,85,84,77,67,67,49,49,49,42,42,42,30,30,0,0,0],"gold":108,"neow_bonus":"RANDOM_COLORLESS_2","is_daily":false,"chose_seed":false,"campfire_upgraded":1,"win_rate":0.0,"timestamp":1612997125,"path_taken":["R","?","M","?","M","E","T","?","M","$","M","?","R","M","M","BOSS"],"items_purchased_type":["Card"],"build_version":"2020-12-22","purchased_purges":0,"victory":false,"max_hp_per_floor":[90,90,90,90,90,90,90,90,90,90,90,90,90,90,90,90,90,90],"card_choices":[{"not_picked":["Thinking Ahead","Panache"],"picked":"Transmutation","floor":0.0},{"not_picked":["champ:FanOfKnives","champ:Parry"],"picked":"champ:DefensiveShout","floor":3.0},{"not_picked":["champ:BringItOn","champ:BladeFlurry"],"picked":"champ:DeathBlow","floor":4.0},{"not_picked":["champ:BladeFlurry","champ:BerserkersShout","champ:Circumvent"],"picked":"SKIP","floor":5.0},{"not_picked":["champ:PerfectedStrike","champ:AdrenalArmor"],"picked":"champ:FanOfKnives","floor":6.0},{"not_picked":["champ:SetATrap","champ:RisingSlash"],"picked":"champ:FlashCut","floor":8.0},{"not_picked":["champ:Shatter","champ:BladeFlurry"],"picked":"champ:GutPunch","floor":9.0},{"not_picked":["champ:Haymaker","champ:ShieldWall"],"picked":"champ:FaceSlap","floor":10.0},{"not_picked":["champ:PreciseThrust","champ:AdrenalArmor","champ:BerserkersShout"],"picked":"SKIP","floor":11},{"not_picked":["champ:FaceSlap","champ:FalseCounter"],"picked":"champ:RisingSlash","floor":14},{"not_picked":["champ:FalseCounter","champ:Shatter"],"picked":"champ:StanceDance","floor":15}],"player_experience":1034523,"relics_obtained":[{"floor":6.0,"key":"Letter Opener"},{"floor":7.0,"key":"Omamori"},{"floor":12,"key":"MealTicket"}],"event_choices":[],"is_beta":false,"boss_relics":[],"items_purged_floors":[],"is_endless":false,"potions_floor_spawned":[6,8,11],"killed_by":"DF_ARCHETYPE_STREAMLINE","ascension_level":0}}