{"host":"w5vfr18i2ft1pzo2","time":1612960506,"event":{"mods":["AchievementEnabler","Act Like it!","Aspiration","BaseMod","Better Debug","Better Third Choice","BetterRewards","Bossed Relics","Colored Map","Colored Powertips","Conspire","Curses Come First","DNKmod","Defuse TimeMaze Blight","Dota2Spire","Elementarium","Energized Spire","Evolution","Force Act Four","Fox Events","Friendly Minions","Gensokyo","GifTheSpireLib","Gold Saver","Halation","Hallownest","Hubris","Hyrulean Relics","Infinite Spire","Jedi Mod","Marisa????????","Minty Spire (QoL Compilation)","MostiFishMod","Poor People Problems","Prisma Mod","Reimu??????","Relic Filter Mod","Reliquary","Remilia??????","Replay The Spire","RumiaBox-????????","SacredBarkPlus","Shop Mod","Small Relic Pack","Spicy Shops","Spikes Relics","Spire Arcade","StS++","StSLib","Stuff the Spire","SuperFastMode","Synergy Search","The Animator","The Blue Laboratory","The Servant 0.9.4","Trackpad","Treasure Hunter","Uncapped","Wandering Minibosses","Yakumo Yukari mod","noobMod","??????REMEMod"],"gold_per_floor":[15436,14953,14953,13818,13818,13849,13862,13897,13924,13940,13940,13940,13959,13984,14042,14119,14119,14130,12498,11371,11386,11386,11386,9636,9636,9686,9686,9702,9731,9747,9727,9727,9800,9800,9817,9842,9867,9916,6818,6845,6864,6897,6897,6927,6927,6939,6952,6983,0,0,0,0,0,0,32,32],"floor_reached":57,"language":"ENG","playtime":2161,"items_purged":["Clumsy","Pain","ThirdEye","Regret","Normality"],"score":3893,"play_id":"2c39be2f-8c9b-4fbb-b1fe-4929c6643fad","local_time":"20210210203506","is_ascension_mode":true,"campfire_choices":[{"floor":12,"key":"RECALL"},{"data":"TH:CursedSword","floor":23,"key":"SMITH"},{"data":"MentalFortress","floor":25,"key":"SMITH"},{"data":"Elementarium:GildedEssence","floor":32,"key":"SMITH"},{"data":"LessonLearned","floor":45,"key":"SMITH"},{"data":"Ragnarok","floor":53,"key":"SMITH"}],"circlet_count":0,"master_deck":["AscendersBane","BowlingBash","CutThroughFate","StSpp:LatentStrike","EmptyFist","ThirdEye","EmptyBody","Eruption","Vigilance","TH:DeckOfManyThings","SandsOfTime+1","BloodyHallows+1","Consecrate","infinitespire:Fortify+1","REME_CRH+1","StSpp:Purify","ForeignInfluence+1","TH:CursedSword+1","Fasting2","TH:BikiniMail","Swivel+1","TH:CursedSword+1","ClearTheMind+1","TH:TreasureMap","Ragnarok+1","TH:CursedSword","MostiFishMod:Pointsdynamics+1","PathToVictory+1","hubris:EnhanceAbility+1","MentalFortress+1","Replay:Cycle+1","Replay:BluntJabs","FollowUp","StSpp:Panic+1","MostiFishMod:ScryFuture+1","REME_Repentance+1","FlurryOfBlows","MostiFishMod:PathToVictory+1","MostiFishMod:ForestofLight+1","Sharp Hide+1","StSpp:LatentStrike","TH:TreasureMap","Infinite Blades+1","StSpp:FiercePoison+1","Flechettes","MostiFishMod:Nomercy","TH:ElvenBoots","Devotion","Weave","Elementarium:GildedEssence+1","TH:TreasureMap","Vault+1","relicPack:ZaWorld+1","MostiFishMod:Speedup","FearNoEvil","LessonLearned+1","WheelKick+1","MostiFishMod:JungleRules+1","Good Instincts+1","LikeWater","WreathOfFlame+1","TalkToTheHand","ReachHeaven","Indignation+1","TH:CursedSword","MostiFishMod:LegendTransform","Replay:Hum+1","TH:ElvenBoots","CutThroughFate","TH:BikiniMail","TH:TreasureMap","MostiFishMod:ScryFuture","Prostrate+1","TalkToTheHand","TH:BikiniMail","StSpp:Purify+1","TH:ElvenBoots","Blasphemy+1"],"relics":["HolyWater","EVO:Axolotl","DaveBox","ice","REME_ComplimentaryCards","Toxic Egg 2","Brimstone","SynthV:TestCard","Gensokyo:NagashiBinaDoll","hubris:BottledRain","StuffTheSpire:SapphireSignet","trackpad:CultistFigurine","Civilization","Gensokyo:LunaticRedEyes","jedi:cryingmask","SnailShell","ZombieArmy","reliquary:FerryPass","Bag of Preparation","Cauldron","Replay:Kaleidoscope","Sundial","StuffTheSpire:Barrel","Pen Nib","Dota2Spire:ArcaneBoots","StSpp:TwinEgg","Dota2Spire:ShivaGuard","Dota2Spire:BlackKingBar","hubris:EmptyBottle","Guide Book","Mirror","SpikesRelics:DaevaFist","halation:LettersToHer","GodSword5","Elementarium:ElementariumTrophy","relicPack:StarArrow","ThornShield","Iron Hammer","SynthV:MejaisSoulstealer","aspiration:FrozenJewel","reliquary:Knoch","Ornamental Fan","Dota2Spire:DrumOfEndurance","halation:Komachan","Dota2Spire:Dagon","Dota2Spire:LotusOrb","trackpad:WondrousWand","reliquary:ExpiredCoupon","wanderingMiniBosses:CarrionFlame","trackpad:SappingStone","Elementarium:GoldenMirage","infinitespire:Lucky Rock"],"acts_visited":["Gensokyo:Gensokyo","Elementarium:Elementarium","TheBeyond","TheEnding"],"potions_floor_usage":[47,47],"damage_taken":[{"damage":13,"enemies":"Gensokyo:Mamizou","floor":0,"turns":8},{"damage":0,"enemies":"Gensokyo:3_Fairies","floor":1,"turns":3},{"damage":0,"enemies":"Gensokyo:Aya","floor":6,"turns":1},{"damage":6,"enemies":"Gensokyo:Python","floor":7,"turns":1},{"damage":8,"enemies":"Gensokyo:Mamizou","floor":8,"turns":1},{"damage":0,"enemies":"Gensokyo:Gryphon","floor":10,"turns":1},{"damage":12,"enemies":"Gensokyo:3_Kodama","floor":13,"turns":2},{"damage":8,"enemies":"Gensokyo:Aya","floor":14,"turns":2},{"damage":15,"enemies":"Gensokyo:Yukari","floor":16,"turns":5},{"damage":0,"enemies":"Elementarium:MUD_AND_TAR_GOLEMS","floor":18,"turns":1},{"damage":0,"enemies":"Elementarium:2_ELEMENTALS","floor":21,"turns":1},{"damage":0,"enemies":"Elementarium:STONE_GOLEMS","floor":28,"turns":1},{"damage":0,"enemies":"Elementarium:ElementalPortal","floor":29,"turns":5},{"damage":0,"enemies":"Elementarium:VOID_CORRUPTION_AND_TAR_GOLEM","floor":30,"turns":2},{"damage":23,"enemies":"Elementarium:PHOENIXES","floor":33,"turns":5},{"damage":16,"enemies":"3 Shapes","floor":35,"turns":2},{"damage":0,"enemies":"Mind Bloom Boss Battle","floor":36,"turns":2},{"damage":0,"enemies":"Giant Head","floor":40,"turns":2},{"damage":0,"enemies":"Orb Walker","floor":41,"turns":1},{"damage":0,"enemies":"Reptomancer","floor":42,"turns":4},{"damage":7,"enemies":"R_Hoarder","floor":44,"turns":7},{"damage":5,"enemies":"Transient","floor":46,"turns":7},{"damage":0,"enemies":"Spire Growth","floor":47,"turns":1},{"damage":8,"enemies":"Reptomancer","floor":48,"turns":4},{"damage":0,"enemies":"Time Eater","floor":50,"turns":4},{"damage":3,"enemies":"Awakened One","floor":51,"turns":4},{"damage":0,"enemies":"Shield and Spear","floor":55,"turns":1},{"damage":23,"enemies":"The Heart","floor":56,"turns":5}],"seed_played":"1407095580822379072","potions_obtained":[{"floor":1,"key":"LiquidBronze"},{"floor":7,"key":"CultistPotion"},{"floor":8,"key":"Elixir"},{"floor":19,"key":"SpeedPotion"},{"floor":19,"key":"conspire:TimeTravelPotion"},{"floor":19,"key":"blueLaboratory:FruitPreserves"},{"floor":19,"key":"LiquidBronze"},{"floor":19,"key":"CultistPotion"},{"floor":46,"key":"blueLaboratory:MidnightOil"},{"floor":47,"key":"Explosive Potion"}],"is_trial":false,"path_per_floor":["M","?","?","$","?","E","M","E","T","M","T","R","M","E","R_BF","B",null,"M","$","$","M","?","R","$","R","T","?","M","E","M","?","R","B",null,"M","?","?","?","$","E","M","E","T","E","R","M","M","E","R_BF","B","B",null,"R","$","E","B",null],"character_chosen":"WATCHER","items_purchased":["hubris:BottledRain","StuffTheSpire:SapphireSignet","trackpad:CultistFigurine","Civilization","REME_CRH+1","Bag of Preparation","Cauldron","Replay:Kaleidoscope","Sundial","hubris:EnhanceAbility","MentalFortress+1","Replay:Cycle+1","Replay:BluntJabs","FollowUp","StuffTheSpire:Barrel","Pen Nib","Dota2Spire:ArcaneBoots","StSpp:TwinEgg","StSpp:Panic+1","MostiFishMod:ScryFuture+1","REME_Repentance+1","FlurryOfBlows","Replay:BluntJabs","Dota2Spire:ShivaGuard","Dota2Spire:BlackKingBar","hubris:EmptyBottle","Guide Book","Mirror","SpikesRelics:DaevaFist","MentalFortress","MostiFishMod:ForestofLight+1","Sharp Hide+1","StSpp:LatentStrike","SynthV:MejaisSoulstealer","aspiration:FrozenJewel","reliquary:Knoch","Ornamental Fan","Dota2Spire:DrumOfEndurance","halation:Komachan","MostiFishMod:JungleRules+1","Good Instincts+1","LikeWater","WreathOfFlame+1","TalkToTheHand","ReachHeaven","Indignation+1"],"campfire_rested":0,"item_purchase_floors":[4,4,4,4,4,19,19,19,19,19,19,19,19,19,20,20,20,20,20,20,20,20,20,24,24,24,24,24,24,24,24,24,24,39,39,39,39,39,39,39,39,39,39,39,39,39],"current_hp_per_floor":[146,146,146,146,146,147,143,138,138,142,142,142,135,132,132,124,174,179,179,179,184,184,184,184,184,184,184,189,196,202,202,202,189,219,209,231,231,155,155,161,167,173,173,172,172,173,179,177,177,195,208,271,271,271,281,276],"gold":32,"neow_bonus":"RANDOM_EVENT","is_daily":false,"chose_seed":false,"campfire_upgraded":5,"win_rate":0.0,"timestamp":1612960506,"path_taken":["M","?","?","$","?","E","M","E","T","M","?","R","M","E","R_BF","BOSS","M","?","$","M","?","R","$","R","T","?","M","E","?","?","R","BOSS","M","?","?","?","$","E","M","E","T","E","R","M","M","E","R_BF","BOSS","BOSS","R","$","E","BOSS"],"items_purchased_type":["Relic","Relic","Relic","Relic","Card","Relic","Relic","Relic","Relic","Card","Card","Card","Card","Card","Relic","Relic","Relic","Relic","Card","Card","Card","Card","Card","Relic","Relic","Relic","Relic","Relic","Relic","Card","Card","Card","Card","Relic","Relic","Relic","Relic","Relic","Relic","Card","Card","Card","Card","Card","Card","Card"],"build_version":"2020-12-22","purchased_purges":5,"victory":true,"max_hp_per_floor":[166,166,166,166,166,167,169,172,172,176,176,176,181,186,186,191,191,196,196,196,201,201,201,201,201,201,201,206,211,216,216,216,221,221,226,231,231,231,231,236,241,246,246,251,251,256,261,266,266,271,276,276,276,276,281,286],"card_choices":[{"not_picked":["TH:TreasureMap"],"picked":"TH:DeckOfManyThings","floor":0},{"not_picked":["SashWhip","BowlingBash"],"picked":"SandsOfTime","floor":0},{"not_picked":["CrushJoints","Worship+1"],"picked":"Consecrate","floor":1},{"not_picked":["infinitespire:Punishment","infinitespire:FinalStrike"],"picked":"infinitespire:Fortify","floor":2},{"not_picked":["EmptyFist","Protect+1","Consecrate","Replay:ManipulateFuture+1"],"picked":"StSpp:Purify","floor":6},{"not_picked":["TH:CopperCoins","TH:PixieDust","TH:ElvenBoots","TH:DeckOfManyThings"],"picked":"SKIP","floor":6},{"not_picked":["Replay:ManipulateFuture+1","CrushJoints","Study","ThirdEye+1"],"picked":"ForeignInfluence+1","floor":7},{"not_picked":["TH:ArmorSpikes","TH:PixieDust","TH:DeckOfManyThings"],"picked":"TH:CursedSword","floor":8},{"not_picked":["StSpp:TimeDodge+1","BattleHymn","REME_EmptyShield+1","Halt+1"],"picked":"Fasting2","floor":8},{"not_picked":["TH:ElvenBoots","TH:CursedSword","TH:ArmorSpikes"],"picked":"TH:BikiniMail","floor":9},{"not_picked":["Replay:ManipulateFuture+1","FlyingSleeves","JustLucky","Prostrate+1"],"picked":"Swivel+1","floor":10},{"not_picked":["TH:EnergyPotion","TH:PixieDust","TH:Mimic"],"picked":"TH:CursedSword","floor":11},{"not_picked":["Meditate+1","StSpp:LatentStrike","Replay:DivineShield+1","Protect+1"],"picked":"ClearTheMind+1","floor":13},{"not_picked":["TH:EnergyPotion","TH:PixieDust","TH:ArmorSpikes"],"picked":"TH:TreasureMap","floor":14},{"not_picked":["ForeignInfluence+1","Replay:Vibes+1","REME_Repentance+1","Conclude"],"picked":"Ragnarok","floor":14},{"not_picked":["TH:CopperCoins","TH:ArmorSpikes","TH:DeckOfManyThings"],"picked":"TH:CursedSword","floor":16},{"not_picked":["Replay:AllIn+1","Alpha+1","REME_EmptyShield+1","Replay:LoomingThreat"],"picked":"MostiFishMod:Pointsdynamics","floor":16},{"not_picked":["Protect+1","FearNoEvil","SashWhip","EmptyFist+1"],"picked":"PathToVictory+1","floor":18},{"not_picked":["InnerPeace+1","EmptyBody+1","StSpp:Chanting","REME_Repentance+1"],"picked":"MostiFishMod:PathToVictory+1","floor":21},{"not_picked":["TH:CopperCoins","TH:ElvenBoots","TH:DeckOfManyThings"],"picked":"TH:TreasureMap","floor":26},{"not_picked":["PathToVictory+1","ForeignInfluence+1","FlurryOfBlows","Evaluate+1"],"picked":"MostiFishMod:Nomercy","floor":28},{"not_picked":["TH:ArmorSpikes","TH:CursedSword","TH:DeckOfManyThings"],"picked":"TH:ElvenBoots","floor":29},{"not_picked":["FlyingSleeves","LikeWater","CrushJoints","MostiFishMod:Clarity+1"],"picked":"Devotion","floor":29},{"not_picked":["Consecrate","REME_Repentance+1","SashWhip","PathToVictory+1"],"picked":"Weave","floor":30},{"not_picked":["TH:Mimic","TH:ElvenBoots","TH:DeckOfManyThings"],"picked":"TH:TreasureMap","floor":33},{"not_picked":["DeusExMachina+1","Replay:LoomingThreat","MostiFishMod:StarWish+1","Establishment"],"picked":"Vault+1","floor":33},{"not_picked":["CutThroughFate+1","MentalFortress+1","Prostrate+1","Replay:BluntJabs+1"],"picked":"MostiFishMod:Speedup","floor":35},{"not_picked":["EmptyBody+1","Protect+1","StSpp:LatentStrike","CutThroughFate"],"picked":"FearNoEvil","floor":36},{"not_picked":["Replay:BluntJabs","Worship+1","Sanctity+1","ForeignInfluence+1"],"picked":"LessonLearned","floor":38},{"not_picked":["Crescendo+1","EmptyFist","StSpp:LatentStrike+1","FlurryOfBlows"],"picked":"WheelKick+1","floor":38},{"not_picked":["TH:EnergyPotion","TH:DeckOfManyThings","TH:PixieDust"],"picked":"TH:CursedSword","floor":40},{"not_picked":["Swivel+1","Pray+1","MostiFishMod:Pointsdynamics","Protect+1"],"picked":"MostiFishMod:LegendTransform","floor":40},{"not_picked":["Consecrate","ClearTheMind+1","EmptyFist","StSpp:Renounce+1"],"picked":"Replay:Hum+1","floor":41},{"not_picked":["TH:DeckOfManyThings","TH:Mimic","TH:CopperCoins"],"picked":"TH:ElvenBoots","floor":42},{"not_picked":["Worship+1","ForeignInfluence+1","StSpp:Renounce+1","MostiFishMod:FlowState+1"],"picked":"CutThroughFate","floor":42},{"not_picked":["TH:DeckOfManyThings","TH:Mimic","TH:ArmorSpikes"],"picked":"TH:BikiniMail","floor":43},{"not_picked":["TH:DeckOfManyThings","TH:PixieDust","TH:EnergyPotion"],"picked":"TH:TreasureMap","floor":44},{"not_picked":["MentalFortress","MostiFishMod:Unraveling+1","CarveReality","PathToVictory+1"],"picked":"MostiFishMod:ScryFuture","floor":44},{"not_picked":["EmptyBody+1","Replay:BluntJabs","REME_Repentance+1","Conclude+1"],"picked":"Prostrate+1","floor":46},{"not_picked":["BowlingBash","ClearTheMind+1","Replay:BluntJabs+1","ThirdEye+1"],"picked":"TalkToTheHand","floor":47},{"not_picked":["TH:CopperCoins","TH:Mimic","TH:DeckOfManyThings"],"picked":"TH:BikiniMail","floor":48},{"not_picked":["Fasting2+1","PathToVictory+1","MostiFishMod:LegendTransform","StSpp:Renounce+1"],"picked":"StSpp:Purify+1","floor":48},{"not_picked":["TH:ArmorSpikes","TH:EnergyPotion","TH:DeckOfManyThings"],"picked":"TH:ElvenBoots","floor":55},{"not_picked":["Replay:ManipulateFuture+1","MostiFishMod:Minus+1","Prostrate+1","BowlingBash+1"],"picked":"Blasphemy+1","floor":55}],"player_experience":505479,"relics_obtained":[{"floor":0,"key":"Toxic Egg 2"},{"floor":1,"key":"SynthV:TestCard"},{"floor":6,"key":"jedi:cryingmask"},{"floor":8,"key":"SnailShell"},{"floor":11,"key":"ZombieArmy"},{"floor":14,"key":"reliquary:FerryPass"},{"floor":26,"key":"halation:LettersToHer"},{"floor":29,"key":"GodSword5"},{"floor":36,"key":"ThornShield"},{"floor":38,"key":"Iron Hammer"},{"floor":40,"key":"Dota2Spire:Dagon"},{"floor":42,"key":"Dota2Spire:LotusOrb"},{"floor":43,"key":"halation:LettersToHer"},{"floor":43,"key":"trackpad:WondrousWand"},{"floor":44,"key":"reliquary:ExpiredCoupon"},{"floor":46,"key":"wanderingMiniBosses:CarrionFlame"},{"floor":48,"key":"trackpad:SappingStone"},{"floor":55,"key":"infinitespire:Lucky Rock"}],"event_choices":[{"damage_healed":0,"gold_gain":0,"player_choice":"Toss","damage_taken":0,"max_hp_gain":0,"max_hp_loss":0,"event_name":"Elementarium:OnrushingOffering","floor":31,"gold_loss":20,"cards_obtained":["Elementarium:GildedEssence"]},{"damage_healed":0,"gold_gain":0,"player_choice":"Fight","damage_taken":0,"max_hp_gain":0,"max_hp_loss":0,"event_name":"MindBloom","floor":36,"gold_loss":0},{"damage_healed":0,"gold_gain":0,"player_choice":"Offer","damage_taken":0,"relics_obtained":["Elementarium:GoldenMirage"],"max_hp_gain":0,"max_hp_loss":0,"event_name":"Elementarium:ChestOfTheGoldenMirage","floor":49,"gold_loss":6983}],"is_beta":false,"boss_relics":[{"not_picked":["reliquary:RedCape","Honey Jar"],"picked":"HolyWater"},{"not_picked":["energizedSpire:SpiderWeb","GreenFoldingFan"],"picked":"relicPack:StarArrow"}],"items_purged_floors":[4,19,19,20,24],"is_endless":false,"potions_floor_spawned":[1,7,8,13,16,21,29,30,33,36,44,46,47,55],"ascension_level":20}}