{"host":"am0cr9xwekqmrere","time":1612923393,"event":{"mods":["AchievementEnabler","Act Like it!","BaseMod","Better Altar","Better Match","Better Note","Better Sensory Stone","Better Skull","Better Third Choice","BetterRewards","Conspire","Downfall","Hubris","Infinite Spire","Minty Spire (QoL Compilation)","Rare Cards Sparkle","Spicy Shops","StSLib","Unceasing Turn Reminder"],"gold_per_floor":[99,115,3,3,0,0,0,12,40,60,60,60,60],"floor_reached":11,"language":"ENG","playtime":338,"items_purged":[],"score":71,"play_id":"98c0bb53-9c8b-4433-a6d6-3dc75ad89c5f","local_time":"20210209201633","is_ascension_mode":false,"campfire_choices":[{"data":"bronze:Replicate","floor":1,"key":"SMITH"},{"floor":6,"key":"REST"}],"circlet_count":0,"master_deck":["bronze:Strike","bronze:Strike","bronze:Strike","bronze:Strike","bronze:Defend","bronze:Defend","bronze:Defend","bronze:Defend","bronze:Replicate+1","bronze:Goto","bronze:WhirlingStrike","bronze:Repulsor","bronze:Overheat","bronze:FineTuning","bronze:ItsAFeature","bronze:Constructor","bronze:BurnOut","bronze:WildBeam"],"relics":["bronze:BronzeCore","Toy Ornithopter","Oddly Smooth Stone","Bronze Scales","infinitespire:Beetle Shell"],"acts_visited":["Exordium"],"potions_floor_usage":[10],"damage_taken":[{"damage":1,"enemies":"2 Louse","floor":2,"turns":3},{"damage":0,"enemies":"downfall:FleeingMerchant","floor":3,"turns":4},{"damage":3,"enemies":"downfall:FleeingMerchant","floor":5,"turns":4},{"damage":0,"enemies":"Cultist","floor":8,"turns":4},{"damage":20,"enemies":"Gremlin Nob","floor":9,"turns":5},{"damage":14,"enemies":"Jaw Worm","floor":10,"turns":4},{"damage":31,"enemies":"Lagavulin","floor":11,"turns":4}],"seed_played":"-4566460558153217719","potions_obtained":[{"floor":2,"key":"SpeedPotion"},{"floor":8,"key":"Swift Potion"}],"is_trial":false,"path_per_floor":["R","M","$","?","$","R","T","M","E","M","E"],"character_chosen":"THE_AUTOMATON","items_purchased":["bronze:Overheat","bronze:FineTuning"],"campfire_rested":1,"item_purchase_floors":[3,3],"current_hp_per_floor":[77,76,76,39,36,59,59,59,39,30,0,0,0],"gold":60,"neow_bonus":"TEN_PERCENT_HP_BONUS","is_daily":false,"chose_seed":false,"campfire_upgraded":1,"win_rate":0.0,"timestamp":1612923393,"path_taken":["R","M","$","?","$","R","T","M","E","M","E"],"items_purchased_type":["Card","Card"],"build_version":"2020-12-22","purchased_purges":0,"victory":false,"max_hp_per_floor":[77,77,77,77,77,77,77,77,77,77,77,77,77],"card_choices":[{"not_picked":["bronze:Separator","bronze:CutThrough"],"picked":"bronze:WhirlingStrike","floor":2},{"not_picked":["bronze:BitShift","bronze:Frontload"],"picked":"bronze:Repulsor","floor":3},{"not_picked":["bronze:Frontload","bronze:Invalidate"],"picked":"bronze:ItsAFeature","floor":5},{"not_picked":["bronze:Backtrace","bronze:FollowUp"],"picked":"bronze:Constructor","floor":8},{"not_picked":["bronze:CutThrough","bronze:Invalidate"],"picked":"bronze:BurnOut","floor":9},{"not_picked":["bronze:Invalidate","bronze:Safeguard"],"picked":"bronze:WildBeam","floor":10}],"player_experience":2754605,"relics_obtained":[{"floor":7,"key":"Bronze Scales"},{"floor":9,"key":"infinitespire:Beetle Shell"}],"event_choices":[{"damage_healed":0,"gold_gain":0,"player_choice":"RE RE ","damage_taken":41,"relics_obtained":["Toy Ornithopter","Oddly Smooth Stone"],"max_hp_gain":0,"max_hp_loss":0,"event_name":"betterSkull:BetterSkull","floor":4,"gold_loss":0,"cards_upgraded":[]}],"is_beta":false,"boss_relics":[],"items_purged_floors":[],"is_endless":false,"potions_floor_spawned":[2,8],"killed_by":"Lagavulin","ascension_level":0}}