{"host":"r4aerl4ckfvw1dw3","time":1612939720,"event":{"mods":["BaseMod","BetterRewards","Minty Spire (QoL Compilation)","Quick Restart","StSLib"],"gold_per_floor":[112,129,139,155,172,172,58,88,142,142,142,142,162,178,178,178,178],"floor_reached":16,"language":"ENG","playtime":741,"items_purged":["Strike_R"],"score":146,"play_id":"65a8a0d8-c012-4287-9b34-bd60d21e5c05","local_time":"20210209224840","is_ascension_mode":true,"campfire_choices":[{"data":"True Grit","floor":6.0,"key":"SMITH"},{"data":"Flame Barrier","floor":10.0,"key":"SMITH"},{"data":"Searing Blow","floor":12.0,"key":"SMITH"},{"data":"Hemokinesis","floor":15.0,"key":"SMITH"}],"circlet_count":0,"master_deck":["Strike_R","Strike_R","Strike_R","Strike_R","Defend_R","Defend_R","Defend_R","Defend_R","Bash","Flame Barrier+1","Heavy Blade","Headbutt","Twin Strike","True Grit+1","Searing Blow+1","Rampage","Power Through","Hemokinesis+1"],"relics":["Burning Blood","Omamori","Regal Pillow"],"acts_visited":["Exordium"],"potions_floor_usage":[16],"damage_taken":[{"damage":4.0,"enemies":"2 Louse","floor":1.0,"turns":4.0},{"damage":6.0,"enemies":"Cultist","floor":2.0,"turns":4.0},{"damage":7.0,"enemies":"Jaw Worm","floor":3.0,"turns":4.0},{"damage":5.0,"enemies":"3 Louse","floor":4.0,"turns":4.0},{"damage":11.0,"enemies":"Large Slime","floor":5.0,"turns":8.0},{"damage":44.0,"enemies":"3 Sentries","floor":8.0,"turns":11.0},{"damage":15.0,"enemies":"Looter","floor":13.0,"turns":4.0},{"damage":2.0,"enemies":"2 Fungi Beasts","floor":14.0,"turns":4.0},{"damage":69,"enemies":"Slime Boss","floor":16,"turns":16}],"seed_played":"-3092606435268079680","potions_obtained":[{"floor":1.0,"key":"BloodPotion"},{"floor":3.0,"key":"CultistPotion"},{"floor":11.0,"key":"FairyPotion"},{"floor":11.0,"key":"PowerPotion"},{"floor":13.0,"key":"Ancient Potion"}],"is_trial":false,"path_per_floor":["M","M","M","M","M","R","$","E","T","R","?","R","M","M","R","B"],"character_chosen":"IRONCLAD","items_purchased":["Searing Blow"],"campfire_rested":0,"item_purchase_floors":[7],"current_hp_per_floor":[74,74,73,74,69,69,69,31,31,31,47,47,38,42,42,0,0],"gold":178,"neow_bonus":"RANDOM_COMMON_RELIC","is_daily":false,"chose_seed":false,"campfire_upgraded":4,"win_rate":0.0,"timestamp":1612939720,"path_taken":["M","M","M","M","M","R","$","E","T","R","?","R","M","M","R","BOSS"],"items_purchased_type":["Card"],"build_version":"2020-12-22","purchased_purges":1,"victory":false,"max_hp_per_floor":[80,80,80,80,80,80,80,80,80,80,80,80,80,80,80,80,80],"card_choices":[{"not_picked":["Rupture","Seeing Red"],"picked":"Flame Barrier","floor":1.0},{"not_picked":["Perfected Strike","Second Wind"],"picked":"Heavy Blade","floor":2.0},{"not_picked":["Warcry","Flex"],"picked":"Headbutt","floor":3.0},{"not_picked":["Warcry","Rage"],"picked":"Twin Strike","floor":4.0},{"not_picked":["Clash","Iron Wave"],"picked":"True Grit","floor":5.0},{"not_picked":["Armaments","Barricade"],"picked":"Rampage","floor":8.0},{"not_picked":["Shrug It Off","Twin Strike"],"picked":"Power Through","floor":13.0},{"not_picked":["Armaments","Reckless Charge"],"picked":"Hemokinesis","floor":14.0}],"player_experience":548665,"relics_obtained":[{"floor":9.0,"key":"Regal Pillow"}],"event_choices":[{"damage_healed":0.0,"max_hp_gain":0.0,"max_hp_loss":0.0,"gold_gain":0.0,"event_name":"Lab","player_choice":"Got Potions","floor":11.0,"gold_loss":0.0,"damage_taken":0.0}],"is_beta":false,"boss_relics":[],"items_purged_floors":[7],"is_endless":false,"potions_floor_spawned":[1,3,13,14],"killed_by":"Slime Boss","ascension_level":8}}