{"host":"c4wbe3youf5363qr","time":1612944498,"event":{"mods":["Act Like it!","BaseMod","Bestiary","Curses Come First","DeckTracker","Energized Spire","Minty Spire (QoL Compilation)","Relic Stats","Reliquary","StSLib","The Marked"],"gold_per_floor":[115,190,207,207,223,256,256,276,352,372,391,418,434,23,23,121,121,137,61,72,83,100,126,126,51,51,51,82,82,92,125,125,220,220,231,45,0,0,15,45,45,60,60,60,93,106,106,106,106,106,106],"floor_reached":50,"language":"ENG","playtime":2056,"items_purged":["Regret"],"score":672,"play_id":"e501f552-f4e9-4bd5-8489-1063fa633eec","local_time":"20210210000818","is_ascension_mode":false,"campfire_choices":[{"floor":7,"key":"REST"},{"floor":15,"key":"REST"},{"floor":27,"key":"REST"},{"floor":29,"key":"REST"},{"data":"Limit Break","floor":32,"key":"SMITH"},{"floor":41,"key":"REST"},{"floor":49,"key":"REST"}],"circlet_count":0,"master_deck":["Strike_R","Strike_R","Strike_R","Strike_R","Defend_R","Defend_R","Defend_R","Defend_R","Bash","Shockwave","Sword Boomerang","Inflame","Iron Wave","Infernal Blade","Headbutt","Iron Wave","Inflame","Twin Strike","Demon Form","Heavy Blade+1","Pummel","Pummel+1","Inflame","Double Tap","Pummel+1","Limit Break+1","Shrug It Off+1","Berserk","CurseOfTheBell","Burning Pact+1","Whirlwind","Cleave+1","Rupture+1","Sword Boomerang"],"relics":["Burning Blood","reliquary:SharkskinSheath","Charon\u0027s Ashes","reliquary:Knoch","reliquary:BallBearing","Dream Catcher","Membership Card","Mango","Toy Ornithopter","energizedSpire:TabascoSauce","reliquary:Aerogel","FossilizedHelix","reliquary:IridiumChain","reliquary:SilkGlove","reliquary:PorcupineQuills","Calling Bell","PreservedInsect","StrikeDummy","Magic Flower","Peace Pipe","Red Mask","Shuriken","InkBottle","Anchor","Ornamental Fan"],"acts_visited":["Exordium","TheCity","TheBeyond"],"potions_floor_usage":[6,22,23,23,31,40,45,45,50,50],"damage_taken":[{"damage":3,"enemies":"Jaw Worm","floor":1,"turns":4},{"damage":9,"enemies":"Small Slimes","floor":3,"turns":5},{"damage":0,"enemies":"2 Louse","floor":5,"turns":3},{"damage":43,"enemies":"3 Sentries","floor":6,"turns":6},{"damage":13,"enemies":"Blue Slaver","floor":8,"turns":4},{"damage":16,"enemies":"Exordium Wildlife","floor":10,"turns":6},{"damage":11,"enemies":"Large Slime","floor":11,"turns":5},{"damage":30,"enemies":"Gremlin Nob","floor":12,"turns":5},{"damage":0,"enemies":"Looter","floor":13,"turns":3},{"damage":36,"enemies":"Slime Boss","floor":16,"turns":8},{"damage":14,"enemies":"Spheric Guardian","floor":18,"turns":4},{"damage":15,"enemies":"Shell Parasite","floor":20,"turns":3},{"damage":9,"enemies":"Snake Plant","floor":21,"turns":4},{"damage":26,"enemies":"Centurion and Healer","floor":22,"turns":4},{"damage":46,"enemies":"Slavers","floor":23,"turns":3},{"damage":52,"enemies":"Gremlin Leader","floor":28,"turns":7},{"damage":0,"enemies":"Cultist and Chosen","floor":30,"turns":3},{"damage":0,"enemies":"Slavers","floor":31,"turns":4},{"damage":26,"enemies":"Collector","floor":33,"turns":5},{"damage":4,"enemies":"3 Shapes","floor":35,"turns":6},{"damage":21,"enemies":"Orb Walker","floor":39,"turns":3},{"damage":66,"enemies":"Nemesis","floor":40,"turns":5},{"damage":28,"enemies":"Maw","floor":42,"turns":6},{"damage":38,"enemies":"Reptomancer","floor":45,"turns":4},{"damage":0,"enemies":"Transient","floor":46,"turns":5},{"damage":54,"enemies":"Awakened One","floor":50,"turns":3}],"seed_played":"-1727370653287842906","potions_obtained":[{"floor":1,"key":"Strength Potion"},{"floor":6,"key":"SpeedPotion"},{"floor":8,"key":"CultistPotion"},{"floor":13,"key":"Swift Potion"},{"floor":22,"key":"Strength Potion"},{"floor":28,"key":"SteroidPotion"},{"floor":31,"key":"BloodPotion"},{"floor":35,"key":"SteroidPotion"},{"floor":42,"key":"SteroidPotion"},{"floor":45,"key":"Ancient Potion"}],"is_trial":false,"path_per_floor":["M","?","M","?","M","E","R","M","T","M","M","E","M","$","R","B",null,"M","$","M","M","M","E","?","?","T","R","E","R","M","E","R","B",null,"M","$","?","$","M","E","R","M","T","?","E","M","?","T","R","B"],"character_chosen":"IRONCLAD","items_purchased":["Membership Card","Mango","Toy Ornithopter","reliquary:Aerogel","Whirlwind","Peace Pipe"],"campfire_rested":6,"item_purchase_floors":[14,14,14,19,36,36],"current_hp_per_floor":[80,69,66,66,72,35,59,52,52,42,37,13,19,33,61,31,94,83,83,71,65,44,5,36,36,36,64,15,43,46,51,51,28,94,94,94,94,94,78,34,62,39,39,39,12,17,17,17,45,0,0],"gold":106,"neow_bonus":"RANDOM_COMMON_RELIC","is_daily":false,"chose_seed":false,"campfire_upgraded":1,"win_rate":0.0,"timestamp":1612944498,"path_taken":["M","?","M","?","M","E","R","M","T","M","M","E","M","$","R","BOSS","M","$","M","M","M","E","?","?","T","R","E","R","M","E","R","BOSS","M","$","?","$","M","E","R","M","T","?","E","M","?","?","R","BOSS"],"items_purchased_type":["Relic","Relic","Relic","Relic","Card","Relic"],"build_version":"2020-12-22","purchased_purges":1,"victory":false,"max_hp_per_floor":[80,80,80,80,80,80,80,80,80,80,80,80,80,94,94,94,94,94,94,94,94,94,94,94,94,94,94,94,94,94,94,94,94,94,94,94,94,94,94,94,94,94,94,94,94,94,94,94,94,94,94],"relic_stats":{"Peace Pipe":0,"Dream Catcher":5,"counters":[26,118],"Shuriken":[4],"Ornamental Fan":[4],"Magic Flower":[21],"Charon\u0027s Ashes":[335],"PreservedInsect":105,"obtain_stats":[{"reliquary:SilkGlove":28,"reliquary:Aerogel":19,"Magic Flower":34,"Mango":14,"Burning Blood":0,"Dream Catcher":12,"energizedSpire:TabascoSauce":17,"Red Mask":37,"InkBottle":43,"reliquary:SharkskinSheath":0,"Charon\u0027s Ashes":4,"PreservedInsect":34,"reliquary:IridiumChain":26,"Calling Bell":34,"Peace Pipe":36,"Anchor":45,"reliquary:PorcupineQuills":31,"Shuriken":40,"Ornamental Fan":48,"reliquary:BallBearing":9,"reliquary:Knoch":6,"Membership Card":14,"StrikeDummy":34,"Toy Ornithopter":14,"FossilizedHelix":23},{"reliquary:SilkGlove":16,"reliquary:Aerogel":11,"Magic Flower":19,"Mango":9,"Burning Blood":0,"Dream Catcher":8,"energizedSpire:TabascoSauce":10,"Red Mask":20,"InkBottle":23,"reliquary:SharkskinSheath":0,"Charon\u0027s Ashes":2,"PreservedInsect":19,"reliquary:IridiumChain":15,"Calling Bell":19,"Peace Pipe":20,"Anchor":24,"reliquary:PorcupineQuills":18,"Shuriken":22,"Ornamental Fan":25,"reliquary:BallBearing":5,"reliquary:Knoch":4,"Membership Card":9,"StrikeDummy":19,"Toy Ornithopter":9,"FossilizedHelix":15},{"reliquary:SilkGlove":74,"reliquary:Aerogel":53,"Magic Flower":86,"Mango":41,"Burning Blood":0,"Dream Catcher":38,"energizedSpire:TabascoSauce":49,"Red Mask":92,"InkBottle":106,"reliquary:SharkskinSheath":0,"Charon\u0027s Ashes":9,"PreservedInsect":86,"reliquary:IridiumChain":67,"Calling Bell":86,"Peace Pipe":92,"Anchor":110,"reliquary:PorcupineQuills":81,"Shuriken":100,"Ornamental Fan":115,"reliquary:BallBearing":22,"reliquary:Knoch":18,"Membership Card":41,"StrikeDummy":86,"Toy Ornithopter":41,"FossilizedHelix":67}],"Burning Blood":113,"Toy Ornithopter":23,"InkBottle":[5]},"card_choices":[{"not_picked":["Seeing Red","Havoc"],"picked":"Shockwave","floor":1},{"not_picked":["Entrench","True Grit"],"picked":"Sword Boomerang","floor":3},{"not_picked":["Thunderclap","Sword Boomerang","Clash"],"picked":"SKIP","floor":5},{"not_picked":["Wild Strike","Bloodletting"],"picked":"Inflame","floor":6},{"not_picked":["Warcry","Flex"],"picked":"Iron Wave","floor":8},{"not_picked":["Bloodletting","Sword Boomerang"],"picked":"Infernal Blade","floor":10},{"not_picked":["Burning Pact","Anger"],"picked":"Headbutt","floor":11},{"not_picked":["Offering","Havoc"],"picked":"Iron Wave","floor":12},{"not_picked":["Shrug It Off","Rage"],"picked":"Inflame","floor":13},{"not_picked":["Flex","Clothesline"],"picked":"Twin Strike","floor":15},{"not_picked":["Juggernaut","Impervious"],"picked":"Demon Form","floor":16},{"not_picked":["Infernal Blade","Iron Wave"],"picked":"Heavy Blade+1","floor":18},{"not_picked":["Wild Strike+1","True Grit","Anger"],"picked":"SKIP","floor":20},{"not_picked":["Sword Boomerang","Pommel Strike+1"],"picked":"Pummel","floor":21},{"not_picked":["Dropkick","Iron Wave+1","Perfected Strike"],"picked":"SKIP","floor":22},{"not_picked":["Thunderclap+1","Cleave+1"],"picked":"Pummel+1","floor":23},{"not_picked":["Twin Strike","Burning Pact"],"picked":"Inflame","floor":27},{"not_picked":["Pommel Strike","Thunderclap"],"picked":"Double Tap","floor":28},{"not_picked":["Pommel Strike","Wild Strike"],"picked":"Pummel+1","floor":29},{"not_picked":["Twin Strike+1","Blood for Blood"],"picked":"Limit Break","floor":30},{"not_picked":["True Grit","Blood for Blood"],"picked":"Shrug It Off+1","floor":31},{"not_picked":["Barricade","Impervious"],"picked":"Berserk","floor":33},{"not_picked":["Sentinel","Thunderclap"],"picked":"Burning Pact+1","floor":35},{"not_picked":["Headbutt","Ghostly Armor+1"],"picked":"Cleave+1","floor":39},{"not_picked":["Thunderclap","Intimidate+1","Headbutt+1"],"picked":"SKIP","floor":40},{"not_picked":["True Grit+1","Rampage+1","Thunderclap+1"],"picked":"SKIP","floor":42},{"not_picked":["Thunderclap","Body Slam","Havoc+1"],"picked":"SKIP","floor":45},{"not_picked":["Heavy Blade","True Grit+1"],"picked":"Rupture+1","floor":46},{"not_picked":["Perfected Strike+1","Pommel Strike"],"picked":"Sword Boomerang","floor":49}],"player_experience":331803,"relics_obtained":[{"floor":6,"key":"reliquary:Knoch"},{"floor":9,"key":"reliquary:BallBearing"},{"floor":12,"key":"Dream Catcher"},{"floor":23,"key":"FossilizedHelix"},{"floor":26,"key":"reliquary:IridiumChain"},{"floor":28,"key":"reliquary:SilkGlove"},{"floor":31,"key":"reliquary:PorcupineQuills"},{"floor":34,"key":"PreservedInsect"},{"floor":34,"key":"StrikeDummy"},{"floor":34,"key":"Magic Flower"},{"floor":40,"key":"Shuriken"},{"floor":43,"key":"InkBottle"},{"floor":45,"key":"Anchor"},{"floor":48,"key":"Ornamental Fan"}],"event_choices":[{"damage_healed":0,"gold_gain":75,"player_choice":"Gather Gold","damage_taken":11,"max_hp_gain":0,"max_hp_loss":0,"event_name":"World of Goop","floor":2,"gold_loss":0},{"damage_healed":0,"gold_gain":0,"player_choice":"Box","damage_taken":0,"relics_obtained":["Charon\u0027s Ashes"],"max_hp_gain":0,"max_hp_loss":0,"event_name":"Big Fish","floor":4,"gold_loss":0,"cards_obtained":["Regret"]},{"damage_healed":31,"gold_gain":0,"player_choice":"Heal","damage_taken":0,"max_hp_gain":0,"max_hp_loss":0,"event_name":"The Library","floor":24,"gold_loss":0},{"cards_removed":["Strike_R"],"damage_healed":0,"gold_gain":0,"player_choice":"Gave Gold","damage_taken":0,"max_hp_gain":0,"max_hp_loss":0,"event_name":"Beggar","floor":25,"gold_loss":75},{"damage_healed":0,"gold_gain":0,"player_choice":"Paid","damage_taken":0,"relics_obtained":["Red Mask"],"max_hp_gain":0,"max_hp_loss":0,"event_name":"Tomb of Lord Red Mask","floor":37,"gold_loss":45},{"damage_healed":0,"gold_gain":0,"player_choice":"Memory 1","damage_taken":0,"max_hp_gain":0,"max_hp_loss":0,"event_name":"SensoryStone","floor":44,"gold_loss":0},{"damage_healed":0,"gold_gain":0,"player_choice":"Ignored","damage_taken":0,"max_hp_gain":0,"max_hp_loss":0,"event_name":"Mysterious Sphere","floor":47,"gold_loss":0}],"is_beta":false,"boss_relics":[{"not_picked":["energizedSpire:DeadBattery","reliquary:WritOfMandamus"],"picked":"energizedSpire:TabascoSauce"},{"not_picked":["reliquary:Ember","energizedSpire:OgreHead"],"picked":"Calling Bell"}],"items_purged_floors":[14],"is_endless":false,"potions_floor_spawned":[1,6,8,13,22,28,31,35,42,45],"killed_by":"Awakened One","ascension_level":0}}