{"host":"4gr5irrdjh39ysed","time":1612974493,"event":{"mods":["AchievementEnabler","BaseMod","Colored Map","Downfall","Hermit","Minty Spire (QoL Compilation)","Random Character Button","StSLib","The Construct","The Cursed","The Disciple","The Hierophant","The Mystic","The Necromancer","The Runesmith"],"gold_per_floor":[114,125,139,164,183,215,215,245,245,277,90,141,186,228,228,332,332,372,372,430,457,26,58,100,176,176,76,76,2,14,69,69,199,199,244,254,93,134,158,158,223,271,271,336,346,19,19,19,19,49,49,49,49,81,111],"floor_reached":56,"language":"ENG","playtime":2713,"items_purged":["Defend_P","Defend_P","Defend_P","Defend_P"],"score":1724,"play_id":"3ece3766-ac1e-4926-b553-bc936fd680ad","local_time":"20210210092813","is_ascension_mode":true,"campfire_choices":[{"floor":7,"key":"RECALL"},{"data":"Omniscience","floor":15,"key":"SMITH"},{"data":"1","floor":28,"key":"LIFT"},{"data":"Wish","floor":32,"key":"SMITH"},{"data":"2","floor":40,"key":"LIFT"},{"data":"3","floor":47,"key":"LIFT"},{"data":"ReachHeaven","floor":49,"key":"SMITH"},{"data":"DeusExMachina","floor":52,"key":"SMITH"}],"circlet_count":0,"master_deck":["Strike_P","Strike_P","Strike_P","Strike_P","Eruption","Vigilance+1","CrushJoints","PathToVictory","Consecrate","Omniscience+1","Establishment","Wish+1","FlurryOfBlows+1","Flash of Steel+1","FearNoEvil","WindmillStrike","FearNoEvil+1","DevaForm+1","WheelKick+1","TalkToTheHand","LessonLearned","DevaForm","ForeignInfluence+1","ReachHeaven+1","Ragnarok+1","ReachHeaven+1","Collect","DeusExMachina+1","SandsOfTime+1","SandsOfTime+1","Ragnarok+1","EmptyFist+1","Master of Strategy+1","Tantrum+1"],"relics":["SacredBark","Tiny Chest","Question Card","Matryoshka","Ancient Tea Set","Gremlin Horn","HornCleat","Whetstone","Philosopher\u0027s Stone","Enchiridion","Red Mask","Art of War","Nunchaku","Ice Cream","Girya","Torii","Molten Egg 2","Yang","construct:WeddingRing","Toxic Egg 2","Kunai","Boot","Bag of Marbles"],"acts_visited":["Exordium","TheCity","TheBeyond","TheEnding"],"potions_floor_usage":[8,10,16,16,24,25,33,35,42,45,50],"damage_taken":[{"damage":12,"enemies":"Cultist","floor":1,"turns":3},{"damage":26,"enemies":"Jaw Worm","floor":2,"turns":3},{"damage":12,"enemies":"Small Slimes","floor":3,"turns":4},{"damage":21,"enemies":"Blue Slaver","floor":5,"turns":3},{"damage":80,"enemies":"3 Sentries","floor":6,"turns":7},{"damage":43,"enemies":"Gremlin Nob","floor":8,"turns":5},{"damage":75,"enemies":"Lagavulin","floor":10,"turns":4},{"damage":49,"enemies":"Gremlin Nob","floor":12,"turns":5},{"damage":59,"enemies":"Exordium Thugs","floor":13,"turns":5},{"damage":0,"enemies":"Lots of Slimes","floor":14,"turns":3},{"damage":0,"enemies":"Slime Boss","floor":16,"turns":3},{"damage":29,"enemies":"Shell Parasite","floor":18,"turns":5},{"damage":47,"enemies":"Masked Bandits","floor":20,"turns":4},{"damage":50,"enemies":"Book of Stabbing","floor":23,"turns":4},{"damage":131,"enemies":"3 Byrds","floor":24,"turns":4},{"damage":36,"enemies":"Slavers","floor":25,"turns":5},{"damage":13,"enemies":"Centurion and Healer","floor":30,"turns":2},{"damage":69,"enemies":"Book of Stabbing","floor":31,"turns":5},{"damage":58,"enemies":"Champ","floor":33,"turns":9},{"damage":70,"enemies":"3 Darklings","floor":35,"turns":4},{"damage":0,"enemies":"3 Shapes","floor":36,"turns":1},{"damage":71,"enemies":"Transient","floor":38,"turns":5},{"damage":59,"enemies":"Reptomancer","floor":41,"turns":4},{"damage":56,"enemies":"Writhing Mass","floor":42,"turns":5},{"damage":100,"enemies":"Nemesis","floor":44,"turns":7},{"damage":35,"enemies":"Maw","floor":45,"turns":6},{"damage":75,"enemies":"Donu and Deca","floor":50,"turns":4},{"damage":109,"enemies":"Shield and Spear","floor":54,"turns":3},{"damage":307,"enemies":"The Heart","floor":55,"turns":10}],"seed_played":"-2445241581402926858","potions_obtained":[{"floor":2,"key":"LiquidMemories"},{"floor":3,"key":"SteroidPotion"},{"floor":6,"key":"Regen Potion"},{"floor":13,"key":"Slimebound:ThreeZeroPotion"},{"floor":14,"key":"StancePotion"},{"floor":20,"key":"construct:ShiftPotion"},{"floor":23,"key":"StancePotion"},{"floor":24,"key":"Fire Potion"},{"floor":31,"key":"Dexterity Potion"},{"floor":33,"key":"SkillPotion"},{"floor":36,"key":"Fire Potion"}],"is_trial":false,"path_per_floor":["M","M","M","T","M","E","R","E","T","E","$","E","M","M","R","B",null,"M","?","?","T","$","E","M","E","T","$","R","$","M","E","R","B",null,"M","M","$","M","T","R","E","M","T","E","M","$","R","$","R","B",null,"R","$","E","B",null],"character_chosen":"WATCHER","items_purchased":["FlurryOfBlows","Flash of Steel","LessonLearned","Ice Cream","Ragnarok+1","SandsOfTime+1","Master of Strategy+1"],"campfire_rested":0,"item_purchase_floors":[11,11,22,22,29,37,46],"current_hp_per_floor":[2053,2027,2015,2015,1994,1914,1914,1905,1905,1830,1830,1781,1722,1722,1722,1722,1985,1956,1940,1893,1893,1893,1843,1712,1676,1676,1676,1676,1676,1663,1594,1594,1536,1938,1868,1868,1868,1797,1797,1797,1738,1682,1682,1582,1547,1547,1547,1547,1547,1472,1922,1922,1922,1813,1506],"gold":111,"neow_bonus":"BOSS_RELIC","is_daily":false,"chose_seed":false,"campfire_upgraded":4,"win_rate":0.0,"timestamp":1612974493,"path_taken":["M","M","M","?","?","E","R","E","T","E","$","E","M","M","R","BOSS","M","?","?","?","?","E","M","E","T","$","R","$","?","E","R","BOSS","M","M","$","?","?","R","E","M","T","E","?","$","R","$","R","BOSS","R","$","E","BOSS"],"items_purchased_type":["Card","Card","Card","Relic","Card","Card","Card"],"build_version":"2020-12-22","purchased_purges":4,"victory":true,"max_hp_per_floor":[2072,2072,2072,2072,2072,2072,2072,2072,2072,2072,2072,2072,2072,2072,2072,2072,2072,2072,2072,2072,2072,2072,2072,2072,2072,2072,2072,2072,2072,2072,2072,2072,2072,2072,2072,2072,2072,2072,2072,2072,2072,2072,2072,2072,2072,2072,2072,2072,2072,2072,2072,2072,2072,2072,2072],"card_choices":[{"not_picked":["Halt","Perseverance"],"picked":"CrushJoints","floor":1},{"not_picked":["ClearTheMind","ThirdEye","Evaluate"],"picked":"SKIP","floor":2},{"not_picked":["Protect","JustLucky"],"picked":"PathToVictory","floor":3},{"not_picked":["Wireheading","Crescendo"],"picked":"Consecrate","floor":5},{"not_picked":["Protect","Halt"],"picked":"Omniscience","floor":6},{"not_picked":["Weave","Crescendo","Prostrate"],"picked":"Establishment","floor":8},{"not_picked":["FlurryOfBlows","SashWhip","FollowUp"],"picked":"Wish","floor":10},{"not_picked":["Evaluate","Protect","Crescendo"],"picked":"FearNoEvil","floor":12},{"not_picked":["PathToVictory","ThirdEye","Indignation"],"picked":"WindmillStrike","floor":13},{"not_picked":["Wallop","Adaptation","JustLucky"],"picked":"FearNoEvil","floor":14},{"not_picked":["Devotion","SpiritShield","DeusExMachina"],"picked":"DevaForm","floor":16},{"not_picked":["FlyingSleeves","Nirvana+1","Study+1"],"picked":"WheelKick+1","floor":18},{"not_picked":["Indignation","Sanctity","CrushJoints"],"picked":"TalkToTheHand","floor":20},{"not_picked":["FollowUp","BowlingBash","Swivel"],"picked":"DevaForm","floor":23},{"not_picked":["PathToVictory","Evaluate","ClearTheMind"],"picked":"ForeignInfluence+1","floor":24},{"not_picked":["JustLucky","ThirdEye+1","CarveReality"],"picked":"ReachHeaven","floor":25},{"not_picked":["JustLucky+1","Prostrate+1","Pray+1"],"picked":"ReachHeaven+1","floor":30},{"not_picked":["Vengeance","Study","Sanctity"],"picked":"Collect","floor":31},{"not_picked":["DevaForm","LessonLearned+1","Establishment"],"picked":"DeusExMachina","floor":33},{"not_picked":["CrushJoints+1","Protect+1","Prostrate+1","Tantrum+1"],"picked":"SKIP","floor":35},{"not_picked":["DeceiveReality+1","Consecrate+1","SignatureMove+1"],"picked":"SandsOfTime+1","floor":36},{"not_picked":["CrushJoints+1","Halt","Swivel","CutThroughFate+1"],"picked":"SKIP","floor":38},{"not_picked":["TalkToTheHand+1","CrushJoints+1","CarveReality+1"],"picked":"Ragnarok+1","floor":41},{"not_picked":["EmptyMind+1","ForeignInfluence+1","Pray+1"],"picked":"EmptyFist+1","floor":42},{"not_picked":["FollowUp+1","BowlingBash+1","WaveOfTheHand+1","ClearTheMind+1"],"picked":"SKIP","floor":44},{"not_picked":["EmptyBody+1","DeceiveReality+1","ForeignInfluence+1","ClearTheMind+1"],"picked":"SKIP","floor":45},{"not_picked":["BowlingBash+1","ThirdEye+1","Consecrate+1"],"picked":"Tantrum+1","floor":54}],"player_experience":342395,"relics_obtained":[{"floor":4,"key":"Tiny Chest"},{"floor":6,"key":"Question Card"},{"floor":8,"key":"Matryoshka"},{"floor":9,"key":"Ancient Tea Set"},{"floor":9,"key":"Gremlin Horn"},{"floor":10,"key":"HornCleat"},{"floor":12,"key":"Whetstone"},{"floor":19,"key":"Enchiridion"},{"floor":20,"key":"Red Mask"},{"floor":21,"key":"Art of War"},{"floor":21,"key":"Nunchaku"},{"floor":23,"key":"Girya"},{"floor":25,"key":"Torii"},{"floor":26,"key":"Molten Egg 2"},{"floor":31,"key":"Yang"},{"floor":41,"key":"Toxic Egg 2"},{"floor":43,"key":"Kunai"},{"floor":44,"key":"Boot"},{"floor":54,"key":"Bag of Marbles"}],"event_choices":[{"damage_healed":0,"gold_gain":0,"player_choice":"Obtained Book","damage_taken":16,"max_hp_gain":0,"max_hp_loss":0,"event_name":"Cursed Tome","floor":19,"gold_loss":0},{"damage_healed":0,"gold_gain":0,"player_choice":"Fought Bandits","damage_taken":0,"max_hp_gain":0,"max_hp_loss":0,"event_name":"Masked Bandits","floor":20,"gold_loss":0}],"is_beta":false,"boss_relics":[{"not_picked":["bronze:MakeshiftBattery","construct:ClawGrip"],"picked":"Philosopher\u0027s Stone"},{"not_picked":["Pandora\u0027s Box","Runic Pyramid"],"picked":"construct:WeddingRing"}],"items_purged_floors":[11,27,37,46],"is_endless":false,"potions_floor_spawned":[2,3,6,13,14,20,23,24,31,33,36],"ascension_level":7}}