{"host":"t1puqh5lxz8sp6fn","time":1612995609,"event":{"mods":["AchievementEnabler","BaseMod","Colored Powertips","Minty Spire (QoL Compilation)","Rare Cards Sparkle","Relic Stats","StSLib"],"gold_per_floor":[116,116,135,183,203,229,153,228,252,278,278,37,69,69,69,147,147,159,159,193,50,50,50,84,102,126,157,169,182,182,208,208,284,284,301,301,315,11,11,45,45,75,120,140,172,182,215,231,231,231,231,231,37,62,62],"floor_reached":56,"playtime":3049,"items_purged":["Strike_R","Strike_R+1"],"score":2293,"play_id":"3695989b-a85b-486e-b33b-e6005996c644","local_time":"20210210192009","is_ascension_mode":true,"campfire_choices":[{"data":"Uppercut","floor":11.0,"key":"SMITH"},{"data":"Apotheosis","floor":15.0,"key":"SMITH"},{"floor":23.0,"key":"REST"},{"floor":30.0,"key":"REST"},{"floor":32.0,"key":"REST"},{"floor":41.0,"key":"RECALL"},{"data":"Dark Embrace","floor":49.0,"key":"SMITH"},{"floor":52.0,"key":"REST"}],"circlet_count":0,"master_deck":["AscendersBane","Defend_R","Defend_R","Defend_R","Bash","Dramatic Entrance","Flex","Pommel Strike","Sword Boomerang","Spot Weakness","Uppercut+1","Apotheosis+1","Shrug It Off","Double Tap","Rage+1","Second Wind+1","Corruption+1","Inflame","Dark Embrace+1","Heavy Blade+1","Ghostly Armor+1","Havoc+1","Pummel","Impervious+1","Shrug It Off+1","Entrench+1","Sentinel+1","Disarm+1","Impervious+1","Ghostly Armor+1","Offering+1","Body Slam+1","Offering+1","Metallicize","Entrench+1"],"relics":["Burning Blood","Anchor","Kunai","Regal Pillow","Centennial Puzzle","Toy Ornithopter","Astrolabe","Nilry\u0027s Codex","Red Mask","Omamori","Toxic Egg 2","Potion Belt","Whetstone","Bird Faced Urn","Philosopher\u0027s Stone","Membership Card","Bag of Marbles","HornCleat","Orichalcum","Boot","Smiling Mask","Question Card","Bottled Lightning"],"acts_visited":["Exordium","TheCity","TheBeyond","TheEnding"],"potions_floor_usage":[55,55],"damage_taken":[{"damage":0.0,"enemies":"2 Louse","floor":1.0,"turns":2.0},{"damage":7.0,"enemies":"Jaw Worm","floor":3.0,"turns":2.0},{"damage":1.0,"enemies":"Cultist","floor":5.0,"turns":3.0},{"damage":20.0,"enemies":"3 Sentries","floor":6.0,"turns":9.0},{"damage":24.0,"enemies":"Gremlin Nob","floor":10.0,"turns":4.0},{"damage":7.0,"enemies":"Lagavulin","floor":13.0,"turns":4.0},{"damage":13.0,"enemies":"The Guardian","floor":16.0,"turns":8.0},{"damage":18.0,"enemies":"3 Byrds","floor":18.0,"turns":4.0},{"damage":11.0,"enemies":"Masked Bandits","floor":20.0,"turns":4.0},{"damage":59.0,"enemies":"Gremlin Leader","floor":24.0,"turns":6.0},{"damage":0.0,"enemies":"Chosen","floor":25.0,"turns":5.0},{"damage":0.0,"enemies":"Book of Stabbing","floor":27.0,"turns":4.0},{"damage":17.0,"enemies":"Shelled Parasite and Fungi","floor":28.0,"turns":3.0},{"damage":4.0,"enemies":"Chosen and Byrds","floor":29.0,"turns":5.0},{"damage":40.0,"enemies":"Gremlin Leader","floor":31.0,"turns":4.0},{"damage":36.0,"enemies":"Automaton","floor":33.0,"turns":7.0},{"damage":17.0,"enemies":"3 Shapes","floor":35.0,"turns":3.0},{"damage":0.0,"enemies":"Orb Walker","floor":37.0,"turns":3.0},{"damage":0.0,"enemies":"Nemesis","floor":40.0,"turns":5.0},{"damage":20.0,"enemies":"Reptomancer","floor":42.0,"turns":4.0},{"damage":6.0,"enemies":"Spire Growth","floor":44.0,"turns":5.0},{"damage":4.0,"enemies":"Nemesis","floor":45.0,"turns":7.0},{"damage":6.0,"enemies":"Maw","floor":46.0,"turns":5.0},{"damage":6.0,"enemies":"Giant Head","floor":47.0,"turns":4.0},{"damage":6.0,"enemies":"4 Shapes","floor":48.0,"turns":3.0},{"damage":32.0,"enemies":"Awakened One","floor":50.0,"turns":5.0},{"damage":25.0,"enemies":"Shield and Spear","floor":54.0,"turns":2.0},{"damage":47,"enemies":"The Heart","floor":55,"turns":7}],"seed_played":"-5645182490174476801","potions_obtained":[{"floor":1.0,"key":"ElixirPotion"},{"floor":5.0,"key":"Dexterity Potion"},{"floor":16.0,"key":"Fire Potion"},{"floor":24.0,"key":"DuplicationPotion"},{"floor":27.0,"key":"AttackPotion"},{"floor":29.0,"key":"Dexterity Potion"},{"floor":42.0,"key":"EntropicBrew"},{"floor":44.0,"key":"ColorlessPotion"},{"floor":45.0,"key":"AttackPotion"},{"floor":47.0,"key":"HeartOfIron"}],"is_trial":false,"path_per_floor":["M","?","M","T","M","E","$","?","T","E","R","$","E","?","R","B",null,"M","?","?","$","T","R","E","M","T","E","M","M","R","E","R","B",null,"M","?","M","$","?","E","R","E","T","M","E","M","E","M","R","B",null,"R","$","E","B",null],"character_chosen":"IRONCLAD","items_purchased":["Spot Weakness","Apotheosis","Omamori","Membership Card","Bag of Marbles","FairyPotion","Sentinel+1","Offering+1","Metallicize","Ancient Potion"],"campfire_rested":4,"item_purchase_floors":[7,12,21,38,38,38,38,53,53,53],"current_hp_per_floor":[74,74,73,73,75,61,61,50,50,32,32,32,31,31,31,29,64,52,31,31,31,31,68,20,26,26,32,26,28,65,36,73,49,69,64,64,74,74,74,75,75,70,70,74,75,75,75,75,75,51,69,75,75,62,41],"gold":62,"neow_bonus":"RANDOM_COLORLESS","is_daily":false,"chose_seed":false,"campfire_upgraded":3,"win_rate":0.0,"timestamp":1612995609,"path_taken":["M","?","M","?","M","E","$","?","T","E","R","$","E","?","R","BOSS","M","?","?","?","?","R","E","?","T","E","M","M","R","E","R","BOSS","M","?","?","$","?","E","R","E","T","?","E","M","E","M","R","BOSS","R","$","E","BOSS"],"items_purchased_type":["Card","Card","Relic","Relic","Relic","Potion","Card","Card","Card","Potion"],"build_version":"2020-12-13","purchased_purges":2,"victory":true,"max_hp_per_floor":[75,75,75,75,75,75,75,75,75,75,75,75,75,75,75,75,75,75,75,75,75,75,75,75,75,75,75,75,75,75,75,75,75,75,75,75,75,75,75,75,75,75,75,75,75,75,75,75,75,75,75,75,75,75,75],"relic_stats":{"Regal Pillow":45,"counters":[28,127],"Astrolabe":["Rage","Second Wind","Corruption"],"Whetstone":["Strike_R","Heavy Blade"],"Orichalcum":[6],"Boot":[92],"Smiling Mask":0,"Question Card":2,"Burning Blood":147,"Centennial Puzzle":[57],"Bird Faced Urn":[54],"Kunai":[27],"obtain_stats":[{"Potion Belt":24,"Regal Pillow":9,"Nilry\u0027s Codex":19,"Astrolabe":17,"Omamori":21,"Whetstone":27,"Orichalcum":42,"Boot":43,"Smiling Mask":45,"Question Card":47,"Burning Blood":0,"Anchor":4,"Centennial Puzzle":10,"HornCleat":40,"Bird Faced Urn":31,"Philosopher\u0027s Stone":34,"Red Mask":20,"Bag of Marbles":38,"Kunai":6,"Membership Card":38,"Bottled Lightning":54,"Toxic Egg 2":22,"Toy Ornithopter":13},{"Potion Belt":10,"Regal Pillow":4,"Nilry\u0027s Codex":8,"Astrolabe":7,"Omamori":9,"Whetstone":12,"Orichalcum":20,"Boot":20,"Smiling Mask":22,"Question Card":24,"Burning Blood":0,"Anchor":2,"Centennial Puzzle":5,"HornCleat":19,"Bird Faced Urn":15,"Philosopher\u0027s Stone":16,"Red Mask":9,"Bag of Marbles":18,"Kunai":4,"Membership Card":18,"Bottled Lightning":27,"Toxic Egg 2":9,"Toy Ornithopter":6},{"Potion Belt":46,"Regal Pillow":16,"Nilry\u0027s Codex":36,"Astrolabe":32,"Omamori":40,"Whetstone":55,"Orichalcum":89,"Boot":89,"Smiling Mask":101,"Question Card":110,"Burning Blood":0,"Anchor":4,"Centennial Puzzle":20,"HornCleat":85,"Bird Faced Urn":67,"Philosopher\u0027s Stone":74,"Red Mask":40,"Bag of Marbles":80,"Kunai":16,"Membership Card":80,"Bottled Lightning":120,"Toxic Egg 2":40,"Toy Ornithopter":24}],"Toy Ornithopter":40},"card_choices":[{"not_picked":["Flash of Steel","Madness"],"picked":"Dramatic Entrance","floor":0.0},{"not_picked":["Searing Blow","Dark Embrace"],"picked":"Flex","floor":1.0},{"not_picked":["Havoc","Pummel"],"picked":"Pommel Strike","floor":3.0},{"not_picked":["Pommel Strike","Exhume","Wild Strike"],"picked":"SKIP","floor":5.0},{"not_picked":["Searing Blow","Sentinel"],"picked":"Sword Boomerang","floor":6.0},{"not_picked":["Rage","Iron Wave"],"picked":"Uppercut","floor":10.0},{"not_picked":["Thunderclap","Double Tap"],"picked":"Shrug It Off","floor":13.0},{"not_picked":["Juggernaut","Fiend Fire"],"picked":"Double Tap","floor":16.0},{"not_picked":["Thunderclap","Rupture"],"picked":"Inflame","floor":18.0},{"not_picked":["Armaments+1","Warcry+1"],"picked":"Dark Embrace","floor":24.0},{"not_picked":["Combust","Warcry+1"],"picked":"Heavy Blade","floor":25.0},{"not_picked":["Rupture","Combust"],"picked":"Ghostly Armor+1","floor":27.0},{"not_picked":["Sever Soul","Combust","Armaments+1"],"picked":"SKIP","floor":28.0},{"not_picked":["Warcry+1","Immolate"],"picked":"Havoc+1","floor":29.0},{"not_picked":["Headbutt","Carnage"],"picked":"Pummel","floor":31.0},{"not_picked":["Corruption","Demon Form"],"picked":"Impervious+1","floor":33.0},{"not_picked":["Perfected Strike+1","Bloodletting+1"],"picked":"Shrug It Off+1","floor":35.0},{"not_picked":["True Grit+1","Infernal Blade+1"],"picked":"Entrench+1","floor":37.0},{"not_picked":["Dropkick","Carnage"],"picked":"Disarm+1","floor":40.0},{"not_picked":["Heavy Blade","Armaments+1"],"picked":"Impervious+1","floor":42.0},{"not_picked":["Infernal Blade+1","Searing Blow+1"],"picked":"Ghostly Armor+1","floor":44.0},{"not_picked":["Clothesline+1","Second Wind+1"],"picked":"Offering+1","floor":45.0},{"not_picked":["Shockwave+1","Flex+1"],"picked":"Body Slam+1","floor":46.0},{"not_picked":["Thunderclap","Anger","Clothesline+1"],"picked":"SKIP","floor":47.0},{"not_picked":["Evolve","Clothesline+1","Shrug It Off+1","Searing Blow+1"],"picked":"SKIP","floor":48.0},{"not_picked":["Headbutt","Evolve","Whirlwind"],"picked":"Entrench+1","floor":54.0}],"player_experience":502618,"relics_obtained":[{"floor":4.0,"key":"Anchor"},{"floor":6.0,"key":"Kunai"},{"floor":9.0,"key":"Regal Pillow"},{"floor":10.0,"key":"Centennial Puzzle"},{"floor":13.0,"key":"Toy Ornithopter"},{"floor":19.0,"key":"Nilry\u0027s Codex"},{"floor":20.0,"key":"Red Mask"},{"floor":22.0,"key":"Toxic Egg 2"},{"floor":24.0,"key":"Potion Belt"},{"floor":27.0,"key":"Whetstone"},{"floor":31.0,"key":"Bird Faced Urn"},{"floor":40.0,"key":"HornCleat"},{"floor":42.0,"key":"Orichalcum"},{"floor":43.0,"key":"Boot"},{"floor":45.0,"key":"Smiling Mask"},{"floor":47.0,"key":"Question Card"},{"floor":54.0,"key":"Bottled Lightning"}],"event_choices":[{"damage_healed":0.0,"max_hp_gain":0.0,"max_hp_loss":0.0,"gold_gain":0.0,"event_name":"The Cleric","player_choice":"Leave","floor":2.0,"gold_loss":0.0,"damage_taken":0.0},{"damage_healed":0.0,"max_hp_gain":0.0,"max_hp_loss":0.0,"gold_gain":75.0,"event_name":"World of Goop","player_choice":"Gather Gold","floor":8.0,"gold_loss":0.0,"damage_taken":11.0},{"damage_healed":0.0,"max_hp_gain":0.0,"max_hp_loss":0.0,"gold_gain":0.0,"event_name":"Dead Adventurer","player_choice":"Searched \u00270\u0027 times","floor":14.0,"gold_loss":0.0,"damage_taken":0.0},{"damage_healed":0.0,"max_hp_gain":0.0,"max_hp_loss":0.0,"gold_gain":0.0,"event_name":"Cursed Tome","player_choice":"Obtained Book","floor":19.0,"gold_loss":0.0,"damage_taken":21.0},{"damage_healed":0.0,"max_hp_gain":0.0,"max_hp_loss":0.0,"gold_gain":0.0,"event_name":"Masked Bandits","player_choice":"Fought Bandits","floor":20.0,"gold_loss":0.0,"damage_taken":0.0},{"cards_removed":["Strike_R"],"damage_healed":0.0,"max_hp_gain":0.0,"max_hp_loss":0.0,"gold_gain":0.0,"event_name":"Purifier","player_choice":"Purged","floor":36.0,"gold_loss":0.0,"damage_taken":0.0},{"damage_healed":0.0,"max_hp_gain":0.0,"max_hp_loss":0.0,"gold_gain":0.0,"event_name":"Match and Keep!","player_choice":"0 cards matched","floor":39.0,"gold_loss":0.0,"damage_taken":0.0,"cards_obtained":[]}],"is_beta":false,"boss_relics":[{"not_picked":["Sozu","Pandora\u0027s Box"],"picked":"Astrolabe"},{"not_picked":["Velvet Choker","Tiny House"],"picked":"Philosopher\u0027s Stone"}],"items_purged_floors":[12,53],"is_endless":false,"potions_floor_spawned":[1,5,16,24,27,29,42,44,45,46,47,48,54],"ascension_level":15}}