{"host":"9slw7l0ws16384qq","time":1612945964,"event":{"mods":["A Penny For Your Troubles","BaseMod","Colored Map","Downfall","Evolution","Hubris","Minty Spire (QoL Compilation)","Replay The Spire","StS++","StSLib"],"gold_per_floor":[99,112,122,122,136,156,156,174,174,174,174,10,25,59,69,69,69,69],"floor_reached":16,"language":"FRA","playtime":681,"items_purged":[],"score":172,"play_id":"4949a152-1b7c-45ac-a8bd-0fc0a5eb33b5","local_time":"20210210093244","is_ascension_mode":true,"campfire_choices":[{"floor":1,"key":"DIG"},{"floor":9,"key":"RECALL"},{"data":"Guardian:RefractedBeam","floor":11,"key":"SMITH"}],"circlet_count":0,"master_deck":["AscendersBane","Guardian:Strike_Guardian","Guardian:Strike_Guardian","Guardian:Defend_Guardian","Guardian:Defend_Guardian","Guardian:Defend_Guardian","Guardian:CurlUp","Guardian:TwinSlam","Guardian:RefractedBeam+1","Guardian:SentryBeam"],"relics":["Guardian:ModeShifter","EVO:Axolotl","hubris:BottledRain","Replay:Bottled Snecko","Akabeko","WingedGreaves"],"acts_visited":["Exordium"],"potions_floor_usage":[6,6,16],"damage_taken":[{"damage":0,"enemies":"2 Louse","floor":2,"turns":4},{"damage":1,"enemies":"Cultist","floor":3,"turns":4},{"damage":1,"enemies":"Small Slimes","floor":5,"turns":3},{"damage":18,"enemies":"Exordium Thugs","floor":6,"turns":7},{"damage":4,"enemies":"2 Fungi Beasts","floor":8,"turns":4},{"damage":0,"enemies":"downfall:FleeingMerchant","floor":12,"turns":4},{"damage":0,"enemies":"Exordium Wildlife","floor":13,"turns":3},{"damage":13,"enemies":"Replay:BlueRogue","floor":14,"turns":14},{"damage":0,"enemies":"Large Slime","floor":15,"turns":4},{"damage":19,"enemies":"IC_STATUS_ARCHETYPE","floor":16,"turns":2}],"seed_played":"-3056243614732146691","potions_obtained":[{"floor":2,"key":"SneckoOil"},{"floor":3,"key":"SkillPotion"},{"floor":13,"key":"Strength Potion"},{"floor":14,"key":"CultistPotion"}],"is_trial":false,"path_per_floor":["R_BF","M","M","?","M","M","T","M","R","?","R","$","M","E","M","B"],"character_chosen":"GUARDIAN","items_purchased":["Akabeko"],"campfire_rested":0,"item_purchase_floors":[12],"current_hp_per_floor":[51,51,50,50,49,31,31,27,27,27,27,27,27,14,14,0,0,0],"gold":69,"neow_bonus":"REMOVE_TWO","is_daily":false,"chose_seed":false,"campfire_upgraded":1,"win_rate":0.0,"timestamp":1612945964,"path_taken":["R_BF","M","M","?","M","M","T","M","R","?","R","$","M","E","M","BOSS"],"items_purchased_type":["Relic"],"build_version":"2020-12-22","purchased_purges":0,"victory":false,"max_hp_per_floor":[80,80,80,80,80,80,80,80,80,80,80,80,80,80,80,80,80,80],"card_choices":[{"not_picked":["Guardian:FloatingOrbs","Guardian:PrimingBeam"],"picked":"Guardian:RefractedBeam","floor":2},{"not_picked":["Guardian:VentSteam","Guardian:Gem_Green"],"picked":"Guardian:Gem_Purple","floor":3},{"not_picked":["Guardian:TemporalStrike","Guardian:ChargeCore","Guardian:FloatingOrbs"],"picked":"SKIP","floor":5},{"not_picked":["Guardian:CrystalBeam","Guardian:Suspension","Guardian:Incinerate"],"picked":"SKIP","floor":6},{"not_picked":["Guardian:WalkerClaw","Guardian:Recover","Guardian:PiercingHide"],"picked":"SKIP","floor":8},{"not_picked":["Guardian:RollAttack","Guardian:WalkerClaw","Guardian:VentSteam"],"picked":"SKIP","floor":12},{"not_picked":["Guardian:Gem_Red","Guardian:TemporalShield","Guardian:Suspension"],"picked":"SKIP","floor":13},{"not_picked":["Guardian:Preprogram","Guardian:TimeSifter"],"picked":"Guardian:SentryBeam","floor":14},{"not_picked":["Guardian:PrimingBeam","Guardian:Gem_Lightblue","Guardian:Reroute"],"picked":"SKIP","floor":15}],"player_experience":1672355,"relics_obtained":[{"floor":1,"key":"hubris:BottledRain"},{"floor":7,"key":"Replay:Bottled Snecko"},{"floor":14,"key":"WingedGreaves"}],"event_choices":[],"is_beta":false,"boss_relics":[],"items_purged_floors":[],"is_endless":false,"potions_floor_spawned":[2,3,13,14],"killed_by":"IC_STATUS_ARCHETYPE","ascension_level":13}}