{"host":"qljq6nt1bltq73k9","time":1612937287,"event":{"mods":["BaseMod","Colored Map","Colored Powertips","Downfall","Minty Spire (QoL Compilation)","Quick Restart","Replay The Spire","StSLib","[IsaacMod]ÒÔÈö¼âËþ"],"gold_per_floor":[99999,98794,98794,98810,98827,98854,98854,98889,98889,98909,99009,99026,98087,98103,98103,98103,98103],"floor_reached":16,"language":"ZHS","playtime":462,"items_purged":["Defend_B","Regret"],"score":162,"play_id":"c8a01e94-b077-46f5-9573-9bdfe193b5b2","local_time":"20210210140807","is_ascension_mode":false,"campfire_choices":[{"floor":7.0,"key":"RECALL"},{"floor":15.0,"key":"DIG"}],"circlet_count":0,"master_deck":["Strike_B","Strike_B","Strike_B","Strike_B","Defend_B","Defend_B","Defend_B","Zap","Dualcast","EpicFetus","Compile Driver","Heatsinks","Violence","Finesse","Skim","Biased Cognition+1","Defragment+1","Loop+1","FIFO Queue+1","Poisoned Strike"],"relics":["Cracked Core","HushsDoor","GuppysHead","NeowsBlessing","Mercury Hourglass","InkBottle","Habit","Carrot"],"acts_visited":["Exordium"],"potions_floor_usage":[16,16],"damage_taken":[{"damage":0.0,"enemies":"Small Slimes","floor":1.0,"turns":1.0},{"damage":0.0,"enemies":"2 Louse","floor":4.0,"turns":1.0},{"damage":0.0,"enemies":"Cultist","floor":5.0,"turns":1.0},{"damage":0.0,"enemies":"3 Sentries","floor":6.0,"turns":2.0},{"damage":19.0,"enemies":"Gremlin Nob","floor":8.0,"turns":3.0},{"damage":8.0,"enemies":"Looter","floor":10.0,"turns":3.0},{"damage":32.0,"enemies":"Exordium Wildlife","floor":12.0,"turns":4.0},{"damage":0.0,"enemies":"Large Slime","floor":14.0,"turns":3.0},{"damage":9,"enemies":"Hexaghost","floor":16,"turns":3}],"seed_played":"924264205651794538","potions_obtained":[{"floor":1.0,"key":"SteroidPotion"},{"floor":8.0,"key":"Cursed Concoction"}],"is_trial":false,"path_per_floor":["M","$","?","M","M","E","R","E","T","M","?","M","$","M","R_BF","B"],"character_chosen":"DEFECT","items_purchased":["Mercury Hourglass","InkBottle","Habit","Languid Potion","AttackPotion","Heatsinks","Violence","Finesse","Snack Pack","BargainBundle","FIFO Queue+1","Poisoned Strike","Fruit Juice","Adrenaline Potion","Damocles","ColorlessPotion"],"campfire_rested":0,"item_purchase_floors":[2,2,2,2,2,2,2,2,13,13,13,13,13,13,13,13],"current_hp_per_floor":[75,75,75,75,75,75,75,66,66,58,58,26,31,33,33,0,0],"gold":98103,"neow_bonus":"THREE_ENEMY_KILL","is_daily":false,"chose_seed":false,"campfire_upgraded":0,"win_rate":0.0,"timestamp":1612937287,"path_taken":["M","$","?","M","M","E","R","E","T","M","?","M","$","M","R_BF","BOSS"],"items_purchased_type":["Relic","Relic","Relic","Potion","Potion","Card","Card","Card","Relic","Relic","Card","Card","Potion","Potion","Relic","Potion"],"build_version":"2020-12-22","purchased_purges":2,"victory":false,"max_hp_per_floor":[75,75,75,75,75,75,75,85,85,85,85,85,90,90,90,90,90],"card_choices":[{"not_picked":[],"picked":"EpicFetus","floor":0.0},{"not_picked":["ReplayTheSpireMod:Repulse","Gash"],"picked":"Compile Driver","floor":1.0},{"not_picked":["Glacier","Turbo"],"picked":"Skim","floor":4.0},{"not_picked":["Glacier","Stack"],"picked":"Bomb","floor":5.0},{"not_picked":["Aggregate","Compile Driver"],"picked":"Bomb","floor":6.0},{"not_picked":["Crystallizer+1","Heatsinks+1"],"picked":"Biased Cognition+1","floor":8.0},{"not_picked":["ReplaySolidLightProjector","Beam Cell"],"picked":"Defragment+1","floor":10.0},{"not_picked":["Sweeping Beam","Chaos"],"picked":"Loop+1","floor":12.0},{"not_picked":["Chill","Auto Shields","Stack"],"picked":"SKIP","floor":14.0}],"player_experience":454403,"relics_obtained":[{"floor":6.0,"key":"Frozen Egg 2"},{"floor":8.0,"key":"Pear"},{"floor":9.0,"key":"Quantum Egg"},{"floor":14.0,"key":"hexamod:CandleOfCauterizing"},{"floor":15.0,"key":"Replay:Mystery Machine"}],"event_choices":[{"damage_healed":0.0,"max_hp_gain":0.0,"max_hp_loss":0.0,"gold_gain":0.0,"event_name":"Big Fish","player_choice":"Box","floor":3.0,"gold_loss":0.0,"damage_taken":0.0,"relics_obtained":["Carrot"],"cards_obtained":["Regret"]}],"is_beta":false,"boss_relics":[],"items_purged_floors":[2,13],"is_endless":false,"potions_floor_spawned":[1,8,14],"killed_by":"Hexaghost","ascension_level":0}}