{"host":"u1ystlfkdtaqkn2r","time":1612954930,"event":{"mods":["ATMod(阿瑾Mod)","Act Like it!","Arknights","BaseMod","Colored Powertips","Friendly Minions","Gensokyo","GifTheSpireLib","Jedi Mod","Koishi","KomeijiMod","Luminous","Minty Spire (QoL Compilation)","Pale of the Ancients","Prisma Mod","Replay The Spire","RumiaBox-露米娅的神秘盒子","Spicy Shops","StSLib","SuperFastMode","UnlockEverythingMod","WarShipGirlsR/战舰少女R mod","Warlord Emblem","Yakumo Yukari mod","【遗物卡牌】REMEMod"],"gold_per_floor":[138,148,171,171,189,189,215,2,55,88,102,102,317,8,8,107,107,127,147,147,147,147,147,177,177,177,177,35,49,75,25,25,129,129,141,91,108,127,97,97,124,124,124,139,36,54,54,83,83,83,182,193,193,48,48,60,60,107,107,187],"floor_reached":61,"language":"ZHS","playtime":2903,"items_purged":["AT_purpleEX","Shame","jedi:thedog"],"score":1448,"play_id":"16af03e7-ccec-4810-b176-278c0f1816ad","local_time":"20210210190210","is_ascension_mode":true,"campfire_choices":[{"data":"AT_KneejerkReflex","floor":6.0,"key":"SMITH"},{"floor":12.0,"key":"REST"},{"data":"WangLiang_OokamiKakushi_purple","floor":15.0,"key":"SMITH"},{"data":"Observe_purple_1","floor":23.0,"key":"SMITH"},{"data":"AT_purpleEX","floor":25.0,"key":"PURGE"},{"data":"AT_purpleEX","floor":27.0,"key":"PURGE"},{"data":"GluttonyofRealm_purpleEX","floor":32.0,"key":"PURGE"},{"data":"Parasite","floor":40.0,"key":"PURGE"},{"data":"AT_purpleEX","floor":42.0,"key":"PURGE"},{"data":"Know_ledgeAbilityRealm_purple","floor":49.0,"key":"SMITH"},{"data":"LoveAcrossDimensions_purple","floor":55.0,"key":"SMITH"},{"data":"StateErode_purple","floor":57,"key":"SMITH"}],"circlet_count":0,"master_deck":["Defend_purpleEX","Defend_purpleEX","Observe_purple_1+1","Observe_purple_2+1","AT_KneejerkReflex+1","OmniscientAndOmnipotent_Monster_purple+1","WangLiang_OokamiKakushi_purple+1","CurseOfTheBell","Shallow_ocean_purpleEX","StateErode_purple+1","REME_WheelOfFate","Know_ledgeAbilityRealm_purple+1","StateErode_purple+1","Umbrella_purple+1","Shallow_ocean_purpleEX","UniverseChoice_purple","CommonSense_AntiCommonSense_purple","LoveAcrossDimensions_purple+1","Shallow_ocean_purpleEX","LoveAcrossDimensions_purple"],"relics":["Boundary_crack","Memoryfragments_purpleEX","AT_ATBox","REME_ComplimentaryCards","Bronze Scales","Smiling Mask","REME_LimitBreaker","Guide Book","AT_ArcaneBoots","jedi:bottledfury","War Paint","AT_ForceNature","Calling Bell","MagicDraw1","Oddly Smooth Stone","AT_Kusabimaru","AT_Manta","Ring of the Snake","Peace Pipe","Strawberry","ReplayTheSpireMod:CursedCoin","Ancient Tea Set","REME_HandOfSuture","Astrolabe","Blood Vial","Bag of Marbles","Simple Rune","Replay:Wax Seal","AT_BladeRuinedKing","Replay:Bottled Eggs","paleoftheancients:Timepiece","paleoftheancients:KeyRelic","Anchor","Coffee Dripper","Letter Opener","paleoftheancients:SoulOfTheBard","DollysMirror"],"acts_visited":["Gensokyo:Gensokyo","TheCity","TheBeyond","paleoftheancients:PaleOfTheAncients"],"potions_floor_usage":[],"damage_taken":[{"damage":3.0,"enemies":"Gensokyo:Python","floor":1.0,"turns":4.0},{"damage":10.0,"enemies":"Gensokyo:Gryphon","floor":2.0,"turns":4.0},{"damage":2.0,"enemies":"Gensokyo:3_Fairies","floor":5.0,"turns":4.0},{"damage":25.0,"enemies":"Gensokyo:Cirno","floor":7.0,"turns":6.0},{"damage":19.0,"enemies":"Gensokyo:Aya","floor":10.0,"turns":5.0},{"damage":4.0,"enemies":"Gensokyo:VengefulSpirit","floor":11.0,"turns":4.0},{"damage":7.0,"enemies":"Gensokyo:CorruptedTreant","floor":13.0,"turns":4.0},{"damage":4.0,"enemies":"Gensokyo:Yukari","floor":16.0,"turns":5.0},{"damage":1.0,"enemies":"Chosen","floor":18.0,"turns":3.0},{"damage":0.0,"enemies":"3 Byrds","floor":19.0,"turns":3.0},{"damage":36.0,"enemies":"REME_1_Revenger","floor":24.0,"turns":3.0},{"damage":1.0,"enemies":"Centurion and Healer","floor":29.0,"turns":4.0},{"damage":9.0,"enemies":"Book of Stabbing","floor":30.0,"turns":3.0},{"damage":0.0,"enemies":"Collector","floor":33.0,"turns":6.0},{"damage":0.0,"enemies":"3 Darklings","floor":35.0,"turns":1.0},{"damage":0.0,"enemies":"Orb Walker","floor":37.0,"turns":1.0},{"damage":3.0,"enemies":"Writhing Mass","floor":38.0,"turns":3.0},{"damage":11.0,"enemies":"R_Hoarder","floor":41.0,"turns":3.0},{"damage":0.0,"enemies":"Maw","floor":44.0,"turns":1.0},{"damage":4.0,"enemies":"Spire Growth","floor":46.0,"turns":2.0},{"damage":0.0,"enemies":"Reptomancer","floor":48.0,"turns":1.0},{"damage":0.0,"enemies":"Replay:Hell Engine","floor":50.0,"turns":1.0},{"damage":0.0,"enemies":"Replay:Hell Engine","floor":51.0,"turns":3.0},{"damage":0.0,"enemies":"Replay:Hell Engine","floor":52.0,"turns":1.0},{"damage":0,"enemies":"Replay:Hell Engine","floor":56,"turns":1},{"damage":0,"enemies":"paleoftheancients:N","floor":60,"turns":2}],"seed_played":"6567373516459633264","potions_obtained":[{"floor":1.0,"key":"SkillPotion"},{"floor":2.0,"key":"ExcitationPotion"},{"floor":10.0,"key":"AttackPotion"},{"floor":16.0,"key":"Block Potion"},{"floor":24.0,"key":"Energy Potion"}],"is_trial":false,"path_per_floor":["M","M","T","?","M","R","E","COS","T","E","M","R","M","$","R","B",null,"M","M","T","?","?","R","E","R","T","R","$","M","E","$","R","B",null,"M","$","M","M","?","R","E","R","T","M","$","M","?","E","R","B","M","M","?","$","R","M","R","T","?","B",null],"character_chosen":"Youkari","items_purchased":["AT_ForceNature","ReplayTheSpireMod:CursedCoin","REME_WheelOfFate","CommonSense_AntiCommonSense_purple","DollysMirror"],"campfire_rested":1,"item_purchase_floors":[14,28,28,45,54],"current_hp_per_floor":[76,67,67,52,51,51,29,29,29,12,8,31,27,27,27,28,77,80,80,80,80,80,80,45,45,52,52,52,75,73,73,73,90,90,90,90,90,93,93,90,83,83,83,90,90,87,80,84,84,90,90,90,100,100,100,100,100,100,100,100],"gold":187,"neow_bonus":"TEN_PERCENT_HP_BONUS","is_daily":false,"chose_seed":false,"campfire_upgraded":6,"win_rate":0.0,"timestamp":1612954930,"path_taken":["M","M","?","?","M","R","E","COS","T","E","?","R","?","?","R","BOSS","M","M","?","?","?","R","E","R","T","R","$","M","E","$","R","BOSS","M","$","M","?","?","R","E","R","T","?","?","M","?","E","R","BOSS","M","M","?","$","R","M","R","T","?","BOSS"],"items_purchased_type":["Relic","Relic","Card","Card","Relic"],"build_version":"2020-12-22","purchased_purges":3,"victory":true,"max_hp_per_floor":[77,77,77,77,77,77,77,77,77,77,77,77,77,77,77,77,77,80,80,80,80,80,80,80,80,87,87,87,90,90,90,90,90,90,90,90,90,93,93,90,90,90,90,90,90,90,90,90,90,90,90,90,100,100,100,100,100,100,100,100],"card_choices":[{"not_picked":["RealityDreamConfluencek_purple","Worldmountain_purple"],"picked":"OmniscientAndOmnipotent_Monster_purple","floor":1.0},{"not_picked":["SharpContractionReality_purple","AdvanceAttack_purple","Boundary_LightAndDark_purple"],"picked":"SKIP","floor":2.0},{"not_picked":["Mirror_FormAndEmptin_purple","RuleDissolution_purple","EighthInstrument_OneDividesIntoTwo_purple"],"picked":"SKIP","floor":5.0},{"not_picked":["Worldmountain_purple","RuleDissolution_purple","Line_surface_state_purple"],"picked":"SKIP","floor":7.0},{"not_picked":["ExternalForce_HighSpeedFlying_purple","RuleDissolution_purple"],"picked":"WangLiang_OokamiKakushi_purple","floor":10.0},{"not_picked":["RuptureOfTimeAndSpace_purple","Boundary_ObjectiveBoundary_purple","Mirror_WaveAndshot_purple"],"picked":"SKIP","floor":11.0},{"not_picked":["RuptureOfTimeAndSpace_purple","Line_surface_state_purple","AdvanceAttack_purple"],"picked":"SKIP","floor":13.0},{"not_picked":["Computing_the_future_purpleEX","WangLiang_OokamiKakushi_purple"],"picked":"GluttonyofRealm_purpleEX","floor":16.0},{"not_picked":["PositiveMatter_Antimatter_Universe_purple","Realm_recovery_purpleEX+1"],"picked":"Shallow_ocean_purpleEX","floor":18.0},{"not_picked":["MeetDecomposer_purple+1","StateDuplicate_purple+1","Nest_LightFlightworm_purple"],"picked":"SKIP","floor":19.0},{"not_picked":["SfantasyHide_purple+1","RuleDissolution_purple"],"picked":"StateErode_purple","floor":24.0},{"not_picked":["ExternalForce_HighSpeedFlying_purple+1","Boundary_LightAndDark_purple","StateErode_purple"],"picked":"SKIP","floor":29.0},{"not_picked":["Boundary_ObjectiveBoundary_purple+1","Mirror_FormAndEmptin_purple+1","Charmbait_purple"],"picked":"SKIP","floor":30.0},{"not_picked":["Computing_the_future_purpleEX","D_absorption_purple"],"picked":"Know_ledgeAbilityRealm_purple","floor":33.0},{"not_picked":["Line_surface_state_purple","SharpContractionReality_purple+1"],"picked":"Shallow_ocean_purpleEX","floor":35.0},{"not_picked":["MeetDecomposer_purple+1","RuptureOfTimeAndSpace_purple","StateDuplicate_purple+1"],"picked":"SKIP","floor":37.0},{"not_picked":["StretchesForeverDream_purple+1","Extrememeaning_purpleEX","StateErode_purple+1"],"picked":"SKIP","floor":38.0},{"not_picked":[],"picked":"UniverseChoice_purple","floor":39.0},{"not_picked":["WorldDissolvedintheRealm_purple+1","Umbrella_purple+1","AdvanceAttack_purple"],"picked":"SKIP","floor":41.0},{"not_picked":["WatchEChange_purple","Mirror_WaveAndshot_purple+1","RuleDissolution_purple+1"],"picked":"SKIP","floor":44.0},{"not_picked":["ExistenceContinue_purple+1","Charmbait_purple","StateErode_purple"],"picked":"SKIP","floor":46.0},{"not_picked":["SfantasyHide_purple","Umbrella_purple"],"picked":"LoveAcrossDimensions_purple","floor":48.0},{"not_picked":["Mirror_WaveAndshot_purple","MonsterNeedle_purple+1"],"picked":"Shallow_ocean_purpleEX","floor":51.0},{"not_picked":["Mirror_FormAndEmptin_purple+1","DarkRealmRedLine_purple","OpenedBox_purple+1"],"picked":"SKIP","floor":52.0},{"not_picked":["DimensionStaggered_purple+1","StateDuplicate_purple","MeetDecomposer_purple+1"],"picked":"SKIP","floor":56}],"player_experience":202448,"relics_obtained":[{"floor":3.0,"key":"Bronze Scales"},{"floor":7.0,"key":"REME_LimitBreaker"},{"floor":9.0,"key":"AT_SpeedBoots"},{"floor":10.0,"key":"jedi:bottledfury"},{"floor":17.0,"key":"MagicDraw1"},{"floor":17.0,"key":"Oddly Smooth Stone"},{"floor":17.0,"key":"AT_Kusabimaru"},{"floor":20.0,"key":"AT_Manta"},{"floor":24.0,"key":"Peace Pipe"},{"floor":26.0,"key":"Strawberry"},{"floor":30.0,"key":"REME_HandOfSuture"},{"floor":41.0,"key":"Simple Rune"},{"floor":43.0,"key":"Replay:Wax Seal"},{"floor":48.0,"key":"Replay:Bottled Eggs"},{"floor":52.0,"key":"paleoftheancients:SoulOfTheBard"}],"event_choices":[{"cards_removed":["GluttonyofRealm_purpleEX"],"damage_healed":0.0,"max_hp_gain":10.0,"max_hp_loss":0.0,"gold_gain":0.0,"event_name":"Bonfire Elementals","player_choice":"Offered Rare","floor":53.0,"gold_loss":0.0,"damage_taken":0.0}],"is_beta":false,"boss_relics":[{"not_picked":["Velvet Choker","Kintsugi"],"picked":"Calling Bell"},{"not_picked":["jedi:battlestandard","Snecko Eye"],"picked":"Astrolabe"}],"items_purged_floors":[14,31,36],"is_endless":false,"potions_floor_spawned":[1,2,10,16,24,29,30,37,38,46,52,56],"ascension_level":1}}