{"host":"27wa8ufp4ryspt1p","time":1612921166,"event":{"mods":["2.2 Compatiblity","A Penny For Your Troubles","Abigail Mod","Act Like it!","Aspiration","BaseMod","Better Altar","Better Match","Better Note","Better Skull","Better Third Choice","Colored Map","Conspire","Curses Come First","Dota2Spire","Downfall-Rebalance","Elementarium","Energized Spire","Fox Events","Friendly Minions","Gensokyo","GifTheSpireLib","Gold Saver","Halation","Hallownest","HololiveMod","Hubris","Humility","Infinite Spire","Keyboard Shortcuts","Menagerie","Mimic Mod","Minty Spire (QoL Compilation)","Pale of the Ancients","Poor People Problems","Quarter Circle Forward PUNCH!","Reimu??????","Relic Filter Mod","Relic Sorter","Relic Stats","Reliquary","Replay The Spire","Reworked Bosses","Shop Mod","Spicy Shops","Spikes Relics","Spire Arcade","StSLib","Stuff the Spire","SuperFastMode","The Cursed","The Exalted","The Judge","The Necromancer","Trackpad","Waifu the Spire","Wandering Minibosses","[IsaacMod]????","??????REMEMod","????"],"gold_per_floor":[179,179,54,54,54,81,81,116,155,183,183,194,194,204,37,37,37],"floor_reached":16,"language":"SPA","playtime":3784,"items_purged":[],"score":298,"play_id":"8d2c0c17-a964-4376-b98a-201dd31d65f6","local_time":"20210209193926","daily_mods":["SealedDeck","Colorless Cards","Heirloom","Elite Swarm","Lethality"],"is_ascension_mode":true,"campfire_choices":[{"floor":7.0,"key":"RECALL"},{"data":"DoctorFetus","floor":11.0,"key":"SMITH"},{"data":"Mayhem","floor":13.0,"key":"SMITH"}],"circlet_count":0,"master_deck":["AscendersBane","DoctorFetus+1","expansioncontent:PrepareCrush","Bone_Bullets","Vampiric_Strike","Toxic_Smoke_Screen","Panacea","Blood_Curse","BettingIsNotGood","Bomb","Bone_Bullets","Enlightenment","Offering","Replay:Sssssssssshield+1","Consume_Illness+1","Injury","ReplayTheSpireMod:Brewmster","Mayhem+1","expansioncontent:Chronoboost","REME_PuzzleBox","Replay:Bootleg Shield Generator","Negative_Energy_Burst","Summon_Undead_Army"],"relics":["Vampire_Amulet","HushsDoor","REME_ComplimentaryCards","trackpad:ZombieHeart","TheBean","Dota2Spire:BattleFury","halation:QuantumPhysicsTextbook","infinitespire:Broken Mirror","Dota2Spire:MagicBottle"],"acts_visited":["Menagerie:Menagerie"],"potions_floor_usage":[],"damage_taken":[{"damage":0.0,"enemies":"Menagerie:Hydra","floor":6.0,"turns":3.0},{"damage":22.0,"enemies":"Menagerie:VoidReaper","floor":8.0,"turns":3.0},{"damage":13.0,"enemies":"Menagerie:WhisperingWraith","floor":9.0,"turns":5.0},{"damage":0.0,"enemies":"Menagerie:MaskedSummoner","floor":10.0,"turns":3.0},{"damage":7.0,"enemies":"Menagerie:WhisperingWraith","floor":12.0,"turns":3.0},{"damage":1.0,"enemies":"Menagerie:2_RABBITS","floor":14.0,"turns":2.0},{"damage":27,"enemies":"Menagerie:AVATARS","floor":16,"turns":1}],"seed_played":"4811986328751354280","potions_obtained":[{"floor":8.0,"key":"Fire Potion"},{"floor":10.0,"key":"Dota2Spire:Clarity"},{"floor":14.0,"key":"Energy Potion"}],"is_trial":true,"path_per_floor":["?","?","?","$","?","E","R","E","MIM","E","R","M","R","M","R","B"],"character_chosen":"NECROMANCER","items_purchased":["Summon_Undead_Army"],"campfire_rested":0,"item_purchase_floors":[15],"current_hp_per_floor":[37,37,37,37,37,38,38,21,11,20,20,18,18,25,25,0,0],"gold":37,"neow_bonus":"","is_daily":false,"chose_seed":false,"campfire_upgraded":2,"win_rate":0.0,"timestamp":1612921166,"path_taken":["?","?","?","$","?","E","R","E","MIM","E","R","M","R","?","R","BOSS"],"items_purchased_type":["Card"],"build_version":"2020-12-22","purchased_purges":0,"victory":false,"max_hp_per_floor":[37,37,37,37,37,38,38,39,40,41,41,42,42,44,44,44,44],"relic_stats":{"counters":[7,20],"obtain_stats":[{"KeepersGift":0,"Dota2Spire:MagicBottle":10,"trackpad:ZombieHeart":0,"TheBean":0,"halation:QuantumPhysicsTextbook":6,"infinitespire:Broken Mirror":8,"Vampire_Amulet":0,"Dota2Spire:BattleFury":5,"HushsDoor":0,"REME_ComplimentaryCards":0},{"KeepersGift":0,"Dota2Spire:MagicBottle":4,"trackpad:ZombieHeart":0,"TheBean":0,"halation:QuantumPhysicsTextbook":1,"infinitespire:Broken Mirror":2,"Vampire_Amulet":0,"Dota2Spire:BattleFury":0,"HushsDoor":0,"REME_ComplimentaryCards":0},{"KeepersGift":0,"Dota2Spire:MagicBottle":14,"trackpad:ZombieHeart":0,"TheBean":0,"halation:QuantumPhysicsTextbook":3,"infinitespire:Broken Mirror":6,"Vampire_Amulet":0,"Dota2Spire:BattleFury":0,"HushsDoor":0,"REME_ComplimentaryCards":0}]},"card_choices":[{"not_picked":[],"picked":"DoctorFetus","floor":0.0},{"not_picked":["expansioncontent:Hexaburn+1","REME_MagicPocketWatch+1"],"picked":"Replay:Sssssssssshield+1","floor":3.0},{"not_picked":["Degenerate+1","Blood_Whip+1"],"picked":"Consume_Illness+1","floor":3.0},{"not_picked":["Detonate_Bones","Secret Weapon"],"picked":"ReplayTheSpireMod:Brewmster","floor":6.0},{"not_picked":["BloodyBrimstone","The Bomb"],"picked":"Mayhem","floor":8.0},{"not_picked":["Necrotic_Claws","Bone_Armor"],"picked":"expansioncontent:Chronoboost","floor":9.0},{"not_picked":["ReplayTheSpireMod:Brewmster","Blood_Wake"],"picked":"REME_PuzzleBox","floor":10.0},{"not_picked":["Negative_Energy_Mist","Toxic_Smoke_Screen"],"picked":"Replay:Bootleg Shield Generator","floor":12.0},{"not_picked":["Blood_Whip","Panacea"],"picked":"Negative_Energy_Burst","floor":14.0}],"player_experience":4002564,"relics_obtained":[{"floor":6.0,"key":"halation:QuantumPhysicsTextbook"},{"floor":8.0,"key":"infinitespire:Broken Mirror"},{"floor":10.0,"key":"Dota2Spire:MagicBottle"}],"event_choices":[{"damage_healed":0.0,"max_hp_gain":0.0,"max_hp_loss":0.0,"gold_gain":0.0,"event_name":"betterMatch:BetterMatch","player_choice":"2","floor":3.0,"gold_loss":0.0,"damage_taken":0.0,"cards_obtained":["betterMatch:ColorlessUncommonCard","betterMatch:CommonCard"]},{"damage_healed":0.0,"max_hp_gain":0.0,"max_hp_loss":0.0,"gold_gain":0.0,"event_name":"Menagerie:ThreeAnimals","player_choice":"Lion","floor":5.0,"gold_loss":0.0,"damage_taken":0.0,"relics_obtained":["Dota2Spire:BattleFury"],"cards_obtained":["Injury"]}],"is_beta":false,"boss_relics":[],"items_purged_floors":[],"is_endless":false,"potions_floor_spawned":[8,10,12,14],"killed_by":"Menagerie:AVATARS","ascension_level":20,"is_humility":true}}