{"host":"jz4ul6vrcxqkcr33","time":1612998139,"event":{"mods":["BaseMod","Minty Spire (QoL Compilation)","StSLib"],"gold_per_floor":[99,99,99,99,8,8,8,8,8,8,8,8,8,8,8,8,8,8,8,8,8,0,0,0,0,0,0,0,0,0,0,0,0,0],"floor_reached":33,"language":"ENG","playtime":1493,"items_purged":[],"score":540,"play_id":"0f4b7578-8e57-4997-a56f-09952f473fa8","local_time":"20210210180219","is_ascension_mode":true,"campfire_choices":[{"floor":7.0,"key":"REST"},{"floor":12.0,"key":"REST"},{"data":"Choke","floor":15.0,"key":"SMITH"},{"floor":24.0,"key":"REST"},{"data":"Night Terror","floor":28.0,"key":"SMITH"},{"data":"Die Die Die","floor":32.0,"key":"SMITH"}],"circlet_count":0,"master_deck":["Strike_G","Strike_G","Strike_G","Strike_G","Defend_G","Defend_G","Defend_G","Defend_G","Defend_G","Survivor","Neutralize","Accuracy","Flechettes","Quick Slash","Choke","Dodge and Roll","Bouncing Flask","Choke+1","Dagger Spray","Riddle With Holes","Night Terror+1","CurseOfTheBell","Acrobatics+1","Ghostly","Ghostly","Ghostly","Ghostly","Ghostly","Calculated Gamble+1","Die Die Die+1","Venomology","PiercingWail","PiercingWail+1","Riddle With Holes+1"],"relics":["Ectoplasm","Meat on the Bone","Vajra","Blood Vial","WingedGreaves","Calling Bell","Nunchaku","Frozen Egg 2","Gambling Chip","Nilry\u0027s Codex","Orichalcum","Ninja Scroll","Letter Opener","Pear"],"acts_visited":["Exordium","TheCity"],"potions_floor_usage":[33,33,33,33,33,33],"damage_taken":[{"damage":7.0,"enemies":"Jaw Worm","floor":1.0,"turns":4.0},{"damage":1.0,"enemies":"Cultist","floor":3.0,"turns":4.0},{"damage":22.0,"enemies":"3 Sentries","floor":6.0,"turns":10.0},{"damage":17.0,"enemies":"Gremlin Nob","floor":8.0,"turns":4.0},{"damage":30.0,"enemies":"Lagavulin","floor":11.0,"turns":4.0},{"damage":2.0,"enemies":"2 Louse","floor":14.0,"turns":2.0},{"damage":51.0,"enemies":"Hexaghost","floor":16.0,"turns":10.0},{"damage":26.0,"enemies":"Spheric Guardian","floor":18.0,"turns":6.0},{"damage":0.0,"enemies":"2 Thieves","floor":22.0,"turns":5.0},{"damage":12.0,"enemies":"Slavers","floor":23.0,"turns":9.0},{"damage":0.0,"enemies":"Book of Stabbing","floor":25.0,"turns":8.0},{"damage":0.0,"enemies":"Gremlin Leader","floor":27.0,"turns":9.0},{"damage":0.0,"enemies":"Snecko","floor":29.0,"turns":5.0},{"damage":0.0,"enemies":"Slavers","floor":30.0,"turns":5.0},{"damage":51,"enemies":"Champ","floor":33,"turns":10}],"seed_played":"188506686681678027","potions_obtained":[{"floor":1.0,"key":"SneckoOil"},{"floor":11.0,"key":"Dexterity Potion"},{"floor":16.0,"key":"AttackPotion"},{"floor":18.0,"key":"Fire Potion"},{"floor":23.0,"key":"SkillPotion"},{"floor":25.0,"key":"SteroidPotion"},{"floor":30.0,"key":"EntropicBrew"}],"is_trial":false,"path_per_floor":["M","?","M","?","$","E","R","E","T","?","E","R","$","M","R","B",null,"M","?","?","?","M","E","R","E","T","E","R","M","E","?","R","B"],"character_chosen":"THE_SILENT","items_purchased":["Choke","Dodge and Roll"],"campfire_rested":3,"item_purchase_floors":[5,5],"current_hp_per_floor":[63,63,62,62,62,40,61,44,44,49,33,55,55,55,55,18,61,49,37,21,33,35,25,36,37,37,37,37,37,47,40,40,0,0],"gold":0,"neow_bonus":"BOSS_RELIC","is_daily":false,"chose_seed":false,"campfire_upgraded":3,"win_rate":0.0,"timestamp":1612998139,"path_taken":["M","?","?","?","$","E","R","E","T","?","E","R","?","?","R","BOSS","M","?","?","?","M","E","R","E","T","E","R","M","E","?","R","BOSS"],"items_purchased_type":["Card","Card"],"build_version":"2020-12-13","purchased_purges":0,"victory":false,"max_hp_per_floor":[70,70,70,70,70,70,70,70,70,75,75,75,75,75,75,75,75,75,37,37,37,37,37,37,37,37,37,37,37,47,52,52,52,52],"card_choices":[{"not_picked":["Quick Slash","Caltrops"],"picked":"Accuracy","floor":1.0},{"not_picked":["Deadly Poison","Sucker Punch"],"picked":"Quick Slash","floor":3.0},{"not_picked":["Distraction","PiercingWail"],"picked":"Bouncing Flask","floor":6.0},{"not_picked":["Accuracy","Sucker Punch"],"picked":"Choke","floor":8.0},{"not_picked":["Poisoned Stab","Flechettes"],"picked":"Dagger Spray","floor":11.0},{"not_picked":["Backflip","Dagger Throw"],"picked":"Riddle With Holes","floor":14.0},{"not_picked":["Venomology","Phantasmal Killer"],"picked":"Night Terror","floor":16.0},{"not_picked":["Choke","Caltrops+1"],"picked":"Acrobatics+1","floor":18.0},{"not_picked":["Quick Slash","Setup"],"picked":"Calculated Gamble+1","floor":22.0},{"not_picked":["Prepared","Expertise"],"picked":"Die Die Die","floor":23.0},{"not_picked":["Poisoned Stab","Choke"],"picked":"Venomology","floor":25.0},{"not_picked":["Predator","Bane+1"],"picked":"PiercingWail","floor":27.0},{"not_picked":["All Out Attack","Poisoned Stab+1"],"picked":"PiercingWail+1","floor":29.0},{"not_picked":["Crippling Poison","Flying Knee"],"picked":"Riddle With Holes+1","floor":30.0}],"player_experience":215144,"relics_obtained":[{"floor":6.0,"key":"Meat on the Bone"},{"floor":8.0,"key":"Vajra"},{"floor":9.0,"key":"Blood Vial"},{"floor":11.0,"key":"WingedGreaves"},{"floor":17.0,"key":"Nunchaku"},{"floor":17.0,"key":"Frozen Egg 2"},{"floor":17.0,"key":"Gambling Chip"},{"floor":20.0,"key":"Nilry\u0027s Codex"},{"floor":23.0,"key":"Orichalcum"},{"floor":25.0,"key":"Ninja Scroll"},{"floor":27.0,"key":"Letter Opener"},{"floor":30.0,"key":"Pear"}],"event_choices":[{"damage_healed":0.0,"max_hp_gain":0.0,"max_hp_loss":0.0,"gold_gain":0.0,"cards_transformed":["Strike_G"],"event_name":"Transmorgrifier","player_choice":"Transformed","floor":2.0,"gold_loss":0.0,"damage_taken":0.0,"cards_obtained":["Flechettes"]},{"damage_healed":0.0,"max_hp_gain":0.0,"max_hp_loss":0.0,"gold_gain":0.0,"event_name":"The Cleric","player_choice":"Leave","floor":4.0,"gold_loss":0.0,"damage_taken":0.0},{"damage_healed":0.0,"max_hp_gain":5.0,"max_hp_loss":0.0,"gold_gain":0.0,"event_name":"Big Fish","player_choice":"Donut","floor":10.0,"gold_loss":0.0,"damage_taken":0.0},{"damage_healed":0.0,"max_hp_gain":0.0,"max_hp_loss":38.0,"gold_gain":0.0,"event_name":"Ghosts","player_choice":"Became a Ghost","floor":19.0,"gold_loss":0.0,"damage_taken":0.0,"cards_obtained":["Ghostly","Ghostly","Ghostly","Ghostly","Ghostly"]},{"damage_healed":0.0,"max_hp_gain":0.0,"max_hp_loss":0.0,"gold_gain":0.0,"event_name":"Cursed Tome","player_choice":"Obtained Book","floor":20.0,"gold_loss":0.0,"damage_taken":16.0},{"damage_healed":12.0,"max_hp_gain":0.0,"max_hp_loss":0.0,"gold_gain":0.0,"event_name":"The Library","player_choice":"Heal","floor":21.0,"gold_loss":0.0,"damage_taken":0.0},{"damage_healed":0.0,"max_hp_gain":5.0,"max_hp_loss":0.0,"gold_gain":0.0,"event_name":"Forgotten Altar","player_choice":"Shed Blood","floor":31.0,"gold_loss":0.0,"damage_taken":12.0}],"is_beta":false,"boss_relics":[{"not_picked":["Tiny House","Coffee Dripper"],"picked":"Calling Bell"}],"items_purged_floors":[],"is_endless":false,"potions_floor_spawned":[1,11,16,18,23,25,30],"killed_by":"Champ","ascension_level":5}}