{"host":"9v3x998ddbx8o276","time":1612943489,"event":{"mods":["AchievementEnabler","BaseMod","Colored Map","Colored Powertips","Highlight Path","Minty Spire (QoL Compilation)","Quick Restart","Rare Cards Sparkle"],"gold_per_floor":[115,115,128,128,45,45,78,89,142,86,86,86],"floor_reached":11,"language":"ENG","playtime":273,"items_purged":[],"score":142,"play_id":"83f89362-06ff-4e02-be0b-c0572d4ec9e3","local_time":"20210210182129","is_ascension_mode":true,"campfire_choices":[{"floor":6.0,"key":"REST"}],"circlet_count":0,"master_deck":["AscendersBane","Strike_G","Strike_G","Strike_G","Strike_G","Strike_G","Defend_G","Defend_G","Defend_G","Defend_G","Survivor","Neutralize","Leg Sweep","Deadly Poison","Dagger Spray","Deadly Poison","Quick Slash","Leg Sweep"],"relics":["Black Star","Art of War","Tiny Chest","Blood Vial","Akabeko"],"acts_visited":["Exordium"],"potions_floor_usage":[],"damage_taken":[{"damage":11.0,"enemies":"Cultist","floor":1.0,"turns":6.0},{"damage":8.0,"enemies":"Jaw Worm","floor":3.0,"turns":6.0},{"damage":42.0,"enemies":"3 Sentries","floor":7.0,"turns":9.0},{"damage":10.0,"enemies":"Small Slimes","floor":8.0,"turns":3.0},{"damage":0,"enemies":"Lagavulin","floor":11,"turns":1}],"seed_played":"-3762684055655203591","potions_obtained":[{"floor":1.0,"key":"Fruit Juice"},{"floor":3.0,"key":"Block Potion"},{"floor":8.0,"key":"BlessingOfTheForge"}],"is_trial":false,"path_per_floor":["M","?","M","?","$","R","E","M","T","?","E"],"character_chosen":"THE_SILENT","items_purchased":["Dagger Spray","Deadly Poison"],"campfire_rested":1,"item_purchase_floors":[5,5],"current_hp_per_floor":[48,43,35,28,33,54,12,4,4,4,6,6],"gold":86,"neow_bonus":"BOSS_RELIC","is_daily":false,"chose_seed":false,"campfire_upgraded":0,"win_rate":0.0,"timestamp":1612943489,"path_taken":["M","?","M","?","$","R","E","M","T","?","E"],"items_purchased_type":["Card","Card"],"build_version":"2020-12-22","purchased_purges":0,"victory":false,"max_hp_per_floor":[66,66,66,66,71,71,71,71,71,71,71,71],"card_choices":[{"not_picked":["Concentrate","Outmaneuver"],"picked":"Leg Sweep","floor":1.0},{"not_picked":["Flying Knee","Poisoned Stab"],"picked":"Deadly Poison","floor":3.0},{"not_picked":["Deflect","Dagger Throw"],"picked":"Quick Slash","floor":7.0},{"not_picked":["Outmaneuver","Reflex"],"picked":"Leg Sweep","floor":8.0}],"player_experience":2236775,"relics_obtained":[{"floor":7.0,"key":"Tiny Chest"},{"floor":7.0,"key":"Blood Vial"},{"floor":9.0,"key":"Akabeko"}],"event_choices":[{"damage_healed":0.0,"max_hp_gain":0.0,"max_hp_loss":0.0,"gold_gain":0.0,"event_name":"Scrap Ooze","player_choice":"Success","floor":2.0,"gold_loss":0.0,"damage_taken":5.0,"relics_obtained":["Art of War"]},{"cards_removed":["Defend_G"],"damage_healed":0.0,"max_hp_gain":0.0,"max_hp_loss":0.0,"gold_gain":0.0,"event_name":"Golden Wing","player_choice":"Card Removal","floor":4.0,"gold_loss":0.0,"damage_taken":7.0},{"damage_healed":0.0,"max_hp_gain":0.0,"max_hp_loss":0.0,"gold_gain":0.0,"event_name":"World of Goop","player_choice":"Left Gold","floor":10.0,"gold_loss":56.0,"damage_taken":0.0}],"is_beta":false,"boss_relics":[],"items_purged_floors":[],"is_endless":false,"potions_floor_spawned":[1,3,8],"killed_by":"Lagavulin","ascension_level":20}}