{"host":"0nndazl0keusavit","time":1612918479,"event":{"mods":["AchievementEnabler","BaseMod","Colored Map","Curses Come First","Highlight Path","Minty Spire (QoL Compilation)","Relic Stats","StSLib"],"gold_per_floor":[112,132,142,142,152,152,181,181,181,181,211,211,211,222,222,298,298,310,310,327,35,35,35],"floor_reached":22,"language":"ENG","playtime":1131,"items_purged":["Shame"],"score":438,"play_id":"fd168b1d-6a3c-4e8c-acb5-4e67249746a0","local_time":"20210209195439","is_ascension_mode":true,"campfire_choices":[{"data":"Noxious Fumes","floor":6.0,"key":"SMITH"},{"data":"Catalyst","floor":8.0,"key":"SMITH"},{"floor":12.0,"key":"REST"},{"data":"Cloak And Dagger","floor":15.0,"key":"SMITH"}],"circlet_count":0,"master_deck":["AscendersBane","Strike_G","Strike_G","Strike_G","Strike_G","Strike_G","Defend_G","Defend_G","Defend_G+1","Defend_G","Defend_G","Survivor","Neutralize","Envenom","Riddle With Holes","Noxious Fumes+1","Poisoned Stab+1","Cloak And Dagger+1","Catalyst+1","Cloak And Dagger","Die Die Die","Catalyst","Blade Dance","Catalyst+1"],"relics":["Ring of the Snake","Gambling Chip","Pocketwatch","Blue Candle","Question Card","Philosopher\u0027s Stone","Singing Bowl","DollysMirror"],"acts_visited":["Exordium","TheCity"],"potions_floor_usage":[16,18,20],"damage_taken":[{"damage":2.0,"enemies":"Small Slimes","floor":1.0,"turns":5.0},{"damage":7.0,"enemies":"Jaw Worm","floor":2.0,"turns":4.0},{"damage":0.0,"enemies":"2 Louse","floor":3.0,"turns":3.0},{"damage":1.0,"enemies":"2 Fungi Beasts","floor":5.0,"turns":4.0},{"damage":22.0,"enemies":"Lagavulin","floor":7.0,"turns":6.0},{"damage":0.0,"enemies":"Gremlin Nob","floor":11.0,"turns":2.0},{"damage":1.0,"enemies":"Red Slaver","floor":14.0,"turns":4.0},{"damage":5,"enemies":"The Guardian","floor":16,"turns":8},{"damage":5,"enemies":"3 Byrds","floor":18,"turns":4},{"damage":26,"enemies":"Spheric Guardian","floor":20,"turns":6},{"damage":49,"enemies":"Shelled Parasite and Fungi","floor":22,"turns":3}],"seed_played":"7310040665689494493","potions_obtained":[{"floor":1.0,"key":"Poison Potion"},{"floor":2.0,"key":"Energy Potion"},{"floor":11.0,"key":"SkillPotion"},{"floor":16,"key":"DistilledChaos"},{"floor":18,"key":"DistilledChaos"},{"floor":20,"key":"Fire Potion"}],"is_trial":false,"path_per_floor":["M","M","M","?","M","R","E","R","T","?","E","R","?","M","R","B",null,"M","?","M","$","M"],"character_chosen":"THE_SILENT","items_purchased":["Blade Dance","DollysMirror"],"campfire_rested":1,"item_purchase_floors":[21,21],"current_hp_per_floor":[57,50,50,55,54,54,32,32,32,11,11,32,27,26,26,21,59,54,54,28,28,0,0],"gold":35,"neow_bonus":"ONE_RANDOM_RARE_CARD","is_daily":false,"chose_seed":false,"campfire_upgraded":3,"win_rate":0.0,"timestamp":1612918479,"path_taken":["M","M","M","?","M","R","E","R","T","?","E","R","?","M","R","BOSS","M","?","M","$","M"],"items_purchased_type":["Card","Relic"],"build_version":"2020-12-22","purchased_purges":1,"victory":false,"max_hp_per_floor":[66,66,66,71,71,71,71,71,71,71,71,71,71,71,71,71,71,71,71,71,71,71,71],"relic_stats":{"Singing Bowl":0,"counters":[11,49],"Gambling Chip":[12],"Blue Candle":[1],"Question Card":4,"obtain_stats":[{"Singing Bowl":19,"DollysMirror":21,"Gambling Chip":7,"Blue Candle":11,"Philosopher\u0027s Stone":17,"Question Card":13,"Ring of the Snake":0,"Pocketwatch":9},{"Singing Bowl":9,"DollysMirror":10,"Gambling Chip":5,"Blue Candle":6,"Philosopher\u0027s Stone":8,"Question Card":6,"Ring of the Snake":0,"Pocketwatch":5},{"Singing Bowl":40,"DollysMirror":46,"Gambling Chip":22,"Blue Candle":24,"Philosopher\u0027s Stone":36,"Question Card":24,"Ring of the Snake":0,"Pocketwatch":22}],"Ring of the Snake":[22],"Pocketwatch":[33]},"card_choices":[{"not_picked":["Deflect","Backflip"],"picked":"Riddle With Holes","floor":1.0},{"not_picked":["Dodge and Roll","Infinite Blades"],"picked":"Noxious Fumes","floor":2.0},{"not_picked":["Dagger Spray","Dodge and Roll"],"picked":"Poisoned Stab","floor":3.0},{"not_picked":["Crippling Poison","Backflip"],"picked":"Cloak And Dagger","floor":5.0},{"not_picked":["Bane","Sucker Punch"],"picked":"Catalyst","floor":7.0},{"not_picked":["Crippling Poison","Predator"],"picked":"Cloak And Dagger","floor":11.0},{"not_picked":["Dagger Spray","Reflex","Phantasmal Killer","Terror"],"picked":"SKIP","floor":14.0},{"not_picked":["Venomology","Envenom","Doppelganger"],"picked":"Die Die Die","floor":16},{"not_picked":["Finisher","Acrobatics","Riddle With Holes","Expertise"],"picked":"SKIP","floor":18},{"not_picked":["Bane","Acrobatics","Flying Knee"],"picked":"Catalyst","floor":20}],"player_experience":909210,"relics_obtained":[{"floor":7.0,"key":"Gambling Chip"},{"floor":9.0,"key":"Pocketwatch"},{"floor":11.0,"key":"Blue Candle"}],"event_choices":[{"damage_healed":0.0,"max_hp_gain":5.0,"max_hp_loss":0.0,"gold_gain":0.0,"event_name":"Big Fish","player_choice":"Donut","floor":4.0,"gold_loss":0.0,"damage_taken":0.0},{"damage_healed":0.0,"max_hp_gain":0.0,"max_hp_loss":0.0,"gold_gain":0.0,"event_name":"Shining Light","player_choice":"Entered Light","floor":10.0,"gold_loss":0.0,"damage_taken":21.0,"cards_upgraded":["Poisoned Stab","Defend_G"]},{"damage_healed":0.0,"max_hp_gain":0.0,"max_hp_loss":0.0,"gold_gain":0.0,"event_name":"Scrap Ooze","player_choice":"Success","floor":13.0,"gold_loss":0.0,"damage_taken":5.0,"relics_obtained":["Question Card"]},{"damage_healed":0,"gold_gain":0,"player_choice":"Stole Relic","damage_taken":0,"relics_obtained":["Singing Bowl"],"max_hp_gain":0,"max_hp_loss":0,"event_name":"Addict","floor":19,"gold_loss":0,"cards_obtained":["Shame"]}],"is_beta":false,"boss_relics":[{"not_picked":["Runic Dome","WristBlade"],"picked":"Philosopher\u0027s Stone"}],"items_purged_floors":[21],"is_endless":false,"potions_floor_spawned":[1,2,5,11,16,18,20],"killed_by":"Shelled Parasite and Fungi","ascension_level":20}}