{"host":"v0vmrynbtd2rjg7e","time":1612928953,"event":{"mods":["BaseMod","Colored Map","Downfall","Jedi Mod","KinomotoSakuraMod(Ä¾Ö®±¾Ó£)","Minty Spire (QoL Compilation)","Replay The Spire","Shop Mod","StSLib","The Hierophant"],"gold_per_floor":[213,213,213,213,213,221,240,240,276,276,276,263,49,72,72,96,96,140,140,122,139,139,139,157,136,136,162,162,143,110,160,160,160],"floor_reached":32,"language":"ZHS","playtime":1495,"items_purged":[],"score":355,"play_id":"8db9bea4-7d0b-4f62-8158-880d1ce7b226","local_time":"20210210114913","is_ascension_mode":false,"campfire_choices":[{"data":"hierophant:Punish","floor":8,"key":"SMITH"},{"data":"hierophant:Endure","floor":10,"key":"SMITH"},{"data":"hierophant:ChurchCoffers","floor":15,"key":"SMITH"},{"floor":17,"key":"REST"},{"data":"hierophant:ThreeLashes","floor":26,"key":"SMITH"}],"circlet_count":0,"master_deck":["hierophant:Strike_Hierophant","hierophant:Strike_Hierophant","hierophant:Strike_Hierophant+1","hierophant:Strike_Hierophant","hierophant:Punish+1","hierophant:Defend_Hierophant","hierophant:Defend_Hierophant","hierophant:Defend_Hierophant","hierophant:Defend_Hierophant+1","hierophant:ChurchCoffers+1","hierophant:MirrorShield","hierophant:Smite","hierophant:OrnateBuckler","hierophant:Endure+1","hierophant:Upheaval","hierophant:WrathOfGod","hierophant:Determination","hierophant:ThreeLashes+1","hierophant:HammerAndAnvil","hierophant:Anathema","hierophant:Smite","hierophant:ArchangelShield+1","hierophant:Community","hierophant:PristineSoul+1","hierophant:Patience","hierophant:FlamingChariot+1","hierophant:Embezzle"],"relics":["hierophant:PropheticMaskRelic","Golden Idol","Replay:Ringing Soul","Quantum Egg","SlaversCollar","MutagenicStrength","Gremlin Food","Simple Rune","Onion Ring","jedi:HeartOfTheCards"],"acts_visited":["Exordium","TheCity"],"potions_floor_usage":[9,9,25,25,30],"damage_taken":[{"damage":10,"enemies":"Cultist","floor":1,"turns":4},{"damage":3,"enemies":"Jaw Worm","floor":6,"turns":4},{"damage":0,"enemies":"2 Louse","floor":7,"turns":2},{"damage":9,"enemies":"3 Sentries","floor":9,"turns":4},{"damage":7,"enemies":"Looter","floor":12,"turns":3},{"damage":7,"enemies":"Large Slime","floor":14,"turns":4},{"damage":3,"enemies":"Red Slaver","floor":16,"turns":3},{"damage":66,"enemies":"Fading Forest","floor":18,"turns":11},{"damage":12,"enemies":"Chosen","floor":20,"turns":4},{"damage":0,"enemies":"Spheric Guardian","floor":21,"turns":1},{"damage":17,"enemies":"Snake Plant","floor":24,"turns":4},{"damage":4,"enemies":"Slavers","floor":25,"turns":1},{"damage":68,"enemies":"Cultist and Chosen","floor":29,"turns":7},{"damage":2,"enemies":"Gremlin Leader","floor":30,"turns":4},{"damage":16,"enemies":"Centurion and Healer","floor":32,"turns":3}],"seed_played":"-4250872141541496211","potions_obtained":[{"floor":1,"key":"EntropicBrew"},{"floor":12,"key":"LifebloodPotion"},{"floor":25,"key":"SkillPotion"}],"is_trial":false,"path_per_floor":["M","?","?","PTL","PTL","M","M","R","E","R","T","M","$","M","R","M","R","B",null,"M","M","?","?","M","E","R","T","T","M","E","?","M"],"character_chosen":"HIEROPHANT","items_purchased":["hierophant:WrathOfGod","hierophant:Determination"],"campfire_rested":1,"item_purchase_floors":[13,13],"current_hp_per_floor":[65,70,70,70,70,67,67,67,61,61,61,57,60,56,56,56,82,22,92,83,86,86,89,75,74,74,74,74,10,11,11,0,0],"gold":160,"neow_bonus":"HUNDRED_GOLD","is_daily":false,"chose_seed":false,"campfire_upgraded":4,"win_rate":0.0,"timestamp":1612928953,"path_taken":["M","?","?","PTL","PTL","M","M","R","E","R","T","M","$","M","R","M","R","BOSS","M","M","?","?","M","E","R","?","T","M","E","?","?"],"items_purchased_type":["Card","Card"],"build_version":"2020-12-22","purchased_purges":0,"victory":false,"max_hp_per_floor":[75,80,74,74,74,74,74,74,77,77,77,80,83,86,86,89,89,92,92,95,98,98,101,104,107,107,107,107,110,113,113,113,113],"card_choices":[{"not_picked":["hierophant:Purify","hierophant:Charity"],"picked":"hierophant:MirrorShield","floor":1},{"not_picked":["hierophant:Blessing","hierophant:PassingBell"],"picked":"hierophant:Smite","floor":6},{"not_picked":["hierophant:RustyCrate","hierophant:SealAway"],"picked":"hierophant:OrnateBuckler","floor":7},{"not_picked":["hierophant:FaithHealing","hierophant:DisplayOfPower"],"picked":"hierophant:Endure","floor":9},{"not_picked":["hierophant:ThreeLashes","hierophant:MirrorShield"],"picked":"hierophant:Upheaval","floor":12},{"not_picked":["hierophant:RecallFunds","hierophant:Shelter"],"picked":"hierophant:ThreeLashes","floor":14},{"not_picked":["hierophant:PassingBell","hierophant:Sermon"],"picked":"hierophant:HammerAndAnvil","floor":16},{"not_picked":["hierophant:BulkyChest","hierophant:Cornucopia"],"picked":"hierophant:Anathema","floor":18},{"not_picked":["hierophant:Shelter+1","hierophant:MorningPrayer"],"picked":"hierophant:Smite","floor":20},{"not_picked":["hierophant:Remorse+1","hierophant:AuricBeam"],"picked":"hierophant:ArchangelShield+1","floor":21},{"not_picked":["hierophant:Doubloon","hierophant:Generosity"],"picked":"hierophant:PristineSoul+1","floor":24},{"not_picked":["hierophant:Doubloon","hierophant:Glossolalia"],"picked":"hierophant:Patience","floor":25},{"not_picked":["hierophant:Doubloon","hierophant:RecallFunds"],"picked":"hierophant:FlamingChariot+1","floor":29},{"not_picked":["hierophant:Smite","hierophant:Community+1"],"picked":"hierophant:Embezzle","floor":30}],"player_experience":81388,"relics_obtained":[{"floor":9,"key":"Replay:Ringing Soul"},{"floor":11,"key":"Quantum Egg"},{"floor":25,"key":"Gremlin Food"},{"floor":27,"key":"Simple Rune"},{"floor":28,"key":"Onion Ring"},{"floor":30,"key":"jedi:HeartOfTheCards"}],"event_choices":[{"damage_healed":0,"gold_gain":0,"player_choice":"Donut","damage_taken":0,"max_hp_gain":5,"max_hp_loss":0,"event_name":"Big Fish","floor":2,"gold_loss":0},{"damage_healed":0,"gold_gain":0,"player_choice":"Lose Max HP","damage_taken":0,"relics_obtained":["Golden Idol"],"max_hp_gain":0,"max_hp_loss":6,"event_name":"Golden Idol","floor":3,"gold_loss":0},{"damage_healed":0,"gold_gain":0,"player_choice":"Inject Mutagens","damage_taken":0,"relics_obtained":["MutagenicStrength"],"max_hp_gain":0,"max_hp_loss":0,"event_name":"Drug Dealer","floor":22,"gold_loss":0},{"damage_healed":0,"gold_gain":0,"player_choice":"Read","damage_taken":0,"max_hp_gain":0,"max_hp_loss":0,"event_name":"The Library","floor":23,"gold_loss":0,"cards_obtained":["hierophant:Community"]},{"damage_healed":0,"gold_gain":100,"player_choice":"Bet on Murderer","damage_taken":0,"max_hp_gain":0,"max_hp_loss":0,"event_name":"The Joust","floor":31,"gold_loss":50}],"is_beta":false,"boss_relics":[{"not_picked":["Pandora\u0027s Box","ChewingGum"],"picked":"SlaversCollar"}],"items_purged_floors":[],"is_endless":false,"potions_floor_spawned":[1,12,14,16,18,25],"killed_by":"Centurion and Healer","ascension_level":0}}