{"host":"vlqejv0notyktumz","time":1612915729,"event":{"mods":["AchievementEnabler","BaseMod","Colored Map","Colored Powertips","Downfall","Googly Eyes","Minty Spire (QoL Compilation)","StSLib"],"gold_per_floor":[116,130,147,147,167,167,180,180,259,109,109,121,133,183,195,332,344,284,199,149,149,149,149],"floor_reached":22,"language":"ENG","playtime":570,"items_purged":[],"score":276,"play_id":"e7122b05-1f4e-4c5d-9740-8ca8630d4ab1","local_time":"20210209180849","is_ascension_mode":true,"campfire_choices":[{"data":"Footwork","floor":6,"key":"SMITH"},{"data":"Storm of Steel","floor":8,"key":"SMITH"},{"floor":13,"key":"REST"},{"floor":15,"key":"REST"}],"circlet_count":0,"master_deck":["AscendersBane","Strike_G","Strike_G","Strike_G","Strike_G","Strike_G","Defend_G","Defend_G","Defend_G","Defend_G","Defend_G","Survivor","Neutralize+1","Deadly Poison","Heel Hook","Deadly Poison","Footwork+1","Storm of Steel+1","Flying Knee","Noxious Fumes","Finisher","Terror","Deflect","A Thousand Cuts","Dash"],"relics":["Ring of the Snake","Peace Pipe","Question Card","Orrery","MawBank","Golden Idol","Smiling Mask","Ectoplasm","Pantograph"],"acts_visited":["Exordium","TheCity"],"potions_floor_usage":[14,22,22],"damage_taken":[{"damage":2,"enemies":"Jaw Worm","floor":1,"turns":6},{"damage":0,"enemies":"Cultist","floor":2,"turns":4},{"damage":0,"enemies":"2 Louse","floor":3,"turns":2},{"damage":1,"enemies":"Looter","floor":5,"turns":4},{"damage":21,"enemies":"Lots of Slimes","floor":7,"turns":7},{"damage":26,"enemies":"3 Sentries","floor":14,"turns":8},{"damage":26,"enemies":"The Guardian","floor":16,"turns":9},{"damage":37,"enemies":"2 Thieves","floor":18,"turns":4},{"damage":13,"enemies":"Shell Parasite","floor":21,"turns":7},{"damage":5,"enemies":"3 Cultists","floor":22,"turns":2}],"seed_played":"3591617183406293805","potions_obtained":[{"floor":2,"key":"SneckoOil"},{"floor":7,"key":"EssenceOfSteel"},{"floor":16,"key":"CultistPotion"},{"floor":21,"key":"champ:CounterPotion"}],"is_trial":false,"path_per_floor":["M","M","M","?","M","R","M","R","T","$","T","?","R","E","R","B",null,"M","?","?","M","M"],"character_chosen":"THE_SILENT","items_purchased":["Orrery"],"campfire_rested":2,"item_purchase_floors":[10],"current_hp_per_floor":[61,61,61,61,60,60,39,39,39,39,39,39,58,32,51,25,55,18,18,18,5,0,0],"gold":149,"neow_bonus":"UPGRADE_CARD","is_daily":false,"chose_seed":false,"campfire_upgraded":2,"win_rate":0.0,"timestamp":1612915729,"path_taken":["M","M","M","?","M","R","M","R","T","$","?","?","R","E","R","BOSS","M","?","?","M","?"],"items_purchased_type":["Relic"],"build_version":"2020-12-22","purchased_purges":0,"victory":false,"max_hp_per_floor":[70,70,70,70,70,70,70,70,70,70,70,65,65,65,65,65,65,65,65,65,65,65,65],"card_choices":[{"not_picked":["Slice","Outmaneuver"],"picked":"Deadly Poison","floor":1},{"not_picked":["Flying Knee","Accuracy"],"picked":"Heel Hook","floor":2},{"not_picked":["All Out Attack","Quick Slash"],"picked":"Deadly Poison","floor":3},{"not_picked":["Finisher","Dagger Spray"],"picked":"Footwork","floor":5},{"not_picked":["Deflect","Endless Agony"],"picked":"Storm of Steel","floor":7},{"not_picked":["Cloak And Dagger","Outmaneuver","Dagger Throw"],"picked":"Flying Knee","floor":10},{"not_picked":["Reflex","Backflip","Underhanded Strike"],"picked":"Noxious Fumes","floor":10},{"not_picked":["Backstab","Calculated Gamble","Tactician"],"picked":"Finisher","floor":10},{"not_picked":["Malaise","Dagger Spray","Quick Slash"],"picked":"Terror","floor":10},{"not_picked":["Escape Plan","PiercingWail","Slice"],"picked":"Deflect","floor":10},{"not_picked":["Slice","Escape Plan","Deflect","Poisoned Stab"],"picked":"SKIP","floor":14},{"not_picked":["Tools of the Trade","Night Terror","Corpse Explosion"],"picked":"A Thousand Cuts","floor":16},{"not_picked":["Dagger Throw","Underhanded Strike+1","Dagger Spray","Slice"],"picked":"SKIP","floor":18},{"not_picked":["Underhanded Strike+1","Sucker Punch","Choke"],"picked":"Dash","floor":21}],"player_experience":408014,"relics_obtained":[{"floor":9,"key":"Question Card"},{"floor":11,"key":"MawBank"},{"floor":14,"key":"Smiling Mask"}],"event_choices":[{"damage_healed":0,"gold_gain":0,"player_choice":"Gave Potion","damage_taken":0,"relics_obtained":["Peace Pipe"],"max_hp_gain":0,"max_hp_loss":0,"event_name":"WeMeetAgain","floor":4,"gold_loss":0},{"damage_healed":0,"gold_gain":0,"player_choice":"Lose Max HP","damage_taken":0,"relics_obtained":["Golden Idol"],"max_hp_gain":0,"max_hp_loss":5,"event_name":"Golden Idol","floor":12,"gold_loss":0},{"damage_healed":0,"gold_gain":0,"player_choice":"Obtained Relic","damage_taken":0,"relics_obtained":["Pantograph"],"max_hp_gain":0,"max_hp_loss":0,"event_name":"Addict","floor":19,"gold_loss":85},{"damage_healed":0,"gold_gain":0,"player_choice":"Bet on Owner","damage_taken":0,"max_hp_gain":0,"max_hp_loss":0,"event_name":"The Joust","floor":20,"gold_loss":50}],"is_beta":false,"boss_relics":[{"not_picked":["Coffee Dripper","Astrolabe"],"picked":"Ectoplasm"}],"items_purged_floors":[],"is_endless":false,"potions_floor_spawned":[2,7,16,21],"killed_by":"3 Cultists","ascension_level":10}}