{"host":"zgbhbccg3hs73yp6","time":1612947981,"event":{"mods":["ATMod(°¢èªMod)","AchievementEnabler","BaseMod","Colored Powertips","Minty Spire (QoL Compilation)","StSLib","The Bug Knight","The Servant 0.9.4"],"gold_per_floor":[111,131,84,98,98,128,128,138,138,173,186,206,206,232,232,232,232],"floor_reached":16,"language":"ZHS","playtime":1054,"items_purged":[],"score":128,"play_id":"ebb7f81d-baa2-4064-b76a-e341fa98f5ae","local_time":"20210210170621","is_ascension_mode":true,"campfire_choices":[{"data":"Burst","floor":7,"key":"SMITH"},{"data":"Crippling Poison","floor":13,"key":"SMITH"},{"data":"AT_WindFlip","floor":15,"key":"SMITH"}],"circlet_count":0,"master_deck":["Strike_G","Strike_G","Strike_G","Strike_G","Strike_G","Defend_G","Defend_G","Defend_G","Defend_G","Defend_G","Survivor","Neutralize","AT_FocusSwordFire","Crippling Poison+1","Quick Slash","Outmaneuver","Flying Knee","Burst+1","Dodge and Roll","Dagger Spray","Leg Sweep","AT_WindFlip+1","Caltrops","Underhanded Strike"],"relics":["Ring of the Snake","AT_ATBox","NeowsBlessing","Ninja Scroll","AT_ForceNature","Orichalcum","Bag of Preparation"],"acts_visited":["Exordium"],"potions_floor_usage":[10,12,12,14],"damage_taken":[{"damage":0,"enemies":"Jaw Worm","floor":1,"turns":1},{"damage":0,"enemies":"Cultist","floor":2,"turns":1},{"damage":0,"enemies":"Small Slimes","floor":4,"turns":1},{"damage":34,"enemies":"3 Sentries","floor":6,"turns":10},{"damage":12,"enemies":"Exordium Thugs","floor":8,"turns":4},{"damage":3,"enemies":"Gremlin Nob","floor":10,"turns":3},{"damage":0,"enemies":"Lots of Slimes","floor":11,"turns":2},{"damage":0,"enemies":"Gremlin Gang","floor":12,"turns":3},{"damage":3,"enemies":"3 Sentries","floor":14,"turns":4},{"damage":18,"enemies":"Slime Boss","floor":16,"turns":7}],"seed_played":"-6541008104331037212","potions_obtained":[{"floor":2,"key":"Energy Potion"},{"floor":8,"key":"LiquidMemories"},{"floor":11,"key":"SkillPotion"},{"floor":12,"key":"Explosive Potion"}],"is_trial":false,"path_per_floor":["M","M","$","M","?","E","R","M","T","E","M","M","R","E","R","B"],"character_chosen":"THE_SILENT","items_purchased":["Outmaneuver"],"campfire_rested":0,"item_purchase_floors":[3],"current_hp_per_floor":[70,70,70,70,70,36,36,24,24,21,21,21,21,18,18,0,0],"gold":232,"neow_bonus":"THREE_ENEMY_KILL","is_daily":false,"chose_seed":false,"campfire_upgraded":3,"win_rate":0.0,"timestamp":1612947981,"path_taken":["M","M","$","M","?","E","R","M","T","E","M","?","R","E","R","BOSS"],"items_purchased_type":["Card"],"build_version":"2020-12-22","purchased_purges":0,"victory":false,"max_hp_per_floor":[70,70,70,70,70,70,70,70,70,70,70,70,70,70,70,70,70],"card_choices":[{"not_picked":["Backflip","Dagger Spray"],"picked":"Crippling Poison","floor":1},{"not_picked":["AT_ThistleTea","Eviscerate"],"picked":"Quick Slash","floor":2},{"not_picked":["Backflip","Bane"],"picked":"Flying Knee","floor":4},{"not_picked":["Finisher","Phantasmal Killer"],"picked":"Dodge and Roll","floor":6},{"not_picked":["Flying Knee","AT_FocusSwordFire"],"picked":"Dagger Spray","floor":8},{"not_picked":["Dagger Spray","AT_FocusSwordFire"],"picked":"Leg Sweep","floor":10},{"not_picked":["Dagger Throw","Deflect"],"picked":"AT_WindFlip","floor":11},{"not_picked":["Flying Knee","Reflex"],"picked":"Caltrops","floor":12},{"not_picked":["Prepared","Slice"],"picked":"Underhanded Strike","floor":14}],"player_experience":73400,"relics_obtained":[{"floor":6,"key":"Ninja Scroll"},{"floor":9,"key":"AT_ForceNature"},{"floor":10,"key":"Orichalcum"},{"floor":14,"key":"Bag of Preparation"}],"event_choices":[{"damage_healed":0,"gold_gain":0,"player_choice":"1 cards matched","damage_taken":0,"max_hp_gain":0,"max_hp_loss":0,"event_name":"Match and Keep!","floor":5,"gold_loss":0,"cards_obtained":["Burst"]}],"is_beta":false,"boss_relics":[],"items_purged_floors":[],"is_endless":false,"potions_floor_spawned":[2,8,11,12],"killed_by":"Slime Boss","ascension_level":1}}