{"host":"i73ch23exsqar74a","time":1612941915,"event":{"mods":["AchievementEnabler","Aspiration","Astrologer","Bard","Bartender","BaseMod","Beaked The Cultist","Better Sensory Stone","CCEM2","CapriCore","Challenge The Spire","ChefMod","Chen","Colored Map","Colored Powertips","Conjunction","Conspire","Downfall","Fireblade Mod","FutureSeer","GifTheSpireLib","Glutton Mod","Gremlin Mod","Halation","Hermit","Highlight Path","HololiveMod","Hubris","Infinite Spire","Jedi Mod","Lobotomy","LobotomyExtend","Luminous","Marked Mod","Minty Spire (QoL Compilation)","Prisma Mod","Quarter Circle Forward PUNCH!","Quick Restart","Random Character Button","RatMod","Relic Sorter","Reliquary","Replay The Spire","SOS???????","Shade Mod","Spicy Shops","Spikes Relics","Spire Arcade","StSLib","Stuff the Spire","The Alterego","The Animator","The Bug Knight","The Construct","The Cursed","The Druid","The Exalted","The Immortal","The Judge","The Poker Player","The Sage","The Wild Card","TheHero","TheSwordswoman","TheVacant","TheVelvet","Thieving Mod","Yuri Mod","???Mod??????Boss","???mod?????"],"gold_per_floor":[123,123,123,146,146,146,56,56,56,56,91,18,44,89,89,217,217,254,254,254,278,278,278,330,348,424,424,424,424,424,424,424,549,549,663,663,663,663,663,699,699,699,699,699,713,713,713,682,682,682,682,682,682,763,763,763],"floor_reached":55,"language":"ENG","playtime":3141,"items_purged":[],"score":955,"play_id":"c61914c0-287e-4998-be29-5f3c08d63137","local_time":"20210210112515","is_ascension_mode":false,"campfire_choices":[{"data":"animator:Zero","floor":6.0,"key":"SMITH"},{"data":"animator:DolaSchwi","floor":8.0,"key":"SMITH"},{"data":"animator:Laby","floor":15.0,"key":"SMITH"},{"data":"animator:Mikaela","floor":23.0,"key":"SMITH"},{"data":"animator:YachiyoNanami","floor":27.0,"key":"SMITH"},{"data":"RitualDagger","floor":30.0,"key":"SMITH"},{"data":"animator:Lancer","floor":32.0,"key":"SMITH"},{"data":"animator:HinaKagiyama","floor":41.0,"key":"SMITH"},{"data":"infinitespire:SevenWalls","floor":44.0,"key":"SMITH"},{"data":"animator:SayakaMiki","floor":47.0,"key":"SMITH"},{"data":"animator:MisakiNakahara","floor":49.0,"key":"SMITH"},{"data":"animator:HomuraAkemi","floor":53,"key":"SMITH"}],"circlet_count":0,"master_deck":["animator:Strike_MadokaMagica","animator:Defend_MadokaMagica","animator:Strike","animator:Strike","animator:Strike","animator:Defend","animator:Defend","animator:Defend","animator:IrohaTamaki","animator:YuiTsuruno","animator:Zero","animator:DolaSchwi","Injury","animator:Mikaela","animator:KyokoSakura","animator:SayakaMiki","animator:Laby","animator:Sora","animator:Lancer","animator:YachiyoNanami","animator:KyokoSakura","Languid","RitualDagger","animator:HomuraAkemi","downfall:Bewildered","hermit:Snapshot","animator:HomuraAkemi","animator:MisakiNakahara","Dash","animator:Togame","Looming Evil","AscendersBane","animator:Darkness","animator:HinaKagiyama","animator:Curse_Dizziness","Hatred","Decay","animator:SayakaMiki"],"relics":["animator:TheEgnaroPiece","animator:LivingPicture","animator:TheMissingPiece"],"acts_visited":["Exordium","TheCity","TheBeyond","TheEnding","EYB:TheUnnamedReign"],"potions_floor_usage":[],"damage_taken":[{"damage":0.0,"enemies":"Small Slimes","floor":1.0,"turns":3.0},{"damage":7.0,"enemies":"Cultist","floor":4.0,"turns":5.0},{"damage":0.0,"enemies":"Jaw Worm","floor":10.0,"turns":1.0},{"damage":0.0,"enemies":"Jaw Worm","floor":10.0,"turns":5.0},{"damage":0.0,"enemies":"Jaw Worm","floor":11.0,"turns":3.0},{"damage":2.0,"enemies":"Red Slaver","floor":13.0,"turns":3.0},{"damage":26.0,"enemies":"Gremlin Nob","floor":14.0,"turns":5.0},{"damage":29.0,"enemies":"Slime Boss","floor":16.0,"turns":8.0},{"damage":26.0,"enemies":"2 Thieves","floor":18.0,"turns":4.0},{"damage":0.0,"enemies":"2 Thieves","floor":19.0,"turns":1.0},{"damage":1.0,"enemies":"conspire:FuzzyDice","floor":21.0,"turns":4.0},{"damage":0.0,"enemies":"conspire:SneckoGhost","floor":24.0,"turns":6.0},{"damage":0.0,"enemies":"conspire:HollyBat","floor":25.0,"turns":6.0},{"damage":9.0,"enemies":"conspire:MysteriousRune","floor":33.0,"turns":6.0},{"damage":5.0,"enemies":"3 Darklings","floor":35.0,"turns":6.0},{"damage":0.0,"enemies":"Reptomancer","floor":40.0,"turns":7.0},{"damage":14.0,"enemies":"Orb Walker","floor":45.0,"turns":3.0},{"damage":0.0,"enemies":"3 Darklings","floor":48.0,"turns":6.0},{"damage":22,"enemies":"infinitespire:MassOfShapes","floor":50,"turns":10},{"damage":14,"enemies":"animator:TRIPLE_SHAPES_WEAK","floor":55,"turns":5}],"seed_played":"6773316307754504767","potions_obtained":[{"floor":1.0,"key":"ColorlessPotion"},{"floor":11.0,"key":"SkillPotion"},{"floor":35.0,"key":"jedi:hoardpotion"}],"is_trial":false,"path_per_floor":["M","?","?","M","?","R","$","R","T","M","M","$","M","E","R","B",null,"M","?","?","M","?","R","E","M","T","R","?","$","R","?","R","B",null,"M","?","?","?","T","E","R","AVR","T","R","M","?","R","M","R","B",null,null,"R","??","M"],"character_chosen":"THE_ANIMATOR","items_purchased":["TungstenRod","reliquary:Boomerang"],"campfire_rested":0,"item_purchase_floors":[7,12],"current_hp_per_floor":[66,66,66,59,66,66,66,66,66,66,66,66,65,39,67,39,68,42,68,68,67,67,68,68,68,68,68,63,63,68,68,68,60,69,64,64,64,64,64,64,69,69,69,69,55,55,69,69,69,47,47,69,69,86,72,72],"gold":763,"neow_bonus":"RANDOM_COLORLESS","is_daily":false,"chose_seed":false,"campfire_upgraded":12,"win_rate":0.0,"timestamp":1612941915,"path_taken":["M","?","?","M","?","R","$","R","T","?","M","?","?","E","R","BOSS","M","?","?","?","?","R","E","M","T","R","?","$","R","?","R","BOSS","M","?","?","?","?","E","R","AVR","T","R","?","?","R","M","R","BOSS","R","??","M"],"items_purchased_type":["Relic","Relic"],"build_version":"2020-12-22","purchased_purges":0,"victory":false,"max_hp_per_floor":[66,66,66,66,66,66,66,66,66,66,66,66,67,67,67,68,68,68,68,68,68,68,68,68,68,68,68,68,68,68,68,68,69,69,69,69,69,69,69,69,69,69,69,69,69,69,69,69,69,69,69,69,69,86,86,86],"card_choices":[{"not_picked":["animator:Cirno","animator:Kagari"],"picked":"animator:Zero","floor":0.0},{"not_picked":["animator:IzunaHatsuse","animator:Ain"],"picked":"animator:DolaSchwi","floor":1.0},{"not_picked":["animator:ZankiKiguchi","animator:Shinoa","beaked:BounceBack"],"picked":"animator:Mikaela","floor":4.0},{"not_picked":["animator:Alexander","animator:Yuuichirou","beaked:Flinch"],"picked":"animator:KyokoSakura","floor":11.0},{"not_picked":["animator:MamiTomoe","animator:YuiTsuruno"],"picked":"animator:SayakaMiki","floor":13.0},{"not_picked":["animator:RinTohsaka","animator:Nanami","beaked:CursingBlood"],"picked":"animator:Laby","floor":14.0},{"not_picked":["animator:Envy","animator:FeridBathory","beaked:CheekyTricks"],"picked":"animator:Sora","floor":16.0},{"not_picked":["animator:Rena","animator:Berserker","beaked:TuckingFeathers"],"picked":"animator:Lancer","floor":18.0},{"not_picked":["animator:ElricEdward+1","animator:Rena+1","animator:MaesHughes","beaked:Evade"],"picked":"SKIP","floor":21.0},{"not_picked":["animator:IrohaTamaki","animator:KyokoSakura"],"picked":"animator:YachiyoNanami","floor":24.0},{"not_picked":["animator:HiiragiShinya","animator:Azekura","beaked:FakeOut"],"picked":"animator:KyokoSakura","floor":25.0},{"not_picked":["animator:Biyorigo","animator:HigakiRinne","beaked:WildInstinct"],"picked":"animator:HomuraAkemi","floor":33.0},{"not_picked":["Future_Defend","bronze:Replicate","Neutralize"],"picked":"hermit:Snapshot","floor":34.0},{"not_picked":["animator:Envy","animator:Biyorigo","animator:HigakiRinne"],"picked":"animator:HomuraAkemi","floor":34.0},{"not_picked":["animator:NononJakuzure","animator:QuestionMark","animator:IchigoKurosaki"],"picked":"animator:MisakiNakahara","floor":34.0},{"not_picked":["infinitespire:UltimateForm","Replay:Fractal Strike","ReplayTheSpireMod:Echo Chamber"],"picked":"infinitespire:SevenWalls","floor":34.0},{"not_picked":["animator:ZankiKiguchi","animator:Elsword+1","beaked:Windmill"],"picked":"animator:Togame+1","floor":35.0},{"not_picked":["animator:TsurugaMeisai","animator:Azekura","animator:WinryRockbell+1","beaked:MaddeningMurmurs"],"picked":"SKIP","floor":40.0},{"not_picked":["animator:OrikoMikuni","animator:IrohaTamaki"],"picked":"animator:SayakaMiki","floor":45.0},{"not_picked":["animator:Mikaela","animator:Yoichi+1","animator:FeridBathory","beaked:DesperateSwing"],"picked":"SKIP","floor":48.0}],"player_experience":1429181,"relics_obtained":[{"floor":1.0,"key":"LetterFromLob"},{"floor":9.0,"key":"BrokenLever"},{"floor":14.0,"key":"Matryoshka"},{"floor":24.0,"key":"aspiration:FrozenJewel"},{"floor":26.0,"key":"ReplayTheSpireMod:TigerMarble"},{"floor":26.0,"key":"hubris:MysteriousPyramids"},{"floor":36.0,"key":"Ring of Hypnosis"},{"floor":36.0,"key":"ReplayTheSpireMod:Ring of Exchange"},{"floor":39.0,"key":"CCEMRelics:FakeTeeth"},{"floor":39.0,"key":"LugNut"},{"floor":40.0,"key":"jedi:arcanewood"},{"floor":43.0,"key":"Quantum Egg"},{"floor":54,"key":"animator:TheEgnaroPiece"}],"event_choices":[{"damage_healed":0.0,"max_hp_gain":0.0,"max_hp_loss":0.0,"gold_gain":0.0,"event_name":"Golden Idol","player_choice":"Take Wound","floor":3.0,"gold_loss":0.0,"damage_taken":0.0,"relics_obtained":["Golden Idol"],"cards_obtained":["Injury"]},{"damage_healed":0.0,"max_hp_gain":0.0,"max_hp_loss":0.0,"gold_gain":0.0,"event_name":"Back to Basics","player_choice":"Simplicity","floor":20.0,"gold_loss":0.0,"damage_taken":0.0,"cards_upgraded":["animator:Strike_MadokaMagica","animator:Defend_MadokaMagica","animator:Strike","animator:Strike","animator:Strike","animator:Defend","animator:Defend","animator:Defend"]},{"damage_healed":0.0,"max_hp_gain":0.0,"max_hp_loss":0.0,"gold_gain":0.0,"event_name":"Vampires","player_choice":"Ignored","floor":22.0,"gold_loss":0.0,"damage_taken":0.0},{"damage_healed":0.0,"max_hp_gain":0.0,"max_hp_loss":0.0,"gold_gain":0.0,"event_name":"Nest","player_choice":"Joined the Cult","floor":28.0,"gold_loss":0.0,"damage_taken":6.0,"cards_obtained":["RitualDagger"]},{"damage_healed":0.0,"max_hp_gain":0.0,"max_hp_loss":0.0,"gold_gain":3.0,"event_name":"betterStone:BetterStone","player_choice":"3","floor":37.0,"gold_loss":0.0,"damage_taken":0.0,"cards_obtained":["animator:Darkness"]}],"is_beta":false,"boss_relics":[{"not_picked":["reliquary:WritOfMandamus","conspire:SeveredTorchhead"],"picked":"Replay:Grab Bag"},{"not_picked":["conspire:RoyalGoblet","hubris:TerracottaHorce"],"picked":"halation:ForbiddenBikini"},{"not_picked":["reliquary:KinkedSpring","aspiration:FutureDiary"],"picked":"Cursed Key"},{"not_picked":["halation:LoveArrow","StuffTheSpire:Kangaroo"],"picked":"aspiration:PoetsPen"},{"not_picked":["Ring of Chaos","halation:PlatinumPhoenix"],"picked":"ReplayTheSpireMod:SealedPack"}],"items_purged_floors":[],"is_endless":false,"potions_floor_spawned":[1,11,13,18,19,35,40],"killed_by":"animator:TRIPLE_SHAPES_WEAK","ascension_level":0}}