{"host":"eedodlo27pfhzv3w","time":1612966033,"event":{"mods":["BaseMod","Colored Map","Downfall","Jedi Mod","Minty Spire (QoL Compilation)","StSLib","SuperFastMode","The Necromancer"],"gold_per_floor":[99,114,124,138,588,588,614,631,643,657,282,299,99,274,284,284,284,284],"floor_reached":16,"language":"ENG","playtime":681,"items_purged":[],"score":96,"play_id":"96d84db7-4048-49fb-a1b9-2c21e3031579","local_time":"20210210150713","is_ascension_mode":false,"campfire_choices":[{"floor":1,"key":"RECALL"},{"floor":13,"key":"REST"}],"circlet_count":0,"master_deck":["bronze:Strike","bronze:Strike","bronze:Strike","bronze:Strike","bronze:Defend","bronze:Defend","bronze:Defend","bronze:Defend","bronze:Replicate","bronze:Goto","bronze:CleanCode","bronze:CloningBeam","bronze:Turbo","bronze:BronzeOrb","downfall:Icky","downfall:Icky","bronze:FollowUp","bronze:Frontload","bronze:Flail","bronze:DelayedSlice","bronze:CutThrough","bronze:Constructor","Doubt","bronze:GetLatest"],"relics":["bronze:BronzeCore","TungstenRod","downfall:HeartBlessingBlue","downfall:HeartBlessingRed"],"acts_visited":["Exordium"],"potions_floor_usage":[8,9,16],"damage_taken":[{"damage":5,"enemies":"Small Slimes","floor":2,"turns":4},{"damage":5,"enemies":"Cultist","floor":3,"turns":5},{"damage":11,"enemies":"Jaw Worm","floor":4,"turns":5},{"damage":20,"enemies":"Large Slime","floor":8,"turns":6},{"damage":15,"enemies":"Exordium Thugs","floor":9,"turns":5},{"damage":0,"enemies":"Gremlin Gang","floor":10,"turns":6},{"damage":0,"enemies":"downfall:FleeingMerchant","floor":11,"turns":4},{"damage":12,"enemies":"2 Fungi Beasts","floor":12,"turns":4},{"damage":0,"enemies":"3 Louse","floor":15,"turns":2},{"damage":42,"enemies":"WA_ARCHETYPE_RETAIN","floor":16,"turns":10}],"seed_played":"4313201280641171171","potions_obtained":[{"floor":2,"key":"SkillPotion"},{"floor":3,"key":"SkillPotion"},{"floor":12,"key":"Block Potion"}],"is_trial":false,"path_per_floor":["R","M","M","M","?","?","T","M","M","M","$","M","R","?","M","B"],"character_chosen":"THE_AUTOMATON","items_purchased":["TungstenRod","bronze:CutThrough"],"campfire_rested":1,"item_purchase_floors":[11,11],"current_hp_per_floor":[70,65,60,49,49,49,49,29,14,14,14,2,36,36,36,0,0,0],"gold":284,"neow_bonus":"ONE_RANDOM_RARE_CARD","is_daily":false,"chose_seed":false,"campfire_upgraded":0,"win_rate":0.0,"timestamp":1612966033,"path_taken":["R","M","M","M","?","?","T","?","M","?","$","M","R","?","M","BOSS"],"items_purchased_type":["Relic","Card"],"build_version":"2020-12-22","purchased_purges":0,"victory":false,"max_hp_per_floor":[70,70,70,70,70,70,70,70,70,70,70,70,80,80,80,80,80,80],"card_choices":[{"not_picked":["bronze:BugBarrage","bronze:NullPointer"],"picked":"bronze:CloningBeam","floor":2},{"not_picked":["bronze:BitShift","bronze:BuggyMess"],"picked":"bronze:Turbo","floor":3},{"not_picked":["bronze:BuggyMess","bronze:Allocate"],"picked":"bronze:BronzeOrb","floor":4},{"not_picked":["bronze:Frontload","bronze:WildBeam"],"picked":"bronze:FollowUp","floor":8},{"not_picked":["bronze:Repulsor","bronze:Allocate"],"picked":"bronze:Frontload","floor":9},{"not_picked":["bronze:CloningBeam","bronze:Frontload"],"picked":"bronze:Flail","floor":10},{"not_picked":["bronze:WildBeam","bronze:Fortify"],"picked":"bronze:DelayedSlice","floor":11},{"not_picked":["bronze:Philosophize","bronze:ForLoop"],"picked":"bronze:Constructor","floor":12},{"not_picked":["bronze:BugBarrage","bronze:CloningBeam"],"picked":"bronze:GetLatest","floor":15}],"player_experience":210218,"relics_obtained":[],"event_choices":[{"cards_removed":["downfall:Icky"],"damage_healed":0,"gold_gain":0,"player_choice":"Card Removal","damage_taken":0,"max_hp_gain":0,"max_hp_loss":0,"event_name":"Wheel of Change","floor":6,"gold_loss":0}],"is_beta":false,"boss_relics":[],"items_purged_floors":[],"is_endless":false,"potions_floor_spawned":[2,3,12],"killed_by":"WA_ARCHETYPE_RETAIN","ascension_level":0}}