{"host":"vlqejv0notyktumz","time":1612986243,"event":{"mods":["AchievementEnabler","BaseMod","Colored Map","Colored Powertips","Downfall","Googly Eyes","Minty Spire (QoL Compilation)","StSLib"],"gold_per_floor":[116,41,56,75,95,95,114,114,114,114,134,134,134,152,152,257,257,231,58,58,58],"floor_reached":20,"language":"ENG","playtime":640,"items_purged":["Strike_B","Strike_B"],"score":257,"play_id":"70b91f9d-6866-4ea6-a12a-dd9773282427","local_time":"20210210134403","is_ascension_mode":true,"campfire_choices":[{"data":"Echo Form","floor":6,"key":"SMITH"},{"data":"Ball Lightning","floor":8,"key":"SMITH"},{"data":"Conserve Battery","floor":10,"key":"SMITH"},{"floor":15,"key":"REST"}],"circlet_count":0,"master_deck":["AscendersBane","Strike_B","Strike_B","Defend_B","Defend_B","Defend_B","Zap","Dualcast","Ball Lightning+1","Coolheaded","Conserve Battery+1","Echo Form+1","Cold Snap","Cold Snap","Conserve Battery","Meteor Strike","Defragment+1","Loop"],"relics":["Cracked Core","Blue Candle","Symbiotic Virus","Inserter"],"acts_visited":["Exordium","TheCity"],"potions_floor_usage":[20],"damage_taken":[{"damage":2,"enemies":"Jaw Worm","floor":1,"turns":3},{"damage":0,"enemies":"Small Slimes","floor":3,"turns":3},{"damage":0,"enemies":"Cultist","floor":4,"turns":3},{"damage":9,"enemies":"Red Slaver","floor":5,"turns":6},{"damage":8,"enemies":"Blue Slaver","floor":7,"turns":4},{"damage":11,"enemies":"2 Fungi Beasts","floor":11,"turns":3},{"damage":0,"enemies":"Red Slaver","floor":14,"turns":2},{"damage":16,"enemies":"Hexaghost","floor":16,"turns":11},{"damage":21,"enemies":"2 Thieves","floor":18,"turns":5},{"damage":45,"enemies":"3 Byrds","floor":20,"turns":3}],"seed_played":"5602784275115246241","potions_obtained":[{"floor":3,"key":"SpeedPotion"},{"floor":7,"key":"EssenceOfSteel"}],"is_trial":false,"path_per_floor":["M","$","M","M","M","R","M","R","T","R","M","?","?","M","R","B",null,"M","$","M"],"character_chosen":"DEFECT","items_purchased":["Loop"],"campfire_rested":1,"item_purchase_floors":[19],"current_hp_per_floor":[66,66,66,66,57,57,49,49,49,49,38,31,31,31,53,37,66,45,45,0,0],"gold":58,"neow_bonus":"THREE_CARDS","is_daily":false,"chose_seed":false,"campfire_upgraded":3,"win_rate":0.0,"timestamp":1612986243,"path_taken":["M","$","M","M","M","R","M","R","T","R","M","?","?","M","R","BOSS","M","$","M"],"items_purchased_type":["Card"],"build_version":"2020-12-22","purchased_purges":2,"victory":false,"max_hp_per_floor":[75,75,75,75,75,75,75,75,75,75,75,75,75,75,75,75,75,75,75,75,75],"card_choices":[{"not_picked":["Leap","Streamline"],"picked":"Ball Lightning","floor":0},{"not_picked":["Leap","Steam"],"picked":"Coolheaded","floor":1},{"not_picked":["Hologram","Turbo"],"picked":"Conserve Battery","floor":3},{"not_picked":["Conserve Battery","FTL"],"picked":"Echo Form","floor":4},{"not_picked":["Steam","Barrage"],"picked":"Cold Snap","floor":5},{"not_picked":["Streamline","Steam"],"picked":"Cold Snap","floor":7},{"not_picked":["Cold Snap","Coolheaded"],"picked":"Conserve Battery","floor":11},{"not_picked":["Redo","Hello World","Skim"],"picked":"SKIP","floor":14},{"not_picked":["Rainbow","Reboot"],"picked":"Meteor Strike","floor":16},{"not_picked":["Doom and Gloom+1","Force Field+1"],"picked":"Defragment+1","floor":18}],"player_experience":415674,"relics_obtained":[{"floor":9,"key":"Blue Candle"}],"event_choices":[{"damage_healed":0,"gold_gain":0,"player_choice":"Success","damage_taken":7,"relics_obtained":["Symbiotic Virus"],"max_hp_gain":0,"max_hp_loss":0,"event_name":"Scrap Ooze","floor":12,"gold_loss":0},{"cards_removed":["Defend_B"],"damage_healed":0,"gold_gain":0,"player_choice":"Offered Basic","damage_taken":0,"max_hp_gain":0,"max_hp_loss":0,"event_name":"Bonfire Elementals","floor":13,"gold_loss":0}],"is_beta":false,"boss_relics":[{"not_picked":["Nuclear Battery","Coffee Dripper"],"picked":"Inserter"}],"items_purged_floors":[2,19],"is_endless":false,"potions_floor_spawned":[3,7,16],"killed_by":"3 Byrds","ascension_level":11}}