{"host":"BK","time":1612932601,"event":{"mods":["BaseMod","Highlight Path","Minty Spire (QoL Compilation)","StSLib"],"gold_per_floor":[417,434,170,245,0,35,35,62,109,109,142,153,44,44,44,116,116,133,144,0,14,14,14,25,25,79,97,116,116,128,147,147,147,147],"floor_reached":33,"language":"ENG","playtime":6681,"items_purged":["Strike_P","Strike_P"],"score":534,"play_id":"d6a5e71d-13f1-4f90-bfa6-a1cc67e74995","local_time":"20210209215001","is_ascension_mode":true,"campfire_choices":[{"floor":7.0,"key":"REST"},{"data":"Wireheading","floor":15,"key":"SMITH"},{"floor":23,"key":"REST"},{"floor":25,"key":"REST"},{"floor":29,"key":"REST"},{"floor":32,"key":"REST"}],"circlet_count":0,"master_deck":["AscendersBane","Strike_P","Defend_P+1","Defend_P+1","Defend_P","Defend_P","Eruption","Vigilance","CurseOfTheBell","Wallop+1","FlurryOfBlows+1","JustLucky","LessonLearned","FollowUp","Protect","FearNoEvil","Tantrum","LikeWater","Prostrate","Wireheading+1","Brilliance","Meditate","TalkToTheHand","EmptyFist","ThirdEye","SandsOfTime","WheelKick","EmptyMind"],"relics":["Calling Bell","MealTicket","Kunai","Old Coin","Pen Nib","Nunchaku","Damaru","Toy Ornithopter","Oddly Smooth Stone","Velvet Choker","Bag of Marbles"],"acts_visited":["Exordium","TheCity"],"potions_floor_usage":[31,33],"damage_taken":[{"damage":2.0,"enemies":"Cultist","floor":1.0,"turns":4.0},{"damage":4.0,"enemies":"2 Louse","floor":2.0,"turns":3.0},{"damage":58.0,"enemies":"3 Sentries","floor":6.0,"turns":10.0},{"damage":1.0,"enemies":"Lagavulin","floor":8.0,"turns":5.0},{"damage":6,"enemies":"3 Sentries","floor":11,"turns":13},{"damage":3,"enemies":"Jaw Worm","floor":12,"turns":2},{"damage":4,"enemies":"Hexaghost","floor":16,"turns":7},{"damage":14,"enemies":"Shell Parasite","floor":18,"turns":4},{"damage":13,"enemies":"2 Thieves","floor":19,"turns":3},{"damage":18,"enemies":"Snecko","floor":21,"turns":7},{"damage":28,"enemies":"Snake Plant","floor":24,"turns":5},{"damage":19,"enemies":"Centurion and Healer","floor":27,"turns":4},{"damage":3,"enemies":"Cultist and Chosen","floor":28,"turns":6},{"damage":10,"enemies":"3 Cultists","floor":30,"turns":5},{"damage":15,"enemies":"Shelled Parasite and Fungi","floor":31,"turns":4},{"damage":34,"enemies":"Collector","floor":33,"turns":7}],"seed_played":"-9115557332072261402","potions_obtained":[{"floor":6.0,"key":"BlessingOfTheForge"},{"floor":12,"key":"SpeedPotion"},{"floor":16,"key":"SkillPotion"},{"floor":31,"key":"Fire Potion"}],"is_trial":false,"path_per_floor":["M","M","$","?","$","E","R","E","T","?","E","M","$","$","R","B",null,"M","M","?","M","?","R","M","R","T","M","M","R","M","M","R","B"],"character_chosen":"WATCHER","items_purchased":["JustLucky","Pen Nib","LessonLearned","FollowUp","Prostrate","Wireheading"],"campfire_rested":5,"item_purchase_floors":[3,3,5,5,13,13],"current_hp_per_floor":[59,55,68,57,68,10,30,29,29,29,23,20,35,50,50,46,63,49,36,36,18,18,38,10,30,30,11,8,28,18,8,28,0,0],"gold":147,"neow_bonus":"BOSS_RELIC","is_daily":false,"chose_seed":false,"campfire_upgraded":1,"win_rate":0.0,"timestamp":1612932601,"path_taken":["M","M","$","?","$","E","R","E","T","?","E","?","?","$","R","BOSS","M","M","?","M","?","R","M","R","T","M","M","R","M","M","R","BOSS"],"items_purchased_type":["Card","Relic","Card","Card","Card","Card"],"build_version":"2020-12-18","purchased_purges":2,"victory":false,"max_hp_per_floor":[68,68,68,68,68,68,68,68,68,68,68,68,68,68,68,68,68,68,68,68,68,68,68,68,68,68,68,68,68,68,68,68,68,68],"card_choices":[{"not_picked":["Protect","SashWhip"],"picked":"Wallop","floor":1.0},{"not_picked":["DeusExMachina","Halt"],"picked":"FlurryOfBlows","floor":2.0},{"not_picked":["Evaluate","Perseverance"],"picked":"Protect","floor":6.0},{"not_picked":["Indignation","PathToVictory"],"picked":"FearNoEvil","floor":8.0},{"not_picked":["Perseverance","SandsOfTime"],"picked":"Tantrum","floor":11},{"not_picked":["EmptyBody","Protect"],"picked":"LikeWater","floor":12},{"not_picked":["LessonLearned","SpiritShield"],"picked":"Brilliance","floor":16},{"not_picked":["Consecrate","Collect","PathToVictory"],"picked":"SKIP","floor":18},{"not_picked":["FollowUp","SashWhip"],"picked":"Meditate","floor":19},{"not_picked":["FearNoEvil","BowlingBash"],"picked":"TalkToTheHand","floor":21},{"not_picked":["FlurryOfBlows","Evaluate","EmptyFist"],"picked":"SKIP","floor":24},{"not_picked":["Consecrate","CarveReality"],"picked":"ThirdEye","floor":27},{"not_picked":["PathToVictory","LessonLearned"],"picked":"SandsOfTime","floor":28},{"not_picked":["FearNoEvil","EmptyFist"],"picked":"WheelKick","floor":30},{"not_picked":["ThirdEye","EmptyBody"],"picked":"EmptyMind","floor":31}],"player_experience":2547654,"relics_obtained":[{"floor":0.0,"key":"MealTicket"},{"floor":0.0,"key":"Kunai"},{"floor":0.0,"key":"Old Coin"},{"floor":6.0,"key":"Nunchaku"},{"floor":8.0,"key":"Damaru"},{"floor":9.0,"key":"Toy Ornithopter"},{"floor":11,"key":"Oddly Smooth Stone"},{"floor":26,"key":"Bag of Marbles"}],"event_choices":[{"damage_healed":0.0,"max_hp_gain":0.0,"max_hp_loss":0.0,"gold_gain":75.0,"event_name":"World of Goop","player_choice":"Gather Gold","floor":4.0,"gold_loss":0.0,"damage_taken":11.0},{"damage_healed":0.0,"max_hp_gain":0.0,"max_hp_loss":0.0,"gold_gain":0.0,"event_name":"Upgrade Shrine","player_choice":"Upgraded","floor":10.0,"gold_loss":0.0,"damage_taken":0.0,"cards_upgraded":["Wallop"]},{"damage_healed":0,"gold_gain":0,"player_choice":"Paid Fearfully","damage_taken":0,"max_hp_gain":0,"max_hp_loss":0,"event_name":"Masked Bandits","floor":20,"gold_loss":144},{"damage_healed":0,"gold_gain":0,"cards_transformed":["Strike_P"],"player_choice":"Transformed","damage_taken":0,"max_hp_gain":0,"max_hp_loss":0,"event_name":"Transmorgrifier","floor":22,"gold_loss":0,"cards_obtained":["EmptyFist"]}],"is_beta":true,"boss_relics":[{"not_picked":["Black Star","Busted Crown"],"picked":"Velvet Choker"}],"items_purged_floors":[3,5],"is_endless":false,"potions_floor_spawned":[6,12,16,18,19,27,31],"killed_by":"Collector","ascension_level":20}}