{"host":"ty2cix8xj6r3ad26","time":1612983195,"event":{"mods":["AchievementEnabler","BaseMod","BetterRewards","Marisa????????","Minty Spire (QoL Compilation)","Quick Restart","StSLib","SuperFastMode"],"gold_per_floor":[115,115,127,127,127,127,160,160,183,196,239,252,252,275,275,374,374,397,397,59,82,82,82,97,97,143,143,159,177,13,13,13,109,109,130,130,80,80,30,30,30,30,30,30,30],"floor_reached":44,"language":"ENG","playtime":2378,"items_purged":["Strike_R","Strike_R","Strike_R","Defend_R","Defend_R"],"score":774,"play_id":"1bb23fc8-feaa-4acf-88ea-007f01ef1344","local_time":"20210210205315","is_ascension_mode":true,"campfire_choices":[{"data":"True Grit","floor":6,"key":"SMITH"},{"data":"Rampage","floor":13,"key":"SMITH"},{"data":"Flame Barrier","floor":15,"key":"SMITH"},{"data":"Strike_R","floor":23,"key":"PURGE"},{"data":"Strike_R","floor":25,"key":"PURGE"},{"data":"Evolve","floor":27,"key":"SMITH"},{"data":"Bash","floor":32,"key":"SMITH"},{"data":"Defend_R","floor":40,"key":"PURGE"},{"floor":42,"key":"RECALL"}],"circlet_count":0,"master_deck":["AscendersBane","Bash+1","Rampage+1","Flame Barrier+1","True Grit+1","Power Through","Feel No Pain","Warcry","Corruption+1","Evolve+1","Exhume+1","Exhume+1","Shrug It Off+1","Finesse+1","Finesse+1"],"relics":["Burning Blood","Thread and Needle","Matryoshka","Golden Idol","Smiling Mask","Happy Flower","Bronze Scales","Ancient Tea Set","Black Star","Peace Pipe","Toxic Egg 2","Omamori","Fusion Hammer","Kunai"],"acts_visited":["Exordium","TheCity","TheBeyond"],"potions_floor_usage":[7,7,8,16,29,41,41],"damage_taken":[{"damage":0,"enemies":"Small Slimes","floor":1,"turns":3},{"damage":0,"enemies":"Jaw Worm","floor":3,"turns":3},{"damage":14,"enemies":"Lagavulin","floor":7,"turns":10},{"damage":0,"enemies":"2 Louse","floor":8,"turns":1},{"damage":1,"enemies":"Lots of Slimes","floor":10,"turns":3},{"damage":9,"enemies":"3 Sentries","floor":11,"turns":10},{"damage":0,"enemies":"Red Slaver","floor":12,"turns":4},{"damage":0,"enemies":"Looter","floor":14,"turns":4},{"damage":7,"enemies":"The Guardian","floor":16,"turns":9},{"damage":0,"enemies":"3 Byrds","floor":18,"turns":4},{"damage":18,"enemies":"Spheric Guardian","floor":21,"turns":7},{"damage":17,"enemies":"Centurion and Healer","floor":24,"turns":8},{"damage":5,"enemies":"Snake Plant","floor":28,"turns":5},{"damage":8,"enemies":"Shelled Parasite and Fungi","floor":29,"turns":4},{"damage":22,"enemies":"Champ","floor":33,"turns":13},{"damage":5,"enemies":"Orb Walker","floor":35,"turns":6},{"damage":15,"enemies":"Nemesis","floor":41,"turns":7},{"damage":60,"enemies":"Reptomancer","floor":44,"turns":3}],"seed_played":"7510537623059070231","potions_obtained":[{"floor":5,"key":"Fire Potion"},{"floor":5,"key":"DuplicationPotion"},{"floor":7,"key":"SmokeBomb"},{"floor":12,"key":"Weak Potion"},{"floor":14,"key":"SmokeBomb"},{"floor":24,"key":"ColorlessPotion"},{"floor":33,"key":"ColorlessPotion"}],"is_trial":false,"path_per_floor":["M","?","M","?","?","R","E","M","T","M","E","M","R","M","R","B",null,"M","?","$","M","?","R","M","R","T","R","M","M","$","?","R","B",null,"M","?","$","?","$","R","E","R","T","E"],"character_chosen":"IRONCLAD","items_purchased":["Rampage","Thread and Needle","Flame Barrier","Matryoshka","Peace Pipe","Exhume+1"],"campfire_rested":0,"item_purchase_floors":[0,0,0,0,20,30],"current_hp_per_floor":[42,42,48,28,28,28,20,26,26,31,28,34,34,40,40,39,70,76,76,76,64,64,64,53,53,53,53,54,52,52,52,52,36,69,70,60,60,60,60,60,51,51,51,0,0],"gold":30,"neow_bonus":"","is_daily":false,"chose_seed":false,"campfire_upgraded":5,"win_rate":0.0,"timestamp":1612983195,"path_taken":["M","?","M","?","?","R","E","M","T","?","E","M","R","M","R","BOSS","M","?","$","M","?","R","M","R","T","R","?","M","$","?","R","BOSS","M","?","$","?","$","R","E","R","T","E"],"items_purchased_type":["Card","Relic","Card","Relic","Relic","Card"],"build_version":"2020-12-22","purchased_purges":5,"victory":false,"max_hp_per_floor":[80,80,80,80,80,80,80,80,80,80,80,80,80,80,80,80,80,80,80,80,80,80,80,80,80,80,80,80,80,80,80,80,80,80,80,80,80,80,80,80,80,80,80,80,80],"card_choices":[{"not_picked":["Rage","Wild Strike"],"picked":"True Grit","floor":1},{"not_picked":["Flex","Metallicize"],"picked":"Power Through","floor":3},{"not_picked":["Heavy Blade","Flex","True Grit"],"picked":"SKIP","floor":7},{"not_picked":["Headbutt","Heavy Blade","Sword Boomerang"],"picked":"SKIP","floor":10},{"not_picked":["Ghostly Armor","Rampage","Armaments"],"picked":"SKIP","floor":11},{"not_picked":["Dropkick","Rupture"],"picked":"Feel No Pain","floor":12},{"not_picked":["True Grit","Fire Breathing"],"picked":"Warcry","floor":14},{"not_picked":["Immolate","Juggernaut"],"picked":"Corruption","floor":16},{"not_picked":["Cleave","Fire Breathing"],"picked":"Evolve","floor":18},{"not_picked":["Warcry","Flex","Pummel"],"picked":"SKIP","floor":21},{"not_picked":["Wild Strike","Warcry","Intimidate"],"picked":"SKIP","floor":24},{"not_picked":["Body Slam","Cleave","Heavy Blade"],"picked":"SKIP","floor":28},{"not_picked":["Clash","True Grit+1"],"picked":"Seeing Red+1","floor":29},{"not_picked":["Fiend Fire","Corruption"],"picked":"Exhume+1","floor":33},{"not_picked":["Infernal Blade+1","Headbutt"],"picked":"Shrug It Off+1","floor":35},{"not_picked":["Deep Breath+1","Purity+1"],"picked":"Finesse+1","floor":36},{"not_picked":["Secret Technique+1","Mind Blast"],"picked":"Finesse+1","floor":36}],"player_experience":571168,"relics_obtained":[{"floor":7,"key":"Smiling Mask"},{"floor":9,"key":"Happy Flower"},{"floor":9,"key":"Bronze Scales"},{"floor":11,"key":"Ancient Tea Set"},{"floor":26,"key":"Toxic Egg 2"},{"floor":26,"key":"Omamori"},{"floor":43,"key":"Kunai"}],"event_choices":[{"cards_removed":["Defend_R"],"damage_healed":0,"gold_gain":0,"player_choice":"Forget","damage_taken":0,"max_hp_gain":0,"max_hp_loss":0,"event_name":"Living Wall","floor":2,"gold_loss":0},{"damage_healed":0,"gold_gain":0,"player_choice":"Take Damage","damage_taken":20,"relics_obtained":["Golden Idol"],"max_hp_gain":0,"max_hp_loss":0,"event_name":"Golden Idol","floor":4,"gold_loss":0},{"damage_healed":0,"gold_gain":0,"player_choice":"Got Potions","damage_taken":0,"max_hp_gain":0,"max_hp_loss":0,"event_name":"Lab","floor":5,"gold_loss":0},{"damage_healed":0,"gold_gain":0,"player_choice":"Ignored","damage_taken":0,"max_hp_gain":0,"max_hp_loss":0,"event_name":"Ghosts","floor":19,"gold_loss":0},{"damage_healed":0,"gold_gain":0,"player_choice":"Forge","damage_taken":0,"max_hp_gain":0,"max_hp_loss":0,"event_name":"Accursed Blacksmith","floor":22,"gold_loss":0,"cards_upgraded":["Corruption"]},{"damage_healed":0,"gold_gain":0,"player_choice":"Memory 3","damage_taken":10,"max_hp_gain":0,"max_hp_loss":0,"event_name":"SensoryStone","floor":36,"gold_loss":0},{"cards_removed":["Seeing Red"],"damage_healed":0,"gold_gain":0,"player_choice":"Removed Skill","damage_taken":0,"max_hp_gain":0,"max_hp_loss":0,"event_name":"Falling","floor":38,"gold_loss":0}],"is_beta":false,"boss_relics":[{"not_picked":["Busted Crown","Black Blood"],"picked":"Black Star"},{"not_picked":["SacredBark","Astrolabe"],"picked":"Fusion Hammer"}],"items_purged_floors":[0,0,20,37,39],"is_endless":false,"potions_floor_spawned":[7,12,14,24,33,35,41],"killed_by":"Reptomancer","ascension_level":13}}