{"host":"5kirneupyg4uzd3w","time":1612962691,"event":{"mods":["BaseMod","Colored Map","Custom Start","Minty Spire (QoL Compilation)","StSLib","SuperFastMode"],"gold_per_floor":[111,122,137,137,150,150,163,195,195,195,195,154,198,34,34,34,34],"floor_reached":16,"language":"KOR","playtime":279,"items_purged":[],"score":220,"play_id":"e819ec00-794a-45c3-912d-b770de5603bb","local_time":"20210210221131","is_ascension_mode":true,"campfire_choices":[{"data":"Whirlwind","floor":6.0,"key":"SMITH"},{"floor":10.0,"key":"REST"},{"data":"Strike_R","floor":15.0,"key":"PURGE"}],"circlet_count":0,"master_deck":["AscendersBane","Strike_R","Defend_R","Defend_R","Defend_R","Defend_R","Bash","Whirlwind+1","Blood for Blood","Shockwave","Flex","Dual Wield"],"relics":["Empty Cage","Anchor","Peace Pipe","Golden Idol","Champion Belt","PreservedInsect"],"acts_visited":["Exordium"],"potions_floor_usage":[16],"damage_taken":[{"damage":1.0,"enemies":"Cultist","floor":1.0,"turns":3.0},{"damage":14.0,"enemies":"Small Slimes","floor":2.0,"turns":3.0},{"damage":6.0,"enemies":"Jaw Worm","floor":3.0,"turns":4.0},{"damage":16.0,"enemies":"2 Fungi Beasts","floor":5.0,"turns":3.0},{"damage":11.0,"enemies":"3 Louse","floor":7.0,"turns":2.0},{"damage":15.0,"enemies":"3 Sentries","floor":8.0,"turns":5.0},{"damage":8.0,"enemies":"Gremlin Nob","floor":13.0,"turns":3.0},{"damage":40,"enemies":"The Guardian","floor":16,"turns":7}],"seed_played":"4836310892482294228","potions_obtained":[{"floor":3.0,"key":"Block Potion"},{"floor":5.0,"key":"EntropicBrew"}],"is_trial":false,"path_per_floor":["M","M","M","?","M","R","M","E","T","R","?","?","E","$","R","B"],"character_chosen":"IRONCLAD","items_purchased":["PreservedInsect"],"campfire_rested":1,"item_purchase_floors":[14],"current_hp_per_floor":[67,53,47,47,31,31,20,5,5,27,27,27,19,19,19,0,0],"gold":34,"neow_bonus":"BOSS_RELIC","is_daily":false,"chose_seed":false,"campfire_upgraded":1,"win_rate":0.0,"timestamp":1612962691,"path_taken":["M","M","M","?","M","R","?","E","T","R","?","?","E","$","R","BOSS"],"items_purchased_type":["Relic"],"build_version":"2020-12-22","purchased_purges":0,"victory":false,"max_hp_per_floor":[75,75,75,75,75,75,75,75,75,75,68,68,68,68,68,68,68],"card_choices":[{"not_picked":["Clothesline","Iron Wave"],"picked":"Whirlwind","floor":1.0},{"not_picked":["Wild Strike","Perfected Strike"],"picked":"Blood for Blood","floor":2.0},{"not_picked":["Heavy Blade","Thunderclap","Pommel Strike"],"picked":"SKIP","floor":3.0},{"not_picked":["Sentinel","Warcry","True Grit"],"picked":"SKIP","floor":5.0},{"not_picked":["Uppercut","True Grit"],"picked":"Flex","floor":7.0},{"not_picked":["Perfected Strike","Cleave","Heavy Blade"],"picked":"SKIP","floor":8.0},{"not_picked":["Thunderclap","True Grit"],"picked":"Dual Wield","floor":13.0}],"player_experience":318928,"relics_obtained":[{"floor":8.0,"key":"Anchor"},{"floor":9.0,"key":"Peace Pipe"},{"floor":13.0,"key":"Champion Belt"}],"event_choices":[{"damage_healed":0.0,"max_hp_gain":0.0,"max_hp_loss":0.0,"gold_gain":0.0,"cards_transformed":["Strike_R"],"event_name":"Transmorgrifier","player_choice":"Transformed","floor":4.0,"gold_loss":0.0,"damage_taken":0.0,"cards_obtained":["Shockwave"]},{"damage_healed":0.0,"max_hp_gain":0.0,"max_hp_loss":7.0,"gold_gain":0.0,"event_name":"Golden Idol","player_choice":"Lose Max HP","floor":11.0,"gold_loss":0.0,"damage_taken":0.0,"relics_obtained":["Golden Idol"]},{"damage_healed":0.0,"max_hp_gain":0.0,"max_hp_loss":0.0,"gold_gain":0.0,"event_name":"World of Goop","player_choice":"Left Gold","floor":12.0,"gold_loss":41.0,"damage_taken":0.0}],"is_beta":false,"boss_relics":[],"items_purged_floors":[],"is_endless":false,"potions_floor_spawned":[3,5,7,8],"killed_by":"The Guardian","ascension_level":20}}