{"host":"3a5itcmwo6ddh3id","time":1612976061,"event":{"mods":["BaseMod","Colored Map","Colored Powertips","Minty Spire (QoL Compilation)","Relic Stats"],"gold_per_floor":[116,127,145,145,55,85,85,120,120,120,134,150,192,192,192,192,192],"floor_reached":16,"language":"ENG","playtime":622,"items_purged":[],"score":240,"play_id":"29964a59-f919-4eeb-bb6f-2d2daa412eaa","local_time":"20210210105421","is_ascension_mode":true,"campfire_choices":[{"floor":7,"key":"REST"},{"floor":10,"key":"REST"},{"data":"Go for the Eyes","floor":15,"key":"SMITH"}],"circlet_count":0,"master_deck":["AscendersBane","Strike_B","Strike_B","Strike_B","Strike_B","Defend_B","Defend_B","Defend_B","Defend_B","Zap+1","Dualcast","Coolheaded","Beam Cell","Melter","Go for the Eyes+1","Reinforced Body","Cold Snap","Barrage","Coolheaded","All For One","Steam"],"relics":["Cracked Core","Lantern","Ice Cream","Pantograph","CeramicFish"],"acts_visited":["Exordium"],"potions_floor_usage":[8,13],"damage_taken":[{"damage":2,"enemies":"Cultist","floor":1,"turns":4},{"damage":12,"enemies":"Jaw Worm","floor":2,"turns":3},{"damage":6,"enemies":"Small Slimes","floor":3,"turns":3},{"damage":30,"enemies":"Lagavulin","floor":6,"turns":8},{"damage":42,"enemies":"Gremlin Nob","floor":8,"turns":5},{"damage":8,"enemies":"Red Slaver","floor":11,"turns":4},{"damage":2,"enemies":"Looter","floor":12,"turns":3},{"damage":1,"enemies":"Lagavulin","floor":13,"turns":6},{"damage":39,"enemies":"Hexaghost","floor":16,"turns":9}],"seed_played":"62405740725903252","potions_obtained":[{"floor":2,"key":"Ancient Potion"},{"floor":3,"key":"DuplicationPotion"},{"floor":8,"key":"Ancient Potion"}],"is_trial":false,"path_per_floor":["M","M","M","?","$","E","R","E","T","R","M","M","E","?","R","B"],"character_chosen":"DEFECT","items_purchased":["Go for the Eyes","Reinforced Body"],"campfire_rested":2,"item_purchase_floors":[5,5],"current_hp_per_floor":[69,57,51,51,51,21,44,2,2,25,17,15,14,14,14,0,0],"gold":192,"neow_bonus":"TEN_PERCENT_HP_BONUS","is_daily":false,"chose_seed":false,"campfire_upgraded":1,"win_rate":0.0,"timestamp":1612976061,"path_taken":["M","M","M","?","$","E","R","E","T","R","?","M","E","?","R","BOSS"],"items_purchased_type":["Card","Card"],"build_version":"2020-12-22","purchased_purges":0,"victory":false,"max_hp_per_floor":[78,78,78,78,78,78,78,78,78,78,78,78,78,78,78,78,78],"relic_stats":{"counters":[9,45],"Pantograph":25,"CeramicFish":9,"obtain_stats":[{"Ice Cream":8,"Lantern":6,"Pantograph":9,"CeramicFish":13,"Cracked Core":0},{"Ice Cream":5,"Lantern":4,"Pantograph":5,"CeramicFish":8,"Cracked Core":0},{"Ice Cream":23,"Lantern":18,"Pantograph":23,"CeramicFish":36,"Cracked Core":0}]},"card_choices":[{"not_picked":["Stack","Barrage"],"picked":"Coolheaded","floor":1},{"not_picked":["Reprogram","Go for the Eyes"],"picked":"Beam Cell","floor":2},{"not_picked":["Sunder","Rebound"],"picked":"Melter","floor":3},{"not_picked":["Streamline","Leap"],"picked":"Cold Snap","floor":6},{"not_picked":["Hologram","Coolheaded"],"picked":"Barrage","floor":8},{"not_picked":["Turbo","Reinforced Body"],"picked":"Coolheaded","floor":11},{"not_picked":["Hologram","Rip and Tear"],"picked":"All For One","floor":12},{"not_picked":["Barrage","Sweeping Beam"],"picked":"Steam","floor":13}],"player_experience":1128409,"relics_obtained":[{"floor":6,"key":"Lantern"},{"floor":8,"key":"Ice Cream"},{"floor":9,"key":"Pantograph"},{"floor":13,"key":"CeramicFish"}],"event_choices":[{"damage_healed":0,"gold_gain":0,"player_choice":"Upgraded","damage_taken":0,"max_hp_gain":0,"max_hp_loss":0,"event_name":"Upgrade Shrine","floor":4,"gold_loss":0,"cards_upgraded":["Zap"]},{"damage_healed":0,"gold_gain":0,"player_choice":"Ignored","damage_taken":0,"max_hp_gain":0,"max_hp_loss":0,"event_name":"Shining Light","floor":14,"gold_loss":0}],"is_beta":false,"boss_relics":[],"items_purged_floors":[],"is_endless":false,"potions_floor_spawned":[2,3,8],"killed_by":"Hexaghost","ascension_level":20}}