{"host":"q0qnzbgdx8oqogg9","time":1612985331,"event":{"mods":["BaseMod","Minty Spire (QoL Compilation)","StSLib"],"gold_per_floor":[114,128,128,143,154,154,170,170,197,209,219,229,229,3,3,79,79,19,19,19,19,19,19,19,19],"floor_reached":24,"language":"ENG","playtime":786,"items_purged":["Strike_B"],"score":330,"play_id":"069b3c10-80b4-46ba-bb1a-cceae5cb0bdb","local_time":"20210210142851","is_ascension_mode":true,"campfire_choices":[{"data":"Hyperbeam","floor":6,"key":"SMITH"},{"floor":8,"key":"REST"},{"data":"Barrage","floor":15,"key":"SMITH"},{"floor":23,"key":"REST"}],"circlet_count":0,"master_deck":["AscendersBane","Strike_B","Defend_B","Defend_B","Defend_B","Defend_B","Zap","Dualcast","Turbo+1","Glacier","Rebound","Coolheaded+1","Hyperbeam+1","Static Discharge","Barrage+1","Steam","Sweeping Beam","Fission","Barrage","Defragment","Loop","Barrage","Hologram"],"relics":["Cracked Core","Toy Ornithopter","Runic Capacitor","Ectoplasm","Red Mask"],"acts_visited":["Exordium","TheCity"],"potions_floor_usage":[11,20,22,24,24],"damage_taken":[{"damage":0,"enemies":"2 Louse","floor":1,"turns":4},{"damage":10,"enemies":"Small Slimes","floor":2,"turns":3},{"damage":2,"enemies":"Jaw Worm","floor":4,"turns":4},{"damage":0,"enemies":"3 Louse","floor":5,"turns":2},{"damage":6,"enemies":"Blue Slaver","floor":7,"turns":3},{"damage":19,"enemies":"Exordium Thugs","floor":10,"turns":5},{"damage":2,"enemies":"Lots of Slimes","floor":11,"turns":3},{"damage":8,"enemies":"Looter","floor":12,"turns":4},{"damage":13,"enemies":"Hexaghost","floor":16,"turns":10},{"damage":29,"enemies":"2 Thieves","floor":18,"turns":3},{"damage":9,"enemies":"3 Byrds","floor":19,"turns":4},{"damage":15,"enemies":"Snake Plant","floor":20,"turns":5},{"damage":0,"enemies":"Masked Bandits","floor":21,"turns":1},{"damage":0,"enemies":"3 Cultists","floor":22,"turns":2},{"damage":50,"enemies":"Gremlin Leader","floor":24,"turns":4}],"seed_played":"-125822958836882749","potions_obtained":[{"floor":7,"key":"FocusPotion"},{"floor":10,"key":"AttackPotion"},{"floor":11,"key":"Strength Potion"},{"floor":20,"key":"Explosive Potion"},{"floor":22,"key":"LiquidBronze"}],"is_trial":false,"path_per_floor":["M","M","?","M","M","R","M","R","T","M","M","M","?","$","R","B",null,"M","M","M","?","M","R","E"],"character_chosen":"DEFECT","items_purchased":["Runic Capacitor"],"campfire_rested":2,"item_purchase_floors":[14],"current_hp_per_floor":[46,36,22,20,20,20,14,35,35,16,19,11,34,34,34,21,59,30,21,11,11,16,37,0,0],"gold":19,"neow_bonus":"TRANSFORM_TWO_CARDS","is_daily":false,"chose_seed":false,"campfire_upgraded":2,"win_rate":0.0,"timestamp":1612985331,"path_taken":["M","M","?","M","M","R","M","R","T","M","M","M","?","$","R","BOSS","M","M","M","?","M","R","E"],"items_purchased_type":["Relic"],"build_version":"2020-12-22","purchased_purges":1,"victory":false,"max_hp_per_floor":[71,71,71,71,71,71,71,71,71,71,71,71,71,71,71,71,71,71,71,71,71,71,71,71,71],"card_choices":[{"not_picked":["Turbo","Compile Driver"],"picked":"Rebound","floor":1},{"not_picked":["Compile Driver","Reprogram"],"picked":"Coolheaded","floor":2},{"not_picked":["Barrage","Steam"],"picked":"Hyperbeam","floor":4},{"not_picked":["Cold Snap","Sweeping Beam"],"picked":"Static Discharge","floor":5},{"not_picked":["Gash","Force Field"],"picked":"Barrage","floor":7},{"not_picked":["Tempest","Streamline"],"picked":"Steam","floor":10},{"not_picked":["Barrage","Tempest","Turbo"],"picked":"SKIP","floor":11},{"not_picked":["Recycle","Barrage"],"picked":"Sweeping Beam","floor":12},{"not_picked":["All For One","Creative AI"],"picked":"Fission","floor":16},{"not_picked":["Coolheaded","Sweeping Beam"],"picked":"Barrage","floor":18},{"not_picked":["Beam Cell+1","White Noise"],"picked":"Defragment","floor":19},{"not_picked":["Conserve Battery","Gash"],"picked":"Loop","floor":20},{"not_picked":["Streamline","Leap"],"picked":"Barrage","floor":21},{"not_picked":["Steam","Multi-Cast"],"picked":"Hologram","floor":22}],"player_experience":360502,"relics_obtained":[{"floor":9,"key":"Toy Ornithopter"},{"floor":21,"key":"Red Mask"}],"event_choices":[{"damage_healed":0,"gold_gain":0,"player_choice":"Entered Light","damage_taken":14,"max_hp_gain":0,"max_hp_loss":0,"event_name":"Shining Light","floor":3,"gold_loss":0,"cards_upgraded":["Turbo","Coolheaded"]},{"damage_healed":23,"gold_gain":0,"player_choice":"Banana","damage_taken":0,"max_hp_gain":0,"max_hp_loss":0,"event_name":"Big Fish","floor":13,"gold_loss":0},{"damage_healed":0,"gold_gain":0,"player_choice":"Fought Bandits","damage_taken":0,"max_hp_gain":0,"max_hp_loss":0,"event_name":"Masked Bandits","floor":21,"gold_loss":0}],"is_beta":false,"boss_relics":[{"not_picked":["Snecko Eye","Nuclear Battery"],"picked":"Ectoplasm"}],"items_purged_floors":[14],"is_endless":false,"potions_floor_spawned":[7,10,11,16,20,21,22],"killed_by":"Gremlin Leader","ascension_level":14}}