{"host":"sum4dy402bbv9y4o","time":1612995581,"event":{"mods":["Aspiration","BaseMod","Conspire","Highlight Path","Minty Spire (QoL Compilation)","StSLib"],"gold_per_floor":[118,118,131,131,50,80,80,107,159,188,203,353,371,371,371,446,446,464,482,482,34,53,53,87,106,130,130,30,30,59,59,59,59,59],"floor_reached":33,"language":"ENG","playtime":1231,"items_purged":["Strike_P","Strike_P"],"score":587,"play_id":"842544df-4e7d-4e20-a32d-7367d7dc8b96","local_time":"20210211011941","is_ascension_mode":true,"campfire_choices":[{"floor":7,"key":"REST"},{"floor":15,"key":"REST"},{"data":"TalkToTheHand+1","floor":23,"key":"SMITH"},{"data":"Eruption","floor":27,"key":"SMITH"},{"data":"TalkToTheHand+2","floor":29,"key":"SMITH"},{"data":"TalkToTheHand+3","floor":32,"key":"SMITH"}],"circlet_count":0,"master_deck":["AscendersBane","Strike_P","Defend_P","Defend_P","Defend_P","Defend_P","Eruption+1","Vigilance","Conclude","FearNoEvil","TalkToTheHand+4","EmptyBody","Adaptation","FlurryOfBlows","FlyingSleeves","CarveReality+1","Halt","FlurryOfBlows","CutThroughFate","Nirvana","JustLucky","FollowUp","Writhe"],"relics":["PureWater","aspiration:Nostalgia","Cracked Core","Pen Nib","Yang","aspiration:Lifesprig","Potion Belt","conspire:InfiniteJournal","Empty Cage","Mango","Anchor","Gambling Chip","Centennial Puzzle","Red Mask","Strawberry"],"acts_visited":["Exordium","TheCity"],"potions_floor_usage":[6,10,16,24,33,33],"damage_taken":[{"damage":0,"enemies":"Small Slimes","floor":1,"turns":2},{"damage":7,"enemies":"Jaw Worm","floor":3,"turns":4},{"damage":31,"enemies":"Lagavulin","floor":6,"turns":4},{"damage":4,"enemies":"Gremlin Nob","floor":8,"turns":3},{"damage":3,"enemies":"Lagavulin","floor":10,"turns":5},{"damage":0,"enemies":"2 Louse","floor":11,"turns":2},{"damage":11,"enemies":"Exordium Thugs","floor":13,"turns":4},{"damage":36,"enemies":"Hexaghost","floor":16,"turns":8},{"damage":3,"enemies":"Spheric Guardian","floor":18,"turns":3},{"damage":1,"enemies":"3 Byrds","floor":19,"turns":5},{"damage":3,"enemies":"Snake Plant","floor":22,"turns":5},{"damage":5,"enemies":"Slavers","floor":24,"turns":5},{"damage":12,"enemies":"Centurion and Healer","floor":25,"turns":4},{"damage":0,"enemies":"Masked Bandits","floor":30,"turns":3},{"damage":55,"enemies":"Collector","floor":33,"turns":5}],"seed_played":"2630213662910461591","potions_obtained":[{"floor":3,"key":"PowerPotion"},{"floor":8,"key":"SkillPotion"},{"floor":13,"key":"Regen Potion"},{"floor":16,"key":"Dexterity Potion"},{"floor":22,"key":"SteroidPotion"}],"is_trial":false,"path_per_floor":["M","?","M","?","$","E","R","E","T","E","M","?","M","?","R","B",null,"M","M","?","$","M","R","E","M","T","R","$","R","?","?","R","B"],"character_chosen":"WATCHER","items_purchased":["TalkToTheHand","Anchor","FlurryOfBlows","CutThroughFate","Nirvana","BottledMiracle"],"campfire_rested":2,"item_purchase_floors":[5,21,21,21,21,21],"current_hp_per_floor":[61,61,54,47,47,16,36,32,32,29,29,29,18,18,38,17,55,52,51,65,65,62,62,57,45,45,45,45,45,45,52,52,0,0],"gold":59,"neow_bonus":"NOSTALGIA","is_daily":false,"chose_seed":false,"campfire_upgraded":4,"win_rate":0.0,"timestamp":1612995581,"path_taken":["M","?","M","?","$","E","R","E","T","E","M","?","M","?","R","BOSS","M","M","?","$","M","R","E","M","T","R","?","R","?","?","R","BOSS"],"items_purchased_type":["Card","Relic","Card","Card","Card","Potion"],"build_version":"2020-12-22","purchased_purges":2,"victory":false,"max_hp_per_floor":[68,68,68,68,68,68,68,68,68,68,68,68,68,68,68,68,68,68,68,82,82,82,82,82,82,82,82,82,82,82,89,89,89,89],"card_choices":[{"not_picked":["JustLucky","CutThroughFate"],"picked":"Conclude","floor":1},{"not_picked":["Study","Prostrate"],"picked":"FearNoEvil","floor":3},{"not_picked":["SashWhip","Judgement"],"picked":"EmptyBody","floor":6},{"not_picked":["WaveOfTheHand","Protect"],"picked":"Adaptation","floor":8},{"not_picked":["WreathOfFlame","Consecrate"],"picked":"FlurryOfBlows","floor":10},{"not_picked":["Study","ForeignInfluence"],"picked":"Halt","floor":11},{"not_picked":["PathToVictory","Crescendo"],"picked":"FlyingSleeves","floor":13},{"not_picked":["SandsOfTime","JustLucky"],"picked":"CarveReality+1","floor":18},{"not_picked":["DeceiveReality","ReachHeaven"],"picked":"Halt","floor":19},{"not_picked":["CutThroughFate","Conclude","PathToVictory"],"picked":"SKIP","floor":22},{"not_picked":["BowlingBash","Vengeance","ThirdEye"],"picked":"SKIP","floor":24},{"not_picked":["Indignation","Nirvana"],"picked":"JustLucky","floor":25},{"not_picked":["CrushJoints","SashWhip"],"picked":"FollowUp","floor":30}],"player_experience":3093589,"relics_obtained":[{"floor":6,"key":"Yang"},{"floor":8,"key":"aspiration:Lifesprig"},{"floor":9,"key":"Potion Belt"},{"floor":10,"key":"conspire:InfiniteJournal"},{"floor":24,"key":"Gambling Chip"},{"floor":26,"key":"Centennial Puzzle"},{"floor":30,"key":"Red Mask"}],"event_choices":[{"damage_healed":0,"gold_gain":0,"player_choice":"Box","damage_taken":0,"relics_obtained":["Pen Nib"],"max_hp_gain":0,"max_hp_loss":0,"event_name":"Big Fish","floor":2,"gold_loss":0,"cards_obtained":["Regret"]},{"cards_removed":["Regret"],"damage_healed":0,"gold_gain":0,"player_choice":"Card Removal","damage_taken":7,"max_hp_gain":0,"max_hp_loss":0,"event_name":"Golden Wing","floor":4,"gold_loss":0},{"damage_healed":0,"gold_gain":150,"player_choice":"AGREE","damage_taken":0,"max_hp_gain":0,"max_hp_loss":0,"event_name":"Liars Game","floor":12,"gold_loss":0,"cards_obtained":["Doubt"]},{"damage_healed":0,"gold_gain":0,"player_choice":"Grow","damage_taken":0,"max_hp_gain":0,"max_hp_loss":0,"event_name":"Living Wall","floor":14,"gold_loss":0,"cards_upgraded":["TalkToTheHand"]},{"cards_removed":["Halt"],"damage_healed":0,"gold_gain":0,"player_choice":"Gave Card","damage_taken":0,"relics_obtained":["Mango"],"max_hp_gain":0,"max_hp_loss":0,"event_name":"WeMeetAgain","floor":20,"gold_loss":0},{"damage_healed":0,"gold_gain":0,"player_choice":"Fought Bandits","damage_taken":0,"max_hp_gain":0,"max_hp_loss":0,"event_name":"Masked Bandits","floor":30,"gold_loss":0},{"damage_healed":0,"gold_gain":0,"player_choice":"Opened","damage_taken":0,"relics_obtained":["Strawberry"],"max_hp_gain":0,"max_hp_loss":0,"event_name":"The Mausoleum","floor":31,"gold_loss":0,"cards_obtained":["Writhe"]}],"is_beta":false,"boss_relics":[{"not_picked":["Calling Bell","aspiration:SecretTechniqueScroll"],"picked":"Empty Cage"}],"items_purged_floors":[21,28],"is_endless":false,"potions_floor_spawned":[3,8,13,16,22],"killed_by":"Collector","ascension_level":20}}