{"host":"3c8x8j1h2jyrixpf","time":1612980248,"event":{"mods":["BaseMod","Colored Powertips","Highlight Path","Minty Spire (QoL Compilation)","StSLib"],"gold_per_floor":[19,19,67,85,99,99,126,146,146,175,186,186,206,44,44,143,143,161,177,203,215,215,215],"floor_reached":22,"language":"ENG","playtime":937,"items_purged":["Strike_G"],"score":346,"play_id":"378d7864-3a13-4434-8868-ba090e9b3e30","local_time":"20210210120408","is_ascension_mode":true,"campfire_choices":[{"data":"Blade Dance","floor":6,"key":"SMITH"},{"data":"Deadly Poison","floor":12,"key":"SMITH"},{"floor":15,"key":"REST"}],"circlet_count":0,"master_deck":["AscendersBane","Strike_G","Strike_G","Strike_G","Defend_G","Defend_G","Defend_G","Defend_G","Defend_G","Survivor","Neutralize","Flechettes","PiercingWail","Blade Dance+1","Accuracy","Masterful Stab","Deadly Poison+1","Well Laid Plans","Noxious Fumes","Blade Dance","Escape Plan","Corpse Explosion","Noxious Fumes","Outmaneuver","Crippling Poison","Prepared+1"],"relics":["Ring of the Snake","StoneCalendar","Happy Flower","Snake Skull","Dream Catcher","Centennial Puzzle","SlaversCollar","Red Mask"],"acts_visited":["Exordium","TheCity"],"potions_floor_usage":[10,10,16,20,22],"damage_taken":[{"damage":1,"enemies":"Cultist","floor":1,"turns":5},{"damage":7,"enemies":"Jaw Worm","floor":4,"turns":5},{"damage":0,"enemies":"Small Slimes","floor":5,"turns":3},{"damage":30,"enemies":"Gremlin Nob","floor":7,"turns":5},{"damage":0,"enemies":"Exordium Wildlife","floor":8,"turns":4},{"damage":0,"enemies":"3 Sentries","floor":10,"turns":7},{"damage":0,"enemies":"Red Slaver","floor":11,"turns":4},{"damage":1,"enemies":"Large Slime","floor":13,"turns":5},{"damage":19,"enemies":"Hexaghost","floor":16,"turns":7},{"damage":14,"enemies":"2 Thieves","floor":18,"turns":2},{"damage":1,"enemies":"Spheric Guardian","floor":19,"turns":3},{"damage":21,"enemies":"Masked Bandits","floor":20,"turns":3},{"damage":8,"enemies":"Chosen and Byrds","floor":21,"turns":5},{"damage":15,"enemies":"Snake Plant","floor":22,"turns":2}],"seed_played":"5545911162353589955","potions_obtained":[{"floor":5,"key":"SkillPotion"},{"floor":8,"key":"ColorlessPotion"},{"floor":10,"key":"DuplicationPotion"},{"floor":11,"key":"Fire Potion"},{"floor":20,"key":"AttackPotion"}],"is_trial":false,"path_per_floor":["M","?","T","M","M","R","E","M","T","E","M","R","M","$","R","B",null,"M","M","?","M","M"],"character_chosen":"THE_SILENT","items_purchased":["Noxious Fumes","Blade Dance"],"campfire_rested":1,"item_purchase_floors":[14,14],"current_hp_per_floor":[62,62,62,55,55,55,25,25,25,25,25,25,24,24,45,26,59,45,44,23,15,0,0],"gold":215,"neow_bonus":"ONE_RARE_RELIC","is_daily":false,"chose_seed":false,"campfire_upgraded":2,"win_rate":0.0,"timestamp":1612980248,"path_taken":["M","?","?","M","M","R","E","M","T","E","M","R","M","$","R","BOSS","M","M","?","M","M"],"items_purchased_type":["Card","Card"],"build_version":"2020-12-22","purchased_purges":1,"victory":false,"max_hp_per_floor":[70,70,70,70,70,70,70,70,70,70,70,70,70,70,70,70,70,70,70,70,70,70,70],"card_choices":[{"not_picked":["Slice","Choke"],"picked":"Flechettes","floor":1},{"not_picked":["Quick Slash","Cloak And Dagger"],"picked":"PiercingWail","floor":4},{"not_picked":["Backstab","Outmaneuver"],"picked":"Blade Dance","floor":5},{"not_picked":["Flechettes","Flying Knee"],"picked":"Accuracy","floor":7},{"not_picked":["Setup","Flying Knee","Flechettes"],"picked":"SKIP","floor":8},{"not_picked":["Deflect","Underhanded Strike"],"picked":"Masterful Stab","floor":10},{"not_picked":["Caltrops","Expertise"],"picked":"Deadly Poison","floor":11},{"not_picked":["Finisher","Underhanded Strike"],"picked":"Well Laid Plans","floor":13},{"not_picked":["Dagger Throw","Acrobatics"],"picked":"Escape Plan","floor":15},{"not_picked":["Malaise","After Image"],"picked":"Corpse Explosion","floor":16},{"not_picked":["Sucker Punch","Dagger Throw"],"picked":"Noxious Fumes","floor":18},{"not_picked":["Flying Knee","Dagger Throw"],"picked":"Outmaneuver","floor":19},{"not_picked":["Underhanded Strike","Accuracy"],"picked":"Crippling Poison","floor":20},{"not_picked":["Slice","Sucker Punch"],"picked":"Prepared+1","floor":21}],"player_experience":223416,"relics_obtained":[{"floor":3,"key":"Happy Flower"},{"floor":7,"key":"Snake Skull"},{"floor":9,"key":"Dream Catcher"},{"floor":10,"key":"Centennial Puzzle"},{"floor":20,"key":"Red Mask"}],"event_choices":[{"cards_removed":["Strike_G"],"damage_healed":0,"gold_gain":0,"player_choice":"Forget","damage_taken":0,"max_hp_gain":0,"max_hp_loss":0,"event_name":"Living Wall","floor":2,"gold_loss":0},{"damage_healed":0,"gold_gain":0,"player_choice":"Fought Bandits","damage_taken":0,"max_hp_gain":0,"max_hp_loss":0,"event_name":"Masked Bandits","floor":20,"gold_loss":0}],"is_beta":false,"boss_relics":[{"not_picked":["Velvet Choker","Empty Cage"],"picked":"SlaversCollar"}],"items_purged_floors":[14],"is_endless":false,"potions_floor_spawned":[5,8,10,11,20],"killed_by":"Snake Plant","ascension_level":11}}