{"host":"x205naxbihvu3p76","time":1612950256,"event":{"mods":["AchievementEnabler","BaseMod","Minty Spire (QoL Compilation)","StSLib","SuperFastMode"],"gold_per_floor":[109,28,178,188,188,188,221,242,315,331,406,406,430,11,11,105,105,69,119,139,8,29,29,60,60,60,75,98,98,111,11,11,107,107,125,138,154,29,60,60,94,94,140,164,197,197,197,47,47,47,47,47,47,78,78,78],"floor_reached":55,"language":"KOR","playtime":1423,"items_purged":["Doubt","Clumsy","Strike_R","Regret"],"score":1513,"play_id":"141b5809-3f12-42e9-b44f-4b23fb0e270c","local_time":"20210210184416","is_ascension_mode":true,"campfire_choices":[{"data":"Fire Breathing","floor":6,"key":"SMITH"},{"data":"Armaments","floor":15,"key":"SMITH"},{"floor":23,"key":"REST"},{"floor":29,"key":"REST"},{"data":"Evolve","floor":32,"key":"SMITH"},{"data":"Dark Embrace","floor":40,"key":"SMITH"},{"data":"Feel No Pain","floor":42,"key":"SMITH"},{"data":"Writhe","floor":47,"key":"PURGE"},{"floor":49,"key":"RECALL"},{"data":"Strike_R","floor":52,"key":"PURGE"}],"circlet_count":0,"master_deck":["AscendersBane","Strike_R","Strike_R","Defend_R","Defend_R","Defend_R","Defend_R","Bash","Ghostly Armor","Fire Breathing+1","Shockwave","Double Tap","Armaments+1","Barricade","Immolate+1","Evolve+1","Power Through","Battle Trance","Pommel Strike+1","Body Slam+1","Offering","Seeing Red+1","Shrug It Off","Dark Embrace+1","Feel No Pain+1"],"relics":["Burning Blood","NeowsBlessing","Golden Idol","Vajra","Molten Egg 2","Eternal Feather","Cursed Key","Pantograph","Peace Pipe","Philosopher\u0027s Stone","Dead Branch","PreservedInsect","Happy Flower","Strawberry","Lee\u0027s Waffle","Bronze Scales","Lee\u0027s Waffle"],"acts_visited":["Exordium","TheCity","TheBeyond","TheEnding"],"potions_floor_usage":[22,22,33,33,50,54,55],"damage_taken":[{"damage":0,"enemies":"Small Slimes","floor":1,"turns":2},{"damage":1,"enemies":"2 Louse","floor":4,"turns":2},{"damage":0,"enemies":"3 Sentries","floor":7,"turns":2},{"damage":4,"enemies":"Jaw Worm","floor":8,"turns":5},{"damage":15,"enemies":"Red Slaver","floor":10,"turns":6},{"damage":8,"enemies":"Exordium Wildlife","floor":13,"turns":4},{"damage":18,"enemies":"Slime Boss","floor":16,"turns":8},{"damage":24,"enemies":"2 Thieves","floor":18,"turns":5},{"damage":29,"enemies":"Chosen","floor":20,"turns":6},{"damage":14,"enemies":"Snake Plant","floor":22,"turns":5},{"damage":42,"enemies":"Slavers","floor":24,"turns":5},{"damage":0,"enemies":"Centurion and Healer","floor":27,"turns":5},{"damage":7,"enemies":"3 Cultists","floor":28,"turns":4},{"damage":37,"enemies":"Snake Plant","floor":30,"turns":3},{"damage":6,"enemies":"Automaton","floor":33,"turns":9},{"damage":13,"enemies":"Orb Walker","floor":35,"turns":3},{"damage":27,"enemies":"3 Shapes","floor":36,"turns":4},{"damage":13,"enemies":"Maw","floor":37,"turns":7},{"damage":0,"enemies":"Mind Bloom Boss Battle","floor":39,"turns":3},{"damage":35,"enemies":"Nemesis","floor":41,"turns":9},{"damage":8,"enemies":"Sphere and 2 Shapes","floor":44,"turns":4},{"damage":8,"enemies":"Reptomancer","floor":45,"turns":2},{"damage":54,"enemies":"Donu and Deca","floor":50,"turns":7},{"damage":101,"enemies":"Shield and Spear","floor":54,"turns":5},{"damage":173,"enemies":"The Heart","floor":55,"turns":9}],"seed_played":"2849954823037633367","potions_obtained":[{"floor":1,"key":"Swift Potion"},{"floor":10,"key":"PowerPotion"},{"floor":18,"key":"CultistPotion"},{"floor":27,"key":"EssenceOfSteel"},{"floor":28,"key":"ElixirPotion"},{"floor":30,"key":"SkillPotion"},{"floor":35,"key":"AttackPotion"},{"floor":44,"key":"Block Potion"},{"floor":54,"key":"Ancient Potion"}],"is_trial":false,"path_per_floor":["M","$","?","M","?","R","E","M","T","M","?","?","M","$","R","B",null,"M","?","M","$","M","R","E","?","T","M","M","R","M","$","R","B",null,"M","M","M","$","?","R","E","R","T","M","E","T","R","$","R","B",null,"R","$","E","B"],"character_chosen":"IRONCLAD","items_purchased":["Fire Breathing","Eternal Feather","Armaments","Evolve","Power Through"],"campfire_rested":2,"item_purchase_floors":[2,14,14,21,21],"current_hp_per_floor":[74,74,74,75,49,49,55,57,57,48,37,37,35,35,44,32,64,46,46,23,23,15,46,10,10,10,16,15,49,18,18,30,55,70,63,42,35,35,66,75,46,61,61,59,57,64,79,79,82,34,70,82,82,61,0,0],"gold":78,"neow_bonus":"THREE_ENEMY_KILL","is_daily":false,"chose_seed":false,"campfire_upgraded":5,"win_rate":0.0,"timestamp":1612950256,"path_taken":["M","$","?","M","?","R","E","M","T","M","?","?","M","$","R","BOSS","M","?","M","$","?","R","E","?","T","?","M","R","M","?","R","BOSS","M","M","?","$","?","R","E","R","T","M","E","?","R","?","R","BOSS","R","$","E","BOSS"],"items_purchased_type":["Card","Relic","Card","Card","Card"],"build_version":"2020-12-22","purchased_purges":4,"victory":false,"max_hp_per_floor":[75,75,75,75,75,75,75,75,75,75,75,75,75,75,75,75,75,75,75,75,75,75,75,75,75,75,75,75,75,75,75,75,75,75,75,75,75,75,75,75,75,75,75,75,75,82,82,82,82,82,82,82,82,89,96,96],"card_choices":[{"not_picked":["True Grit","Clothesline"],"picked":"Ghostly Armor","floor":1},{"not_picked":["Thunderclap","Intimidate","Armaments"],"picked":"SKIP","floor":4},{"not_picked":["Twin Strike","Intimidate","Havoc"],"picked":"SKIP","floor":7},{"not_picked":["Dropkick","Blood for Blood"],"picked":"Shockwave","floor":8},{"not_picked":["Metallicize","Anger+1","Havoc"],"picked":"SKIP","floor":10},{"not_picked":["Fire Breathing","Searing Blow+1","True Grit"],"picked":"SKIP","floor":13},{"not_picked":["Juggernaut","Offering"],"picked":"Barricade","floor":16},{"not_picked":["Sword Boomerang+1","Headbutt+1","Armaments"],"picked":"SKIP","floor":18},{"not_picked":["Armaments","Cleave+1"],"picked":"Immolate+1","floor":20},{"not_picked":["Havoc","Sever Soul+1","Anger+1"],"picked":"SKIP","floor":22},{"not_picked":["Searing Blow+1","Havoc+1"],"picked":"Battle Trance","floor":24},{"not_picked":["Heavy Blade+1","Searing Blow+1","Havoc"],"picked":"SKIP","floor":27},{"not_picked":["Ghostly Armor","Wild Strike+1"],"picked":"Pommel Strike+1","floor":28},{"not_picked":["Uppercut+1","Fire Breathing"],"picked":"Body Slam+1","floor":30},{"not_picked":["Impervious","Fiend Fire+1"],"picked":"Offering","floor":33},{"not_picked":["Wild Strike+1","Heavy Blade+1"],"picked":"Seeing Red+1","floor":35},{"not_picked":["Body Slam+1","True Grit"],"picked":"Shrug It Off","floor":36},{"not_picked":["Anger+1","Metallicize"],"picked":"Dark Embrace","floor":37},{"not_picked":["Twin Strike+1","Heavy Blade+1"],"picked":"Feel No Pain","floor":39},{"not_picked":["Twin Strike+1","Bludgeon+1","Body Slam+1"],"picked":"SKIP","floor":41},{"not_picked":["Twin Strike+1","Bludgeon+1","Body Slam+1"],"picked":"SKIP","floor":41},{"not_picked":["Iron Wave+1","Evolve+1","Thunderclap+1"],"picked":"SKIP","floor":44},{"not_picked":["Blood for Blood+1","Carnage+1","Havoc"],"picked":"SKIP","floor":45},{"not_picked":["Havoc","Pummel+1","Barricade"],"picked":"SKIP","floor":54}],"player_experience":1031330,"relics_obtained":[{"floor":7,"key":"Vajra"},{"floor":9,"key":"Molten Egg 2"},{"floor":24,"key":"Pantograph"},{"floor":26,"key":"Peace Pipe"},{"floor":39,"key":"Dead Branch"},{"floor":41,"key":"PreservedInsect"},{"floor":45,"key":"Happy Flower"},{"floor":46,"key":"Strawberry"},{"floor":54,"key":"Bronze Scales"}],"event_choices":[{"damage_healed":0,"gold_gain":150,"player_choice":"AGREE","damage_taken":0,"max_hp_gain":0,"max_hp_loss":0,"event_name":"Liars Game","floor":3,"gold_loss":0,"cards_obtained":["Doubt"]},{"damage_healed":0,"gold_gain":0,"player_choice":"Take Damage","damage_taken":26,"relics_obtained":["Golden Idol"],"max_hp_gain":0,"max_hp_loss":0,"event_name":"Golden Idol","floor":5,"gold_loss":0},{"damage_healed":0,"gold_gain":75,"player_choice":"Gather Gold","damage_taken":11,"max_hp_gain":0,"max_hp_loss":0,"event_name":"World of Goop","floor":11,"gold_loss":0},{"damage_healed":0,"gold_gain":0,"cards_transformed":["Strike_R"],"player_choice":"Change","damage_taken":0,"max_hp_gain":0,"max_hp_loss":0,"event_name":"Living Wall","floor":12,"gold_loss":0,"cards_obtained":["Double Tap"]},{"damage_healed":0,"gold_gain":50,"player_choice":"Pray","damage_taken":0,"max_hp_gain":0,"max_hp_loss":0,"event_name":"Golden Shrine","floor":19,"gold_loss":0},{"damage_healed":0,"gold_gain":0,"player_choice":"Leave","damage_taken":0,"max_hp_gain":0,"max_hp_loss":0,"event_name":"FaceTrader","floor":25,"gold_loss":0},{"damage_healed":0,"gold_gain":0,"player_choice":"Fight","damage_taken":0,"max_hp_gain":0,"max_hp_loss":0,"event_name":"MindBloom","floor":39,"gold_loss":0}],"is_beta":false,"boss_relics":[{"not_picked":["Black Blood","Tiny House"],"picked":"Cursed Key"},{"not_picked":["Busted Crown","Velvet Choker"],"picked":"Philosopher\u0027s Stone"}],"items_purged_floors":[14,31,38,48],"is_endless":false,"potions_floor_spawned":[1,10,16,18,27,28,30,35,44,54],"killed_by":"The Heart","ascension_level":18}}