{"host":"9czo1ewqehy3yunx","time":1612951364,"event":{"mods":["Act Like it!","BaseMod","CapriCore","Colored Powertips","DeckTracker","GifTheSpireLib","GungeonMod","Hermit","Keyboard Shortcuts","Koishi","Lobotomy","Marisa£¨Ùöéë¡¡Øª×âÞÞ£©","Minty Spire (QoL Compilation)","Permanent Neow","Quick Restart","StSLib","SuperFastMode","The Bug Knight","The Cursed","The Hierophant","The Immortal","The Jungle","The Poker Player","The Runesmith"],"gold_per_floor":[125,125,143,28,44,44,60,60,86,86,106,106,124,144,144,144,144],"floor_reached":16,"language":"KOR","playtime":803,"items_purged":[],"score":94,"play_id":"c1eb4ecd-0541-48b2-94a6-bffd1940e378","local_time":"20210210190244","is_ascension_mode":false,"campfire_choices":[{"data":"DemoMod:ChanceBullets","floor":6,"key":"SMITH"},{"data":"DemoMod:ShadowBullets","floor":10,"key":"SMITH"},{"floor":12,"key":"REST"},{"data":"DemoMod:ZorGun","floor":15,"key":"SMITH"}],"circlet_count":0,"master_deck":["DemoMod:Strike_Huntress","DemoMod:Strike_Huntress","DemoMod:Strike_Huntress","DemoMod:Defend_Huntress","DemoMod:Defend_Huntress","DemoMod:Defend_Huntress","DemoMod:Roll","DemoMod:ManualReload","DemoMod:RustySidearm","DemoMod:CrossBow","DemoMod:ShadowBullets+1","DemoMod:ChanceBullets+1","DemoMod:ZorGun+1","DemoMod:RadGun","DemoMod:MachoBrace","DemoMod:PotionOfGunFriendShip","DemoMod:MachoBrace"],"relics":["DemoMod:Dog","Lantern","DemoMod:GnawedKey","InkBottle","DemoMod:PoisonVial"],"acts_visited":["Exordium"],"potions_floor_usage":[],"damage_taken":[{"damage":11,"enemies":"Jaw Worm","floor":1,"turns":3},{"damage":6,"enemies":"Cultist","floor":3,"turns":3},{"damage":2,"enemies":"Small Slimes","floor":5,"turns":3},{"damage":9,"enemies":"Looter","floor":7,"turns":2},{"damage":33,"enemies":"Exordium Thugs","floor":11,"turns":4},{"damage":12,"enemies":"3 Louse","floor":13,"turns":4},{"damage":0,"enemies":"2 Fungi Beasts","floor":14,"turns":4},{"damage":20,"enemies":"The Guardian","floor":16,"turns":8}],"seed_played":"-2485208205682972810","potions_obtained":[{"floor":5,"key":"Energy Potion"},{"floor":11,"key":"PowerPotion"},{"floor":14,"key":"Explosive Potion"}],"is_trial":false,"path_per_floor":["M","?","M","$","M","R","M","T","T","R","M","R","M","M","R","B"],"character_chosen":"HUNTRESS","items_purchased":["DemoMod:GnawedKey"],"campfire_rested":1,"item_purchase_floors":[4],"current_hp_per_floor":[59,59,53,53,51,51,42,42,42,42,9,30,18,18,18,0,0],"gold":144,"neow_bonus":"RANDOM_COMMON_RELIC","is_daily":false,"chose_seed":false,"campfire_upgraded":3,"win_rate":0.0,"timestamp":1612951364,"path_taken":["M","?","M","$","?","R","M","?","T","R","M","R","M","M","R","BOSS"],"items_purchased_type":["Relic"],"build_version":"2020-12-22","purchased_purges":0,"victory":false,"max_hp_per_floor":[70,70,70,70,70,70,70,70,70,70,70,70,70,70,70,70,70],"card_choices":[{"not_picked":["DemoMod:BattleInHaste","DemoMod:HuntsMan"],"picked":"DemoMod:ShadowBullets","floor":1},{"not_picked":["DemoMod:AC15","DemoMod:JK47"],"picked":"DemoMod:ChanceBullets","floor":3},{"not_picked":["DemoMod:FeignSurrender","DemoMod:SAA"],"picked":"DemoMod:ZorGun","floor":5},{"not_picked":["DemoMod:Unmoved","DemoMod:CombinedRifle"],"picked":"DemoMod:RadGun","floor":7},{"not_picked":["DemoMod:Behold!","DemoMod:Purify"],"picked":"DemoMod:MachoBrace","floor":11},{"not_picked":["DemoMod:FastSwitch","DemoMod:HardPowerCard"],"picked":"DemoMod:PotionOfGunFriendShip","floor":13},{"not_picked":["DemoMod:FastSwitch","DemoMod:DoubleSwitch"],"picked":"DemoMod:MachoBrace","floor":14}],"player_experience":270474,"relics_obtained":[{"floor":8,"key":"InkBottle"},{"floor":9,"key":"DemoMod:PoisonVial"}],"event_choices":[{"cards_removed":["DemoMod:Defend_Huntress"],"damage_healed":0,"gold_gain":0,"player_choice":"Offered Basic","damage_taken":0,"max_hp_gain":0,"max_hp_loss":0,"event_name":"Bonfire Elementals","floor":2,"gold_loss":0}],"is_beta":false,"boss_relics":[],"items_purged_floors":[],"is_endless":false,"potions_floor_spawned":[5,11,14],"killed_by":"The Guardian","ascension_level":0}}