{"host":"b7dyfc527bmrkvbm","time":1612917565,"event":{"mods":["2.2 Compatiblity","Act Like it!","BaseMod","BetterRewards","Conspire","Downfall","Hubris","Infinite Spire","Mimic Mod","Minty Spire (QoL Compilation)","Replay The Spire","Shop Mod","StSLib","The Jungle"],"gold_per_floor":[99,99,99,99,99,99,125,125,125,71,71,71,71],"floor_reached":11,"language":"ENG","playtime":812,"items_purged":[],"score":113,"play_id":"ce3fcf45-651a-4bf3-b1b5-50bf28371f37","local_time":"20210209193925","is_ascension_mode":true,"campfire_choices":[{"floor":1,"key":"DIG"},{"data":"Guardian:ChargeUp","floor":6,"key":"SMITH"}],"circlet_count":0,"master_deck":["conspire:GhostlyStrike","conspire:GhostlyStrike","conspire:GhostlyStrike","conspire:GhostlyStrike","conspire:GhostlyDefend","conspire:GhostlyDefend","conspire:GhostlyDefend","conspire:GhostlyDefend","Guardian:CurlUp","Guardian:TwinSlam","Guardian:ShieldCharger","Pain","Guardian:EvasiveProtocol","Guardian:ChargeUp+1","Guardian:Gem_Fragmented","Guardian:Gem_Purple","Guardian:Gem_Purple","Guardian:Gem_Lightblue","Guardian:Gem_Blue","Guardian:GatlingBeam","Guardian:Gem_Fragmented"],"relics":["Guardian:ModeShifter","downfall:HeartsMalice","hubris:MysteriousPyramids","WarpedTongs","Guardian:PickAxe"],"acts_visited":["Exordium"],"potions_floor_usage":[],"damage_taken":[{"damage":0,"enemies":"Small Slimes","floor":2,"turns":1},{"damage":0,"enemies":"Cultist","floor":4,"turns":1},{"damage":0,"enemies":"2 Louse","floor":5,"turns":1},{"damage":28,"enemies":"2 Louse","floor":9,"turns":6},{"damage":4,"enemies":"downfall:FleeingMerchant","floor":10,"turns":4},{"damage":41,"enemies":"Gremlin Nob","floor":11,"turns":4}],"seed_played":"8499510157409769874","potions_obtained":[],"is_trial":false,"path_per_floor":["R","M","?","M","M","R","T","?","?","$","E"],"character_chosen":"GUARDIAN","items_purchased":["Guardian:Gem_Fragmented"],"campfire_rested":0,"item_purchase_floors":[10],"current_hp_per_floor":[80,80,80,80,80,80,80,80,34,30,0,0,0],"gold":71,"neow_bonus":"THREE_ENEMY_KILL","is_daily":false,"chose_seed":false,"campfire_upgraded":1,"win_rate":0.0,"timestamp":1612917565,"path_taken":["R","M","?","?","M","R","T","?","?","$","E"],"items_purchased_type":["Card"],"build_version":"2020-12-22","purchased_purges":0,"victory":false,"max_hp_per_floor":[80,80,80,80,80,80,80,80,80,80,80,80,80],"card_choices":[{"not_picked":["Guardian:VentSteam","Guardian:Suspension"],"picked":"Guardian:ShieldCharger","floor":2},{"not_picked":["Guardian:ChargeCore","Guardian:TemporalStrike"],"picked":"Guardian:EvasiveProtocol","floor":4},{"not_picked":["Guardian:Gem_Crimson","Guardian:Gem_Yellow"],"picked":"Guardian:ChargeUp","floor":5},{"not_picked":["Guardian:PrismaticBeam","Guardian:ShieldCharger"],"picked":"Guardian:GatlingBeam","floor":10}],"player_experience":404518,"relics_obtained":[{"floor":1,"key":"hubris:MysteriousPyramids"}],"event_choices":[{"damage_healed":0,"gold_gain":0,"player_choice":"Agree","damage_taken":0,"max_hp_gain":0,"max_hp_loss":0,"event_name":"conspire:LoneGhost","floor":8,"gold_loss":0}],"is_beta":false,"boss_relics":[],"items_purged_floors":[],"is_endless":false,"potions_floor_spawned":[9],"killed_by":"Gremlin Nob","ascension_level":3}}