{"host":"70jy76jvzy076wi7","time":1612973235,"event":{"mods":["Act Like it!","BaseMod","Better Third Choice","BetterRewards","Energized Spire","Gensokyo","GungeonMod","Hallownest","Hermit","Infinite Spire","Library of Ruina","Library of Ruina Extra","Marisa£®ÏF”Í°°ƒß¿Ì…≥£©","Minty Spire (QoL Compilation)","Pale of the Ancients","Permanent Neow","Reliquary","Replay The Spire","Robot Space Explorer","Spicy Shops","StSLib","The Servant 0.9.4","Yakumo Yukari mod"],"gold_per_floor":[137,153,171,189,207,207,240,240,240,260,271,271,271,303,303,408,358,372,372,382,401,414,414],"floor_reached":22,"language":"ZHS","playtime":66283,"items_purged":[],"score":316,"play_id":"ca0196dd-abc2-408c-a213-db93b91dde6b","local_time":"20210211000715","is_ascension_mode":true,"campfire_choices":[{"data":"CommonSense_AntiCommonSense_purple","floor":6.0,"key":"SMITH"},{"data":"Nest_LightFlightworm_purple","floor":8.0,"key":"SMITH"},{"data":"MagicEyes_LaplaceDemon_purple","floor":12.0,"key":"SMITH"},{"data":"Mirror_TwoAndThreeElementRealm_purple","floor":15.0,"key":"SMITH"}],"circlet_count":0,"master_deck":["AT_purpleEX","AT_purpleEX","AT_purpleEX","AT_purpleEX","Defend_purpleEX","Defend_purpleEX","Defend_purpleEX","Defend_purpleEX","Observe_purple_1","Observe_purple_2","CommonSense_AntiCommonSense_purple+1","DarkRealmRedLine_purple+1","RuleDissolution_purple","MNeedle_purple","Nest_LightFlightworm_purple+1","WangLiang_LineAndCurveDreams_purple","MagicEyes_LaplaceDemon_purple+1","Nest_LightFlightworm_purple","Mirror_TwoAndThreeElementRealm_purple+1","Boundary_LifeAndDeath_purple","AT_purpleEX","Know_ledgeAbilityRealm_purple","DimensionStaggered_purple","ButterflyHabitatTemple_purple","DimensionStaggered_purple+1","Bait_Toxicbait_purple"],"relics":["Boundary_crack","Memoryfragments_purpleEX","Medical Kit","reliquary:Boomerang","Chameleon Ring","ReplayTheSpireMod:Shallot","energizedSpire:HugeHouse","DemoMod:GlassGuonStoneRelic"],"acts_visited":["Exordium","Gensokyo:Gensokyo"],"potions_floor_usage":[],"damage_taken":[{"damage":7.0,"enemies":"Gensokyo:2_Kodama","floor":1.0,"turns":3.0},{"damage":0.0,"enemies":"Gensokyo:3_Fairies","floor":2.0,"turns":4.0},{"damage":6.0,"enemies":"Gensokyo:Gryphon","floor":3.0,"turns":4.0},{"damage":7.0,"enemies":"Gensokyo:3_Kodama","floor":4.0,"turns":5.0},{"damage":8.0,"enemies":"Gensokyo:Kitsune","floor":5.0,"turns":4.0},{"damage":38.0,"enemies":"Gensokyo:Mamizou","floor":7.0,"turns":11.0},{"damage":9.0,"enemies":"Gensokyo:CorruptedTreant","floor":10.0,"turns":5.0},{"damage":0.0,"enemies":"Gensokyo:Python_and_Kodama","floor":11.0,"turns":5.0},{"damage":31.0,"enemies":"Gensokyo:Cirno","floor":14.0,"turns":12.0},{"damage":10.0,"enemies":"Gensokyo:Reimu","floor":16.0,"turns":10.0},{"damage":27.0,"enemies":"Gensokyo:AngelMirror","floor":18.0,"turns":4.0},{"damage":0.0,"enemies":"Gensokyo:3_Dogs","floor":20.0,"turns":6.0},{"damage":0.0,"enemies":"Gensokyo:Chomper_and_Gloop","floor":21.0,"turns":6.0},{"damage":33.0,"enemies":"Gensokyo:3_Gloops","floor":22.0,"turns":7.0}],"seed_played":"-2819951176294697411","potions_obtained":[{"floor":1.0,"key":"Cursed Concoction"},{"floor":7.0,"key":"Explosive Potion"},{"floor":10.0,"key":"AttackPotion"},{"floor":20.0,"key":"Venom Potion"}],"is_trial":false,"path_per_floor":["M","M","M","M","M","R","E","R","T","M","M","R","?","E","R","B",null,"M","?","M","M","M"],"character_chosen":"Youkari","items_purchased":["Medical Kit","CommonSense_AntiCommonSense_purple","DarkRealmRedLine_purple+1"],"campfire_rested":0,"item_purchase_floors":[0,0,0],"current_hp_per_floor":[70,70,69,70,67,67,50,50,50,61,65,65,65,53,53,70,65,65,65,65,65,55,55],"gold":414,"neow_bonus":"","is_daily":false,"chose_seed":false,"campfire_upgraded":4,"win_rate":0.0,"timestamp":1612973235,"path_taken":["M","M","M","M","M","R","E","R","T","M","M","R","?","E","R","BOSS","M","?","M","M","M"],"items_purchased_type":["Relic","Card","Card"],"build_version":"2020-12-22","purchased_purges":0,"victory":false,"max_hp_per_floor":[70,70,70,70,70,70,70,70,70,70,70,70,70,70,70,70,65,65,65,65,65,65,65],"card_choices":[{"not_picked":["StateDuplicate_purple","SfantasyHide_purple"],"picked":"RuleDissolution_purple","floor":1.0},{"not_picked":["Line_surface_state_purple","Mirror_FormAndEmptin_purple"],"picked":"MNeedle_purple","floor":2.0},{"not_picked":["Fantasy_PerpetualMotionMachine_purple","RuleDissolution_purple"],"picked":"Nest_LightFlightworm_purple","floor":3.0},{"not_picked":["MeetDecomposer_purple","OmniscientAndOmnipotent_Monster_purple"],"picked":"WangLiang_LineAndCurveDreams_purple","floor":4.0},{"not_picked":["Mirror_FormAndEmptin_purple","PurpleNeedle_purple","StateDuplicate_purple"],"picked":"SKIP","floor":5.0},{"not_picked":["MetroBOOM_purple","Erosivefilter_purple"],"picked":"DimensionStaggered_purple","floor":7.0},{"not_picked":["Mirror_FormAndEmptin_purple","Umbrella_purple"],"picked":"MagicEyes_LaplaceDemon_purple","floor":10.0},{"not_picked":["ExistenceContinue_purple","Shallow_ocean_purpleEX","Extrememeaning_purpleEX"],"picked":"SKIP","floor":11.0},{"not_picked":["Mirror_FormAndEmptin_purple","MonsterNeedle_purple"],"picked":"Nest_LightFlightworm_purple","floor":13.0},{"not_picked":["Nest_LightFlightworm_purple","RuleDissolution_purple"],"picked":"Mirror_TwoAndThreeElementRealm_purple","floor":14.0},{"not_picked":["Price_of_realm_purpleEX","Human_Monster_Realm_purple"],"picked":"Boundary_LifeAndDeath_purple","floor":16.0},{"not_picked":["OmniscientAndOmnipotent_Monster_purple","Fantasy_PerpetualMotionMachine_purple+1"],"picked":"DimensionStaggered_purple","floor":18.0},{"not_picked":["Mirror_FormAndEmptin_purple+1","Realm_recovery_purpleEX"],"picked":"DimensionStaggered_purple+1","floor":20.0},{"not_picked":["Mirror_FormAndEmptin_purple","Charmbait_purple"],"picked":"Bait_Toxicbait_purple","floor":21.0}],"player_experience":1876810,"relics_obtained":[{"floor":7.0,"key":"reliquary:Boomerang"},{"floor":9.0,"key":"Chameleon Ring"},{"floor":14.0,"key":"ReplayTheSpireMod:Shallot"}],"event_choices":[],"is_beta":false,"boss_relics":[{"not_picked":["Fusion Hammer","Honey Jar"],"picked":"energizedSpire:HugeHouse"}],"items_purged_floors":[],"is_endless":false,"potions_floor_spawned":[1,7,10,14,20],"killed_by":"Gensokyo:3_Gloops","ascension_level":1}}