{"host":"ttx8tv95o5vka1nm","time":1612962601,"event":{"mods":["AchievementEnabler","BaseMod","BetterRewards","Colored Map","Evolution","Hermit","Hubris","Infinite Spire","Jorbs\u0027s Wanderer Trilogy","Minty Spire (QoL Compilation)","Relic Filter Mod","Reliquary","Robot Space Explorer","Shop Mod","Spicy Shops","StSLib","The Blue Laboratory","The Bug Knight","The Construct","The Cursed","The Disciple","The Forsaken","The Hierophant","The Necromancer","The Runesmith","TheBandit"],"gold_per_floor":[115,115,115,115,133,162,162,112,112,126,143,177,252,277,277,380,380,398,398,313,313,313,313,343,353,353,380,380,408,421,456,456,555,555,573,583,583,595,612,642,642,667,667,678,688,722,736,736,736,835,835,835,401,436,537],"floor_reached":56,"language":"ENG","playtime":9465,"items_purged":["RobotSpaceExplorer:Strike","Writhe","RobotSpaceExplorer:Strike","Parasite"],"score":1907,"play_id":"2892c962-431a-43b9-a51a-3ca36d9322ba","local_time":"20210210231001","is_ascension_mode":true,"campfire_choices":[{"data":"RobotSpaceExplorer:RigExplosive","floor":7,"key":"SMITH"},{"floor":15,"key":"DIG"},{"data":"RobotSpaceExplorer:Accelerator","floor":23,"key":"SMITH"},{"data":"infinitespire:Menacing","floor":32,"key":"SMITH"},{"floor":49,"key":"DIG"},{"data":"1","floor":52,"key":"LIFT"}],"circlet_count":0,"master_deck":["RobotSpaceExplorer:Strike","RobotSpaceExplorer:Defend","RobotSpaceExplorer:Defend","RobotSpaceExplorer:Defend","RobotSpaceExplorer:Scan","RobotSpaceExplorer:MiniLasers","RobotSpaceExplorer:RigExplosive+1","RobotSpaceExplorer:Pulsar","Impatience","RobotSpaceExplorer:ScrapMissile","RobotSpaceExplorer:MetalStrike","infinitespire:Gouge","RobotSpaceExplorer:StunGrenade","RobotSpaceExplorer:ImprovisedAttack","RobotSpaceExplorer:LaserBurst","RobotSpaceExplorer:DualCore","RobotSpaceExplorer:PlasmaMissile","RobotSpaceExplorer:GearShield+1","RobotSpaceExplorer:Accelerator+1","RobotSpaceExplorer:DoubleBlock","infinitespire:Menacing+1","RobotSpaceExplorer:BigMissile","RobotSpaceExplorer:FranticSearch","RobotSpaceExplorer:MiniDrones+1","RobotSpaceExplorer:Discharger+1","RobotSpaceExplorer:Scanner+1","RobotSpaceExplorer:MiniBoosters","RobotSpaceExplorer:FreezeRay","RobotSpaceExplorer:Electropulse+1","RobotSpaceExplorer:ShovelStrike","infinitespire:Gouge","infinitespire:SealOfDarkness+","RobotSpaceExplorer:ShockKick","Dark Shackles","Dramatic Entrance","Bandage Up","RobotSpaceExplorer:HighVoltage","RobotSpaceExplorer:StarLightning+1","RobotSpaceExplorer:Autoloader"],"relics":["RobotSpaceExplorer:TurboCore","EVO:Axolotl","Calipers","RobotSpaceExplorer:PlasmaHourglass","infinitespire:CheckeredPen","theForsaken:Gavel","MealTicket","RobotSpaceExplorer:SearchSpecs","MerchantsRug","reliquary:FeatherDuster","Bag of Preparation","Vajra","Shovel","reliquary:PurpleTingedLeaf","construct:FoamFinger","construct:BoolHorns","Orichalcum","Philosopher\u0027s Stone","Runesmith:Nanobots","Smiling Mask","Bottled Tornado","infinitespire:FocusingShard","infinitespire:BottledMercury","reliquary:Buckler","SacredBark","reliquary:RoseTintedGlasses","Toy Ornithopter","Lizard Tail","theForsaken:Lifeblossom","Tiny Chest","Girya","RobotSpaceExplorer:Reprocessor","hubris:PeanutButter","PreservedInsect","Centennial Puzzle","Mummified Hand"],"acts_visited":["Exordium","TheCity","TheBeyond","TheEnding"],"potions_floor_usage":[12,16,18,24,25,27,29,31,33,35,36,38,39,40,42,50,55,55,55,55],"damage_taken":[{"damage":0,"enemies":"2 Louse","floor":1,"turns":1},{"damage":0,"enemies":"Jaw Worm","floor":5,"turns":1},{"damage":6,"enemies":"Lagavulin","floor":6,"turns":4},{"damage":0,"enemies":"Small Slimes","floor":10,"turns":2},{"damage":0,"enemies":"3 Louse","floor":11,"turns":2},{"damage":6,"enemies":"3 Sentries","floor":12,"turns":3},{"damage":0,"enemies":"Gremlin Nob","floor":14,"turns":2},{"damage":23,"enemies":"The Guardian","floor":16,"turns":7},{"damage":0,"enemies":"Shell Parasite","floor":18,"turns":1},{"damage":0,"enemies":"Book of Stabbing","floor":24,"turns":1},{"damage":0,"enemies":"2 Thieves","floor":25,"turns":2},{"damage":0,"enemies":"Gremlin Leader","floor":27,"turns":2},{"damage":2,"enemies":"Slavers","floor":29,"turns":3},{"damage":0,"enemies":"Centurion and Healer","floor":30,"turns":3},{"damage":0,"enemies":"Gremlin Leader","floor":31,"turns":3},{"damage":0,"enemies":"Champ","floor":33,"turns":5},{"damage":0,"enemies":"Orb Walker","floor":35,"turns":1},{"damage":0,"enemies":"3 Shapes","floor":36,"turns":3},{"damage":0,"enemies":"Jaw Worm Horde","floor":38,"turns":3},{"damage":0,"enemies":"Transient","floor":39,"turns":5},{"damage":0,"enemies":"Nemesis","floor":40,"turns":3},{"damage":11,"enemies":"Nightmare","floor":42,"turns":4},{"damage":0,"enemies":"Sphere and 2 Shapes","floor":44,"turns":1},{"damage":0,"enemies":"Writhing Mass","floor":45,"turns":2},{"damage":0,"enemies":"Nemesis","floor":46,"turns":3},{"damage":15,"enemies":"4 Shapes","floor":47,"turns":2},{"damage":59,"enemies":"infinitespire:MassOfShapes","floor":50,"turns":14},{"damage":0,"enemies":"Shield and Spear","floor":54,"turns":1},{"damage":24,"enemies":"The Heart","floor":55,"turns":7}],"seed_played":"-8401658184244700066","potions_obtained":[{"floor":6,"key":"SpeedPotion"},{"floor":11,"key":"CultistPotion"},{"floor":55,"key":"construct:ShiftPotion"}],"is_trial":false,"path_per_floor":["M","?","?","?","M","E","R","?","T","M","M","E","?","E","R","B",null,"M","?","?","AVR","?","R","E","M","T","E","?","E","M","E","R","B",null,"M","M","?","M","M","E","AVR","NM","T","M","M","E","M","?","R","B",null,"R","$","E","B",null],"character_chosen":"RobotSpaceExplorer","items_purchased":["RobotSpaceExplorer:PlasmaHourglass","RobotSpaceExplorer:Discharger","infinitespire:CheckeredPen","theForsaken:Gavel","MealTicket","RobotSpaceExplorer:RigExplosive","MerchantsRug","hubris:PeanutButter","PreservedInsect","Centennial Puzzle","Dexterity Potion"],"campfire_rested":0,"item_purchase_floors":[0,0,0,0,0,0,0,53,53,53,53],"current_hp_per_floor":[67,49,49,49,49,43,43,43,43,43,43,37,26,26,26,7,75,75,75,75,75,75,75,75,75,75,75,75,73,75,75,75,75,75,75,75,75,75,75,75,75,64,64,67,70,75,64,54,54,14,75,75,72,72,61],"gold":537,"neow_bonus":"","is_daily":false,"chose_seed":false,"campfire_upgraded":3,"win_rate":0.0,"timestamp":1612962601,"path_taken":["M","?","?","?","M","E","R","?","T","M","?","E","?","E","R","BOSS","M","?","?","AVR","?","R","E","M","T","E","?","E","M","E","R","BOSS","M","M","?","?","M","E","AVR","NM","T","M","?","E","M","?","R","BOSS","R","$","E","BOSS"],"items_purchased_type":["Relic","Card","Relic","Relic","Relic","Card","Relic","Relic","Relic","Relic","Potion"],"build_version":"2020-12-22","purchased_purges":4,"victory":true,"max_hp_per_floor":[75,75,75,75,75,75,75,75,75,75,75,75,75,75,75,75,75,75,75,75,75,75,75,75,75,75,75,75,75,75,75,75,75,75,75,75,75,75,75,75,75,75,75,75,75,75,75,75,75,75,75,75,72,72,72],"card_choices":[{"not_picked":["RobotSpaceExplorer:PowerGlove","RobotSpaceExplorer:Ammunition"],"picked":"RobotSpaceExplorer:MetalStrike","floor":1},{"not_picked":["infinitespire:FinalStrike","infinitespire:NeuralNetwork"],"picked":"infinitespire:Gouge","floor":2},{"not_picked":["RobotSpaceExplorer:ScrapShield","RobotSpaceExplorer:Reload"],"picked":"RobotSpaceExplorer:StunGrenade","floor":5},{"not_picked":["RobotSpaceExplorer:MakeshiftVolley","RobotSpaceExplorer:GlueSpray"],"picked":"RobotSpaceExplorer:ImprovisedAttack","floor":6},{"not_picked":["RobotSpaceExplorer:FrostMissile","RobotSpaceExplorer:Electropulse"],"picked":"RobotSpaceExplorer:LaserBurst","floor":10},{"not_picked":["RobotSpaceExplorer:SelfCleaning","RobotSpaceExplorer:StunGrenade"],"picked":"RobotSpaceExplorer:DualCore","floor":11},{"not_picked":["RobotSpaceExplorer:TurboDodge","RobotSpaceExplorer:StunGrenade"],"picked":"RobotSpaceExplorer:PlasmaMissile","floor":12},{"not_picked":["RobotSpaceExplorer:Asteroid","RobotSpaceExplorer:SurgingStrike"],"picked":"RobotSpaceExplorer:GearShield","floor":14},{"not_picked":["RobotSpaceExplorer:Blaster","RobotSpaceExplorer:Asteroid"],"picked":"RobotSpaceExplorer:Accelerator","floor":16},{"not_picked":["RobotSpaceExplorer:SurgingStrike","RobotSpaceExplorer:FrostMissile"],"picked":"RobotSpaceExplorer:DoubleBlock","floor":18},{"not_picked":["RobotSpaceExplorer:Accelerator","RobotSpaceExplorer:MakeshiftVolley"],"picked":"RobotSpaceExplorer:BigMissile","floor":24},{"not_picked":["RobotSpaceExplorer:ShockKick","RobotSpaceExplorer:FreezingShield","RobotSpaceExplorer:SelfCleaning"],"picked":"SKIP","floor":25},{"not_picked":["RobotSpaceExplorer:SurgingStrike","RobotSpaceExplorer:Counterblock"],"picked":"RobotSpaceExplorer:FranticSearch","floor":27},{"not_picked":["RobotSpaceExplorer:Counterblock+1","RobotSpaceExplorer:FreezingShield","RobotSpaceExplorer:Probe"],"picked":"SKIP","floor":29},{"not_picked":["RobotSpaceExplorer:MetalStrike","RobotSpaceExplorer:FrostMissile"],"picked":"RobotSpaceExplorer:MiniDrones","floor":30},{"not_picked":["RobotSpaceExplorer:SlimeMissile+1","RobotSpaceExplorer:Probe"],"picked":"RobotSpaceExplorer:Discharger+1","floor":31},{"not_picked":["RobotSpaceExplorer:Accelerator","RobotSpaceExplorer:DroneSwarm"],"picked":"RobotSpaceExplorer:Scanner","floor":33},{"not_picked":["RobotSpaceExplorer:ImprovisedAttack","RobotSpaceExplorer:SurgingShield+1"],"picked":"RobotSpaceExplorer:MiniBoosters","floor":35},{"not_picked":["RobotSpaceExplorer:Calculate+1","RobotSpaceExplorer:GlueShot+1"],"picked":"RobotSpaceExplorer:FreezeRay","floor":36},{"not_picked":["RobotSpaceExplorer:SurgingStrike+1","RobotSpaceExplorer:Blitz"],"picked":"RobotSpaceExplorer:Electropulse+1","floor":38},{"not_picked":["RobotSpaceExplorer:Counterblock","RobotSpaceExplorer:ToxicBomb+1","RobotSpaceExplorer:FranticSearch"],"picked":"SKIP","floor":39},{"not_picked":["RobotSpaceExplorer:StunGrenade+1","RobotSpaceExplorer:Pulsar+1"],"picked":"RobotSpaceExplorer:ShovelStrike","floor":40},{"not_picked":["infinitespire:Punishment","infinitespire:Menacing"],"picked":"infinitespire:SealOfDarkness+","floor":42},{"not_picked":["RobotSpaceExplorer:JunkDive","RobotSpaceExplorer:Pulsar","RobotSpaceExplorer:Ammunition+1"],"picked":"SKIP","floor":42},{"not_picked":["RobotSpaceExplorer:FreezeRay","RobotSpaceExplorer:GlueShot","RobotSpaceExplorer:TurboDodge"],"picked":"SKIP","floor":44},{"not_picked":["RobotSpaceExplorer:SlimeMissile+1","RobotSpaceExplorer:BlastShield"],"picked":"RobotSpaceExplorer:ShockKick","floor":45},{"not_picked":["RobotSpaceExplorer:GlueShot","RobotSpaceExplorer:MetalStrike","RobotSpaceExplorer:MiniDrones+1"],"picked":"SKIP","floor":46},{"not_picked":["RobotSpaceExplorer:Discharger","RobotSpaceExplorer:MiniDrones+1","RobotSpaceExplorer:SelfCleaning"],"picked":"SKIP","floor":47},{"not_picked":["Mind Blast","Transmutation"],"picked":"Dark Shackles","floor":48},{"not_picked":["Flash of Steel","Mind Blast"],"picked":"Dramatic Entrance","floor":48},{"not_picked":["PanicButton","Flash of Steel"],"picked":"Bandage Up","floor":48},{"not_picked":["RobotSpaceExplorer:Asteroid","RobotSpaceExplorer:Wormhole"],"picked":"RobotSpaceExplorer:HighVoltage","floor":50},{"not_picked":["RobotSpaceExplorer:MiniDrones+1","RobotSpaceExplorer:SurgingStrike"],"picked":"RobotSpaceExplorer:StarLightning+1","floor":54},{"not_picked":["RobotSpaceExplorer:BlastShield","RobotSpaceExplorer:Scanner"],"picked":"RobotSpaceExplorer:Autoloader","floor":55}],"player_experience":882916,"relics_obtained":[{"floor":4,"key":"reliquary:FeatherDuster"},{"floor":6,"key":"Bag of Preparation"},{"floor":9,"key":"Vajra"},{"floor":12,"key":"Shovel"},{"floor":14,"key":"reliquary:PurpleTingedLeaf"},{"floor":15,"key":"construct:FoamFinger"},{"floor":24,"key":"Smiling Mask"},{"floor":26,"key":"Bottled Tornado"},{"floor":27,"key":"infinitespire:FocusingShard"},{"floor":29,"key":"infinitespire:BottledMercury"},{"floor":31,"key":"reliquary:Buckler"},{"floor":40,"key":"reliquary:RoseTintedGlasses"},{"floor":42,"key":"Lizard Tail"},{"floor":43,"key":"theForsaken:Lifeblossom"},{"floor":46,"key":"Tiny Chest"},{"floor":49,"key":"Girya"},{"floor":54,"key":"Mummified Hand"}],"event_choices":[{"cards_removed":["RobotSpaceExplorer:Strike"],"damage_healed":0,"gold_gain":0,"player_choice":"Card Removal","damage_taken":0,"max_hp_gain":0,"max_hp_loss":0,"event_name":"The Cleric","floor":8,"gold_loss":50},{"damage_healed":0,"gold_gain":75,"player_choice":"Gather Gold","damage_taken":11,"max_hp_gain":0,"max_hp_loss":0,"event_name":"World of Goop","floor":13,"gold_loss":0},{"damage_healed":0,"gold_gain":0,"player_choice":"Opened","damage_taken":0,"relics_obtained":["construct:BoolHorns"],"max_hp_gain":0,"max_hp_loss":0,"event_name":"The Mausoleum","floor":19,"gold_loss":0,"cards_obtained":["Writhe"]},{"damage_healed":0,"gold_gain":0,"player_choice":"Obtained Relic","damage_taken":0,"relics_obtained":["Orichalcum"],"max_hp_gain":0,"max_hp_loss":0,"event_name":"Addict","floor":20,"gold_loss":85},{"damage_healed":0,"gold_gain":0,"player_choice":"Ignored","damage_taken":0,"max_hp_gain":0,"max_hp_loss":0,"event_name":"Ghosts","floor":22,"gold_loss":0},{"damage_healed":0,"gold_gain":0,"player_choice":"Forge","damage_taken":0,"max_hp_gain":0,"max_hp_loss":0,"event_name":"Accursed Blacksmith","floor":37,"gold_loss":0,"cards_upgraded":["RobotSpaceExplorer:Scanner"]},{"damage_healed":0,"gold_gain":0,"player_choice":"Memory 3","damage_taken":10,"max_hp_gain":0,"max_hp_loss":0,"event_name":"SensoryStone","floor":48,"gold_loss":0}],"is_beta":false,"boss_relics":[{"not_picked":["Busted Crown","Empty Cage"],"picked":"RobotSpaceExplorer:TurboCore"},{"not_picked":["Fusion Hammer","reliquary:RedCape"],"picked":"SacredBark"},{"not_picked":["hubris:BlackHole","hubris:CrackedHourglass"],"picked":"RobotSpaceExplorer:Reprocessor"}],"items_purged_floors":[0,21,41,53],"is_endless":true,"potions_floor_spawned":[6,11,18,29,33,38,39,42,46,47,55],"ascension_level":1}}