{"host":"g1qzxxy7a24sg3a3","time":1612942810,"event":{"mods":["ATMod(阿瑾Mod)","Act Like it!","Arknights","BaseMod","Conspire","Custom Start","Gensokyo","GungeonMod","Hallownest","Lobotomy","LobotomyExtend","Minty Spire (QoL Compilation)","MostiFishMod","Pale of the Ancients","Reliquary","Replay The Spire","SOS（斯巴达之子）","Shop Mod","Spicy Shops","StSLib","TestMod","The Administrix","The Bug Knight","Waifu the Spire","WarShipGirlsR/战舰少女R mod","[IsaacMod]以撒尖塔","【遗物卡牌】REMEMod","残留之物"],"gold_per_floor":[116,416,429,429,429,429,458,458,481,498,514,514,543,558,558,658,758,775,1075,994,1052,1002,1033,1045,1080,1127,1143,1205,1229,1261,1279,1279,1384,1384,1396,1396,1396,1219,1229,1229,1242,1270,1320,1320,1420,1124,1124,1158,1158,1159,1159,1159,1159,942,978,986],"floor_reached":57,"language":"ZHS","playtime":1250,"items_purged":[],"score":1834,"play_id":"81901158-5a3f-4f30-a116-85059e6070f0","local_time":"20210210154010","is_ascension_mode":true,"campfire_choices":[{"data":"AT_EssenceShift","floor":6,"key":"SMITH"},{"data":"Limit Break","floor":8,"key":"SMITH"},{"data":"MostiFishMod:GatherIntelligence","floor":15,"key":"SMITH"},{"floor":32,"key":"RECALL"},{"floor":40,"key":"REST"},{"data":"Skim","floor":44,"key":"SMITH"},{"floor":49,"key":"REST"},{"floor":53,"key":"REST"}],"circlet_count":0,"master_deck":["Crow Ritual+1","Skim+1","AT_HeatAcrobatics"],"relics":["AT_ATBox","DaveBox","testmod-TestBox","REME_ComplimentaryCards","HushsDoor","BirthdayGift-Tetrahedron","testmod-Justice","DoctorsRemote","testmod-Fanaticism","SynthV:TestCard","testmod-Brilliant","Juzu Bracelet","Bronze Scales","Replay:Wanted Poster","CombinedTypeHook","Kunai","Frozen Egg 2","DemoMod:GlassGuonStoneRelic","Counterbalance","REME_HandOfSuture","Replay:PocketPolymizer","LetterFromLob","testmod-Prudence","TuHaoJin","Vajra","Strawberry","testmod-Acrobat","SynthV","DemoMod:Metronome"],"acts_visited":["Exordium","TheCity","TheBeyond","TheEnding"],"potions_floor_usage":[28,56],"damage_taken":[{"damage":18,"enemies":"2 Louse","floor":1,"turns":2},{"damage":18,"enemies":"Jaw Worm","floor":3,"turns":2},{"damage":18,"enemies":"Replay:BlueRogue","floor":7,"turns":2},{"damage":0,"enemies":"Small Slimes","floor":10,"turns":1},{"damage":0,"enemies":"3 Louse","floor":11,"turns":1},{"damage":0,"enemies":"Lagavulin","floor":13,"turns":3},{"damage":0,"enemies":"Blue Slaver","floor":14,"turns":1},{"damage":6,"enemies":"Hexaghost","floor":16,"turns":4},{"damage":5,"enemies":"Chosen","floor":18,"turns":2},{"damage":0,"enemies":"Slavers","floor":23,"turns":1},{"damage":0,"enemies":"2 Thieves","floor":24,"turns":1},{"damage":4,"enemies":"conspire:SneckoGhost","floor":25,"turns":3},{"damage":0,"enemies":"3 Cultists","floor":27,"turns":1},{"damage":0,"enemies":"conspire:Head Lice","floor":28,"turns":1},{"damage":2,"enemies":"REME_1_Revenger","floor":30,"turns":2},{"damage":0,"enemies":"Centurion and Healer","floor":31,"turns":1},{"damage":6,"enemies":"Champ","floor":33,"turns":4},{"damage":0,"enemies":"3 Darklings","floor":35,"turns":1},{"damage":0,"enemies":"3 Shapes","floor":39,"turns":1},{"damage":0,"enemies":"Maw","floor":41,"turns":2},{"damage":1,"enemies":"Giant Head","floor":42,"turns":2},{"damage":0,"enemies":"Reptomancer","floor":48,"turns":1},{"damage":20,"enemies":"conspire:OrnateMirror","floor":50,"turns":2},{"damage":0,"enemies":"Shield and Spear","floor":55,"turns":1},{"damage":9,"enemies":"The Heart","floor":56,"turns":3}],"seed_played":"-4460637465724727492","potions_obtained":[{"floor":13,"key":"BlessingOfTheForge"},{"floor":21,"key":"testmod-TimePotion"},{"floor":27,"key":"REME_GoldPotion"}],"is_trial":false,"path_per_floor":["M","?","M","?","?","R","E","R","T","M","M","?","E","M","R","B",null,"M","?","$","?","?","E","M","E","T","M","E","T","E","M","R","B",null,"M","?","?","$","M","R","M","E","T","R","?","$","?","E","R","B",null,null,"R","$","E","B",null],"character_chosen":"DEFECT","items_purchased":["CombinedTypeHook","Crow Ritual+1","Vajra","Strawberry","AT_HeatAcrobatics","SynthV"],"campfire_rested":3,"item_purchase_floors":[20,38,46,46,54,54],"current_hp_per_floor":[60,60,54,54,54,54,60,60,60,60,60,60,60,60,60,65,75,72,72,72,42,42,42,42,42,42,42,42,42,41,41,41,47,75,75,75,75,75,75,75,75,75,75,75,75,82,82,82,82,82,82,82,82,82,82,82],"gold":986,"neow_bonus":"BOSS_RELIC","is_daily":false,"chose_seed":false,"campfire_upgraded":4,"win_rate":0.0,"timestamp":1612942810,"path_taken":["M","?","M","?","?","R","E","R","T","M","M","?","E","M","R","BOSS","M","?","$","?","?","E","M","E","T","M","E","?","E","M","R","BOSS","M","?","?","$","M","R","M","E","T","R","?","$","?","E","R","BOSS","R","$","E","BOSS"],"items_purchased_type":["Relic","Card","Relic","Relic","Card","Relic"],"build_version":"2020-12-22","purchased_purges":0,"victory":true,"max_hp_per_floor":[75,75,75,75,75,75,75,75,75,75,75,75,75,75,75,75,75,75,75,75,75,75,75,75,75,75,75,75,75,75,75,75,75,75,75,75,75,75,75,75,75,75,75,75,75,82,82,82,82,82,82,82,82,82,82,82],"card_choices":[{"not_picked":["Leap","Compile Driver"],"picked":"Doom and Gloom","floor":1},{"not_picked":["REME_DataAnalysis","Beam Cell","conspire:SharedLibrary","MostiFishMod:Overload"],"picked":"Genetic Algorithm","floor":3},{"not_picked":["AT_ThunderBolt","MostiFishMod:Nova","AT_HeatAcrobatics","ReplaySort"],"picked":"FIFO Queue","floor":7},{"not_picked":["Beam Cell","Distribution","Stack","Sweeping Beam","Scrape"],"picked":"SKIP","floor":10},{"not_picked":["Coolheaded","Hologram","BasicCrystalCard","Compile Driver","Go for the Eyes"],"picked":"SKIP","floor":11},{"not_picked":["MostiFishMod:ATRI","conspire:SharedLibrary","Thunder Strike","Gash"],"picked":"MostiFishMod:GatherIntelligence","floor":13},{"not_picked":["MostiFishMod:ReprogramOld","Capacitor","Hologram","Self Repair"],"picked":"Coolheaded","floor":14},{"not_picked":["MostiFishMod:Prepare","MostiFishMod:Hijack","Hyperbeam","MostiFishMod:ReadyAimFire"],"picked":"AT_RightCognition","floor":16},{"not_picked":["MostiFishMod:PushDownKick","Sweeping Beam+1","Go for the Eyes+1","conspire:SharedLibrary","Lockon"],"picked":"SKIP","floor":18},{"not_picked":["AT_HeatAcrobatics","FIFO Queue","Beam Cell","Darkness"],"picked":"REME_Shoggoth","floor":21},{"not_picked":["Consume+1","Ball Lightning","Recycle+1","Panic Button","Coolheaded+1"],"picked":"SKIP","floor":23},{"not_picked":["Compile Driver","Rebound","AT_WarpDrive+1","Redo","Sweeping Beam+1"],"picked":"SKIP","floor":24},{"not_picked":["MostiFishMod:PushDownKick","Turbo","Distribution+1","AT_EMC2"],"picked":"Fan+1","floor":25},{"not_picked":["Static Discharge+1","Turbo+1","Conserve Battery","AT_RobotInSpace+1","Stack"],"picked":"SKIP","floor":27},{"not_picked":["AT_WaterDrop+1","Go for the Eyes+1","MostiFishMod:ReprogramOld+1","Hello World+1"],"picked":"MostiFishMod:SeaWaves+1","floor":28},{"not_picked":["Ball Lightning","Hologram","MostiFishMod:LinkProtocol","MostiFishMod:IceShield+1"],"picked":"ReplayTheSpireMod:Reroute Power","floor":30},{"not_picked":["Streamline","AT_HeatAcrobatics+1","conspire:Rain+1","REME_DataAnalysis","Capacitor+1"],"picked":"SKIP","floor":31},{"not_picked":["Amplify","MostiFishMod:InterfaceCompatibility+1","MostiFishMod:ReadyAimFire","MostiFishMod:Distribution"],"picked":"MostiFishMod:IntelligentEquipment+1","floor":33},{"not_picked":["Panic Button+1","Stack","Steam+1","Heatsinks+1","Rebound"],"picked":"SKIP","floor":35},{"not_picked":["MostiFishMod:ReprogramOld+1","Consume","Doom and Gloom","Redo+1"],"picked":"Buffer+1","floor":39},{"not_picked":["Conserve Battery","AT_HeatAcrobatics","Redo","MostiFishMod:PushDownKick","Heatsinks+1"],"picked":"SKIP","floor":41},{"not_picked":["Fan","Heatsinks+1","Leap+1","Ball Lightning+1"],"picked":"Skim","floor":42},{"not_picked":["Time Bomb+1","Auto Shields","Darkness","Go for the Eyes","Compile Driver"],"picked":"SKIP","floor":48},{"not_picked":["MostiFishMod:ActiveDefenseSystem+1","Steam+1","ReplayTheSpireMod:Dual Polarity+1","Tempest+1","Reboot"],"picked":"SKIP","floor":55}],"player_experience":86465,"relics_obtained":[{"floor":1,"key":"SynthV:TestCard"},{"floor":7,"key":"testmod-Brilliant"},{"floor":9,"key":"Juzu Bracelet"},{"floor":13,"key":"Bronze Scales"},{"floor":21,"key":"Kunai"},{"floor":25,"key":"Frozen Egg 2"},{"floor":28,"key":"Counterbalance"},{"floor":29,"key":"REME_HandOfSuture"},{"floor":30,"key":"Replay:PocketPolymizer"},{"floor":33,"key":"LetterFromLob"},{"floor":43,"key":"TuHaoJin"},{"floor":48,"key":"testmod-Acrobat"},{"floor":55,"key":"DemoMod:Metronome"}],"event_choices":[{"damage_healed":0,"gold_gain":0,"player_choice":"Ignored","damage_taken":0,"max_hp_gain":0,"max_hp_loss":0,"event_name":"给自己的盒子","floor":4,"gold_loss":0},{"damage_healed":0,"gold_gain":0,"player_choice":"Bought 0 Potions","damage_taken":0,"max_hp_gain":0,"max_hp_loss":0,"event_name":"The Woman in Blue","floor":5,"gold_loss":0},{"cards_removed":["Defend_B"],"damage_healed":0,"gold_gain":0,"player_choice":"Forget","damage_taken":0,"max_hp_gain":0,"max_hp_loss":0,"event_name":"Living Wall","floor":12,"gold_loss":0},{"damage_healed":0,"gold_gain":0,"player_choice":"Bet on Murderer","damage_taken":0,"max_hp_gain":0,"max_hp_loss":0,"event_name":"The Joust","floor":22,"gold_loss":50},{"damage_healed":0,"gold_gain":0,"player_choice":"0 cards matched","damage_taken":0,"max_hp_gain":0,"max_hp_loss":0,"event_name":"Match and Keep!","floor":36,"gold_loss":0,"cards_obtained":[]},{"damage_healed":0,"gold_gain":100,"player_choice":"Pray","damage_taken":0,"max_hp_gain":0,"max_hp_loss":0,"event_name":"Golden Shrine","floor":45,"gold_loss":0},{"cards_removed":["Buffer"],"damage_healed":0,"gold_gain":0,"player_choice":"Removed Power","damage_taken":0,"max_hp_gain":0,"max_hp_loss":0,"event_name":"Falling","floor":47,"gold_loss":0}],"is_beta":false,"boss_relics":[{"not_picked":["reliquary:RedCape","ChewingGum"],"picked":"Replay:Wanted Poster"},{"not_picked":[]},{"not_picked":["reliquary:Craggleroot","Runic Dome"],"picked":"testmod-Prudence"},{"not_picked":[]}],"items_purged_floors":[],"is_endless":false,"potions_floor_spawned":[3,11,13,14,25,27,28,30,35,55],"ascension_level":1}}