{"host":"39hztz5hia41w0n0","time":1612991549,"event":{"mods":["2.2 Compatiblity","AchievementEnabler","Act Like it!","AlwaysNeverKeys","Aspiration","BaseMod","Better Altar","Better Note","Better Sensory Stone","Better Skull","Better Third Choice","BetterRewards","Block Reminder","Colored Map","Colored Powertips","Conspire","Curses Come First","DeckTracker","Defuse TimeMaze Blight","Downfall","Energized Spire","GifTheSpireLib","Googly Eyes","Halation","Highlight Path","Hubris","Infinite Spire","Minty Spire (QoL Compilation)","Permanent Neow","Potion Indicator Mod","Quick Restart","RatMod","Relic Filter","Relic Sorter","Relic Stats","Replay The Spire","Reworked Bosses","Shop Mod","Spicy Shops","Spikes Relics","StSLib","Stuff the Spire","SuperFastMode","Uncapped","Unceasing Turn Reminder","UnlockEverythingMod","Username Fix","egg"],"gold_per_floor":[118,129,148,148,1,33,33,58,85,85,10,29,40,80,80,80,80],"floor_reached":16,"language":"ENG","playtime":499,"items_purged":["Strike_G"],"score":116,"play_id":"00849538-0320-42d1-a12f-5d629cfe8301","local_time":"20210210161229","is_ascension_mode":true,"campfire_choices":[{"floor":7,"key":"REST"},{"floor":10,"key":"REST"},{"floor":15,"key":"REST"}],"circlet_count":0,"master_deck":["Strike_G","Strike_G","Strike_G","Defend_G","Defend_G","Defend_G","Defend_G","Defend_G","Survivor","Neutralize","Dodge and Roll","Skewer","Blade Dance","Doppelganger","Venomology"],"relics":["Ring of the Snake","hubris:FunFungus","Blood Vial","LugNut","aspiration:StickyExplosives_weak","MealTicket","RetroEgg"],"acts_visited":["Exordium"],"potions_floor_usage":[12,14,14,16,16],"damage_taken":[{"damage":0,"enemies":"Small Slimes","floor":1,"turns":4},{"damage":3,"enemies":"Jaw Worm","floor":2,"turns":3},{"damage":6,"enemies":"2 Louse","floor":3,"turns":2},{"damage":39,"enemies":"Gremlin Nob","floor":6,"turns":6},{"damage":38,"enemies":"3 Sentries","floor":8,"turns":11},{"damage":0,"enemies":"Lots of Slimes","floor":12,"turns":1},{"damage":15,"enemies":"Exordium Thugs","floor":13,"turns":6},{"damage":19,"enemies":"conspire:MimicChest","floor":14,"turns":8},{"damage":41,"enemies":"Slime Boss","floor":16,"turns":9}],"seed_played":"3588036244557000042","potions_obtained":[{"floor":1,"key":"LiquidBronze"},{"floor":14,"key":"Block Potion"}],"is_trial":false,"path_per_floor":["M","M","M","?","$","E","R","E","T","R","$","M","M","?","R","B"],"character_chosen":"THE_SILENT","items_purchased":["Blood Vial"],"campfire_rested":3,"item_purchase_floors":[5],"current_hp_per_floor":[70,67,61,58,58,24,45,14,14,35,50,52,39,22,43,4,4],"gold":80,"neow_bonus":"TRANSFORM_CARD","is_daily":false,"chose_seed":false,"campfire_upgraded":0,"win_rate":0.0,"timestamp":1612991549,"path_taken":["M","M","M","?","$","E","R","E","T","R","$","M","M","?","R","BOSS"],"items_purchased_type":["Relic"],"build_version":"2020-12-22","purchased_purges":1,"victory":false,"max_hp_per_floor":[70,70,70,70,70,70,70,70,70,70,70,70,70,70,70,70,70],"relic_stats":{"Blood Vial":12,"counters":[9,50],"MealTicket":15,"obtain_stats":[{"Blood Vial":5,"RetroEgg":14,"MealTicket":9,"hubris:FunFungus":4,"LugNut":6,"Ring of the Snake":0,"aspiration:StickyExplosives_weak":8},{"Blood Vial":3,"RetroEgg":8,"MealTicket":5,"hubris:FunFungus":3,"LugNut":4,"Ring of the Snake":0,"aspiration:StickyExplosives_weak":5},{"Blood Vial":9,"RetroEgg":41,"MealTicket":26,"hubris:FunFungus":9,"LugNut":15,"Ring of the Snake":0,"aspiration:StickyExplosives_weak":26}],"Ring of the Snake":[18]},"card_choices":[{"not_picked":["StuffTheSpire:BumpUp","Choke"],"picked":"Skewer","floor":1},{"not_picked":["Poisoned Stab","rat:RuptureArtery"],"picked":"Blade Dance","floor":2},{"not_picked":["StuffTheSpire:BumpUp","StuffTheSpire:Shiver","StuffTheSpire:MirrorStance"],"picked":"SKIP","floor":3},{"not_picked":["rat:Garrote","rat:FanOfKnives"],"picked":"Doppelganger","floor":6},{"not_picked":["Outmaneuver","StuffTheSpire:Shiver"],"picked":"Venomology","floor":8},{"not_picked":["Dagger Throw","StuffTheSpire:ReptileScales","rat:Shadowstep"],"picked":"SKIP","floor":12},{"not_picked":["Hidden Blade","Acrobatics","StuffTheSpire:Incantation"],"picked":"SKIP","floor":13}],"player_experience":93523,"relics_obtained":[{"floor":6,"key":"LugNut"},{"floor":8,"key":"aspiration:StickyExplosives_weak"},{"floor":9,"key":"MealTicket"},{"floor":14,"key":"RetroEgg"}],"event_choices":[{"damage_healed":0,"gold_gain":0,"player_choice":"Relic ","damage_taken":3,"max_hp_gain":0,"max_hp_loss":0,"event_name":"betterThird:BetterScrap","floor":4,"gold_loss":0,"cards_obtained":["StuffTheSpire:GlassShard"]}],"is_beta":false,"boss_relics":[],"items_purged_floors":[11],"is_endless":false,"potions_floor_spawned":[1,14],"killed_by":"Slime Boss","ascension_level":1}}