{"host":"7sni158j623xchr2","time":1612940894,"event":{"mods":["BaseMod","Colored Map","Highlight Path","Minty Spire (QoL Compilation)","Permanent Neow","Potion Indicator Mod","Rare Cards Sparkle","Relic Sorter","Relic Stats","StSLib","everything is the same but u backflip on backflip"],"gold_per_floor":[118,129,57,7,25,25,50,50,132,159,334,368,386,406,406,506,506,522,538,564,564,582,617,532,95,95,109,109,109,125,125,125],"floor_reached":31,"language":"ENG","playtime":836,"items_purged":["Writhe"],"score":315,"play_id":"799b441e-73a4-4cb3-bcbe-7d1f4af3057e","local_time":"20210210010814","is_ascension_mode":true,"campfire_choices":[{"data":"Crippling Poison","floor":6,"key":"SMITH"},{"data":"Corpse Explosion","floor":8,"key":"SMITH"},{"data":"Deadly Poison","floor":15,"key":"SMITH"},{"data":"Burst","floor":28,"key":"SMITH"}],"circlet_count":0,"master_deck":["Strike_G","Strike_G","Strike_G","Strike_G","Defend_G","Defend_G","Defend_G","Defend_G","Survivor","Neutralize","Deflect","Deadly Poison+1","Crippling Poison+1","Sucker Punch","Corpse Explosion+1","Leg Sweep","Burst+1","Bane","PiercingWail","PiercingWail","Cloak And Dagger+1"],"relics":["Ring of the Snake","Ancient Tea Set","Pantograph","Pocketwatch","Empty Cage","Red Mask","Shuriken","Omamori","Peace Pipe","OrangePellets","MealTicket","TungstenRod"],"acts_visited":["Exordium","TheCity"],"potions_floor_usage":[7,12,23,23,31,31],"damage_taken":[{"damage":1,"enemies":"2 Louse","floor":1,"turns":4},{"damage":0,"enemies":"Jaw Worm","floor":2,"turns":3},{"damage":0,"enemies":"Small Slimes","floor":5,"turns":3},{"damage":8,"enemies":"3 Sentries","floor":7,"turns":7},{"damage":29,"enemies":"Gremlin Nob","floor":10,"turns":4},{"damage":0,"enemies":"Lagavulin","floor":12,"turns":5},{"damage":0,"enemies":"Looter","floor":13,"turns":4},{"damage":2,"enemies":"Exordium Wildlife","floor":14,"turns":3},{"damage":9,"enemies":"Hexaghost","floor":16,"turns":8},{"damage":0,"enemies":"3 Byrds","floor":18,"turns":3},{"damage":19,"enemies":"2 Thieves","floor":19,"turns":3},{"damage":10,"enemies":"Masked Bandits","floor":20,"turns":2},{"damage":10,"enemies":"Centurion and Healer","floor":22,"turns":4},{"damage":10,"enemies":"Slavers","floor":23,"turns":5},{"damage":0,"enemies":"Snake Plant","floor":27,"turns":4},{"damage":5,"enemies":"3 Cultists","floor":30,"turns":3},{"damage":23,"enemies":"Gremlin Leader","floor":31,"turns":6}],"seed_played":"3865331264483808204","potions_obtained":[{"floor":0,"key":"Swift Potion"},{"floor":0,"key":"AttackPotion"},{"floor":0,"key":"Regen Potion"},{"floor":1,"key":"GhostInAJar"},{"floor":7,"key":"Weak Potion"},{"floor":10,"key":"Block Potion"},{"floor":16,"key":"DuplicationPotion"},{"floor":22,"key":"LiquidMemories"},{"floor":27,"key":"Dexterity Potion"}],"is_trial":false,"path_per_floor":["M","M","$","?","M","R","E","R","T","E","?","E","M","M","R","B",null,"M","M","?","?","M","E","?","$","T","M","R","?","M","E"],"character_chosen":"THE_SILENT","items_purchased":["Crippling Poison","OrangePellets","PiercingWail","MealTicket"],"campfire_rested":0,"item_purchase_floors":[3,25,25,25],"current_hp_per_floor":[69,69,69,69,69,69,61,61,61,32,32,32,32,30,30,46,70,70,51,41,41,31,21,21,21,21,21,21,21,16,0,0],"gold":125,"neow_bonus":"THREE_SMALL_POTIONS","is_daily":false,"chose_seed":false,"campfire_upgraded":4,"win_rate":0.0,"timestamp":1612940894,"path_taken":["M","M","$","?","M","R","E","R","T","E","?","E","M","M","R","BOSS","M","M","?","?","M","E","?","$","T","?","R","?","M","E"],"items_purchased_type":["Card","Relic","Card","Relic"],"build_version":"2020-12-22","purchased_purges":1,"victory":false,"max_hp_per_floor":[70,70,70,70,70,70,70,70,70,70,70,70,70,70,70,70,70,70,70,70,70,70,70,70,70,70,70,70,70,70,70,70],"relic_stats":{"Peace Pipe":0,"OrangePellets":[0],"counters":[17,71],"Shuriken":[3],"Pantograph":25,"MealTicket":0,"obtain_stats":[{"Peace Pipe":24,"OrangePellets":25,"Shuriken":21,"Pantograph":10,"MealTicket":25,"Red Mask":20,"Omamori":23,"Ancient Tea Set":7,"Empty Cage":17,"TungstenRod":26,"Ring of the Snake":0,"Pocketwatch":12},{"Peace Pipe":14,"OrangePellets":14,"Shuriken":12,"Pantograph":5,"MealTicket":14,"Red Mask":12,"Omamori":14,"Ancient Tea Set":4,"Empty Cage":9,"TungstenRod":14,"Ring of the Snake":0,"Pocketwatch":6},{"Peace Pipe":58,"OrangePellets":58,"Shuriken":49,"Pantograph":21,"MealTicket":58,"Red Mask":49,"Omamori":58,"Ancient Tea Set":17,"Empty Cage":41,"TungstenRod":58,"Ring of the Snake":0,"Pocketwatch":26}],"TungstenRod":8,"Ring of the Snake":[34],"Pocketwatch":[69]},"card_choices":[{"not_picked":["Eviscerate","Riddle With Holes"],"picked":"Deflect","floor":1},{"not_picked":["Underhanded Strike","Tactician"],"picked":"Deadly Poison","floor":2},{"not_picked":["Sucker Punch","Slice","Dagger Throw"],"picked":"SKIP","floor":5},{"not_picked":["Slice","Dagger Throw"],"picked":"Sucker Punch","floor":5},{"not_picked":["Night Terror","Deadly Poison"],"picked":"Corpse Explosion","floor":7},{"not_picked":["Dagger Throw","Caltrops","Predator"],"picked":"SKIP","floor":10},{"not_picked":["Setup","Distraction"],"picked":"Leg Sweep","floor":12},{"not_picked":["Deflect","Finisher","Caltrops"],"picked":"SKIP","floor":13},{"not_picked":["Dodge and Roll","Deadly Poison","Cloak And Dagger"],"picked":"SKIP","floor":14},{"not_picked":["Storm of Steel","A Thousand Cuts"],"picked":"Burst","floor":16},{"not_picked":["Reflex","Tactician","Poisoned Stab"],"picked":"SKIP","floor":18},{"not_picked":["Cloak And Dagger","Deflect"],"picked":"Bane","floor":19},{"not_picked":["Reflex","Underhanded Strike","Backflip"],"picked":"SKIP","floor":22},{"not_picked":["Dash","Bane+1"],"picked":"PiercingWail","floor":23},{"not_picked":["Poisoned Stab+1","Choke","Dodge and Roll"],"picked":"SKIP","floor":27},{"not_picked":["Backstab","Slice"],"picked":"Cloak And Dagger+1","floor":30}],"player_experience":1772473,"relics_obtained":[{"floor":7,"key":"Ancient Tea Set"},{"floor":10,"key":"Pantograph"},{"floor":12,"key":"Pocketwatch"},{"floor":20,"key":"Red Mask"},{"floor":23,"key":"Omamori"},{"floor":26,"key":"TungstenRod"}],"event_choices":[{"cards_removed":["Defend_G"],"damage_healed":0,"gold_gain":0,"player_choice":"Card Removal","damage_taken":0,"max_hp_gain":0,"max_hp_loss":0,"event_name":"The Cleric","floor":4,"gold_loss":50},{"damage_healed":0,"gold_gain":175,"player_choice":"AGREE","damage_taken":0,"max_hp_gain":0,"max_hp_loss":0,"event_name":"Liars Game","floor":11,"gold_loss":0,"cards_obtained":["Doubt"]},{"damage_healed":0,"gold_gain":0,"player_choice":"Fought Bandits","damage_taken":0,"max_hp_gain":0,"max_hp_loss":0,"event_name":"Masked Bandits","floor":20,"gold_loss":0},{"damage_healed":0,"gold_gain":0,"player_choice":"Opened","damage_taken":0,"relics_obtained":["Shuriken"],"max_hp_gain":0,"max_hp_loss":0,"event_name":"The Mausoleum","floor":21,"gold_loss":0,"cards_obtained":["Writhe"]},{"damage_healed":0,"gold_gain":0,"player_choice":"Obtained Relic","damage_taken":0,"relics_obtained":["Peace Pipe"],"max_hp_gain":0,"max_hp_loss":0,"event_name":"Addict","floor":24,"gold_loss":85},{"damage_healed":0,"gold_gain":0,"player_choice":"Ignored","damage_taken":0,"max_hp_gain":0,"max_hp_loss":0,"event_name":"Vampires","floor":29,"gold_loss":0}],"is_beta":false,"boss_relics":[{"not_picked":["Pandora\u0027s Box","Calling Bell"],"picked":"Empty Cage"}],"items_purged_floors":[25],"is_endless":false,"potions_floor_spawned":[1,7,10,16,20,22,27],"killed_by":"Gremlin Leader","ascension_level":1}}