{"host":"p7cjtxxrilhp4dw7","time":1612944244,"event":{"mods":["BaseMod","Block Reminder","Colored Map","Curses Come First","Highlight Path","Minty Spire (QoL Compilation)","Replay The Spire","StSLib"],"gold_per_floor":[117,128,128,140,156,156,187,187,187,187,217,217,234,262,262,365,415,432,451,60,74,89,89,103,129,129,148,148,165,195,195,195,290,290,304,253,272,290,306,306,306],"floor_reached":40,"language":"ENG","playtime":8592,"items_purged":[],"score":1199,"play_id":"5eb9de38-c737-4d37-92a1-8f38ac646f59","local_time":"20210210010404","is_ascension_mode":true,"campfire_choices":[{"data":"SashWhip","floor":6,"key":"SMITH"},{"data":"Wallop","floor":8,"key":"SMITH"},{"floor":10,"key":"RECALL"},{"floor":12,"key":"REST"},{"floor":15,"key":"REST"},{"floor":23,"key":"REST"},{"floor":28,"key":"REST"},{"floor":32,"key":"REST"}],"circlet_count":0,"master_deck":["Strike_P","Strike_P","Strike_P","Defend_P","Defend_P","Defend_P","Defend_P","Eruption+1","Vigilance","Wallop+1","SashWhip+1","FollowUp","Devotion+1","Replay:Vibes","EmptyBody+1","Ragnarok+1","EmptyFist","Swivel","WreathOfFlame+1","FollowUp","FlyingSleeves","Halt+1","Prostrate","DeusExMachina","Consecrate+1","Wallop+1","Prostrate+1","WheelKick+1"],"relics":["PureWater","Frozen Egg 2","Torii","Ice Cream","Shuriken","Tiny House","Oddly Smooth Stone","Snack Pack","ReplayTheSpireMod:Ninjato","Letter Opener","Garlic","Sozu"],"acts_visited":["Exordium","TheCity","TheBeyond"],"potions_floor_usage":[5,16,24,25,27,29,33,33,35],"damage_taken":[{"damage":0,"enemies":"2 Louse","floor":1,"turns":1},{"damage":0,"enemies":"Cultist","floor":2,"turns":2},{"damage":10,"enemies":"Jaw Worm","floor":4,"turns":5},{"damage":0,"enemies":"Gremlin Gang","floor":5,"turns":3},{"damage":0,"enemies":"Replay:BlueRogue","floor":7,"turns":3},{"damage":10,"enemies":"Lagavulin","floor":11,"turns":6},{"damage":0,"enemies":"3 Louse","floor":13,"turns":3},{"damage":12,"enemies":"Gremlin Nob","floor":14,"turns":4},{"damage":0,"enemies":"The Guardian","floor":16,"turns":9},{"damage":16,"enemies":"2 Thieves","floor":18,"turns":4},{"damage":9,"enemies":"3 Byrds","floor":19,"turns":6},{"damage":7,"enemies":"Snake Plant","floor":21,"turns":4},{"damage":25,"enemies":"Sentry and Sphere","floor":22,"turns":7},{"damage":1,"enemies":"Centurion and Healer","floor":24,"turns":5},{"damage":21,"enemies":"Gremlin Leader","floor":25,"turns":7},{"damage":1,"enemies":"Snake Plant","floor":27,"turns":4},{"damage":6,"enemies":"Chosen and Byrds","floor":29,"turns":5},{"damage":12,"enemies":"Replay:Snechameleon","floor":30,"turns":6},{"damage":3,"enemies":"Pondfish","floor":33,"turns":6},{"damage":0,"enemies":"3 Darklings","floor":35,"turns":2},{"damage":18,"enemies":"Orb Walker","floor":37,"turns":4},{"damage":1,"enemies":"Spire Growth","floor":38,"turns":4},{"damage":20,"enemies":"4 Shapes","floor":39,"turns":5},{"damage":0,"enemies":"R_Hoarder","floor":40,"turns":4}],"seed_played":"-8783103608984740746","potions_obtained":[{"floor":4,"key":"Adrenaline Potion"},{"floor":11,"key":"Weak Potion"},{"floor":14,"key":"BlessingOfTheForge"},{"floor":17,"key":"EssenceOfSteel"},{"floor":21,"key":"DistilledChaos"},{"floor":25,"key":"Swift Potion"},{"floor":27,"key":"PowerPotion"},{"floor":30,"key":"Swift Potion"},{"floor":33,"key":"BottledMiracle"}],"is_trial":false,"path_per_floor":["M","M","?","M","M","R","E","R","T","R","E","R","M","E","R","B",null,"M","M","$","M","M","R","M","E","T","M","R","M","E","?","R","B",null,"M","$","M","M","M","E"],"character_chosen":"WATCHER","items_purchased":["Oddly Smooth Stone","Snack Pack","Wallop+1"],"campfire_rested":5,"item_purchase_floors":[20,20,36],"current_hp_per_floor":[65,65,65,55,55,55,55,55,55,55,45,66,66,54,72,72,77,61,52,52,47,26,49,50,33,33,32,55,53,41,41,64,69,75,77,77,59,58,42,44,44],"gold":306,"neow_bonus":"UPGRADE_CARD","is_daily":false,"chose_seed":false,"campfire_upgraded":2,"win_rate":0.0,"timestamp":1612944244,"path_taken":["M","M","?","M","M","R","E","R","T","R","E","R","M","E","R","BOSS","M","?","$","M","M","R","M","E","T","M","R","M","E","?","R","BOSS","M","$","?","M","M","E"],"items_purchased_type":["Relic","Relic","Card"],"build_version":"2020-12-22","purchased_purges":0,"victory":false,"max_hp_per_floor":[72,72,72,72,72,72,72,72,72,72,72,72,72,72,72,72,77,77,77,77,77,77,77,77,77,77,77,77,77,77,77,77,77,77,77,77,77,77,77,77,77],"card_choices":[{"not_picked":["FlyingSleeves","FollowUp"],"picked":"Wallop","floor":1},{"not_picked":["PathToVictory","Protect"],"picked":"SashWhip","floor":2},{"not_picked":["CarveReality","Prostrate"],"picked":"FollowUp","floor":4},{"not_picked":["FlurryOfBlows","Evaluate","Replay:AtTheReady"],"picked":"SKIP","floor":5},{"not_picked":["Tantrum","Replay:AtTheReady"],"picked":"Devotion+1","floor":7},{"not_picked":["Nirvana+1","SpiritShield","Adaptation+1"],"picked":"SKIP","floor":11},{"not_picked":["BattleHymn+1","JustLucky"],"picked":"Replay:Vibes","floor":13},{"not_picked":["Halt","Protect"],"picked":"EmptyBody","floor":14},{"not_picked":["MasterReality+1","Judgement"],"picked":"Ragnarok","floor":16},{"not_picked":["Sanctity","InnerPeace"],"picked":"EmptyFist","floor":17},{"not_picked":["Collect","Replay:ManipulateFuture","Meditate"],"picked":"SKIP","floor":18},{"not_picked":["Replay:Anticipation+1","Perseverance"],"picked":"Swivel","floor":19},{"not_picked":["ThirdEye","BowlingBash","EmptyBody"],"picked":"SKIP","floor":21},{"not_picked":["WreathOfFlame+1","Vengeance","EmptyBody"],"picked":"SKIP","floor":22},{"not_picked":["Vengeance","EmptyBody"],"picked":"WreathOfFlame+1","floor":22},{"not_picked":["Replay:BluntJabs","SpiritShield"],"picked":"FollowUp","floor":24},{"not_picked":["Replay:AtTheReady","InnerPeace"],"picked":"FlyingSleeves","floor":25},{"not_picked":["ClearTheMind+1","EmptyMind","Study+1"],"picked":"SKIP","floor":27},{"not_picked":["BowlingBash","Perseverance+1"],"picked":"Halt+1","floor":29},{"not_picked":["Fasting2+1","Indignation+1"],"picked":"Prostrate","floor":30},{"not_picked":["Alpha","Judgement"],"picked":"DeusExMachina","floor":33},{"not_picked":["LikeWater+1","Replay:Anticipation+1"],"picked":"Consecrate+1","floor":35},{"not_picked":["EmptyBody+1","CutThroughFate+1"],"picked":"Prostrate+1","floor":37},{"not_picked":["Crescendo","Study+1","Protect"],"picked":"SKIP","floor":38},{"not_picked":["Indignation","Vengeance+1"],"picked":"WheelKick+1","floor":39}],"player_experience":608367,"relics_obtained":[{"floor":7,"key":"Frozen Egg 2"},{"floor":9,"key":"Torii"},{"floor":11,"key":"Ice Cream"},{"floor":14,"key":"Shuriken"},{"floor":25,"key":"ReplayTheSpireMod:Ninjato"},{"floor":26,"key":"Letter Opener"},{"floor":30,"key":"Garlic"}],"event_choices":[{"cards_removed":["Strike_P"],"damage_healed":0,"gold_gain":0,"player_choice":"Offered Basic","damage_taken":0,"max_hp_gain":0,"max_hp_loss":0,"event_name":"Bonfire Elementals","floor":3,"gold_loss":0},{"damage_healed":0,"gold_gain":0,"player_choice":"Forge","damage_taken":0,"max_hp_gain":0,"max_hp_loss":0,"event_name":"Accursed Blacksmith","floor":31,"gold_loss":0,"cards_upgraded":["Ragnarok"]}],"is_beta":false,"boss_relics":[{"not_picked":["Runic Dome","ChewingGum"],"picked":"Tiny House"},{"not_picked":["Cursed Key","Runic Pyramid"],"picked":"Sozu"}],"items_purged_floors":[],"is_endless":false,"potions_floor_spawned":[4,11,14,21,25,27,30,33,35,38],"killed_by":"R_Hoarder","ascension_level":9}}