{"host":"9viy3memdfgcf4vy","time":1612993853,"event":{"mods":["BaseMod","Colored Map","Downfall","Minty Spire (QoL Compilation)","StSLib"],"gold_per_floor":[99,99,99,99,99,99,99,99,134,144,161,161,61,74,91,189,189,189,202,202,212,238,20,20,37,68,81,95,123,73,120,136,238,238,138,149,149,149,149,161,161,61,72,72,104,121,121,121,139,139,139,166,5,5,5,5,5],"floor_reached":55,"language":"ENG","playtime":4303,"items_purged":["downfall:Malfunctioning","downfall:Bewildered"],"score":829,"play_id":"ea659ea7-ff47-41ef-926e-2ea9c613f810","local_time":"20210210235053","is_ascension_mode":true,"campfire_choices":[{"floor":1,"key":"RECALL"},{"data":"Guardian:BodySlam","floor":13,"key":"SMITH"},{"data":"Guardian:CompilePackage","floor":18,"key":"SMITH"},{"data":"Guardian:FloatingOrbs","floor":35,"key":"SMITH"},{"data":"Guardian:FuturePlans","floor":42,"key":"SMITH"},{"data":"Guardian:BodySlam","floor":44,"key":"SMITH"},{"floor":54,"key":"REST"}],"circlet_count":0,"master_deck":["Guardian:Strike_Guardian","Guardian:Strike_Guardian","Guardian:Strike_Guardian","Guardian:Strike_Guardian+1","Guardian:Defend_Guardian","Guardian:Defend_Guardian+1","Guardian:Defend_Guardian","Guardian:Defend_Guardian","Guardian:CurlUp","Guardian:TwinSlam+1","Guardian:RollAttack","Guardian:ShieldCharger","Guardian:TemporalStrike","Guardian:CompilePackage+1","Guardian:FuturePlans+1","Guardian:BodySlam+1","Guardian:MultiBeam","Guardian:ChargeCore","Guardian:AncientConstruct","Guardian:VentSteam+1","Guardian:BronzeOrb","Guardian:FloatingOrbs+1","Guardian:BodySlam+1","Guardian:Preprogram","Decay","Guardian:ExploitGems","Guardian:GatlingBeam","expansioncontent:LastStand","Normality","Guardian:CompilePackage","Guardian:Incinerate+1"],"relics":["Guardian:ModeShifter","downfall:HeartsMalice","Bottled Flame","Smiling Mask","Darkstone Periapt","Mummified Hand","downfall:HeartBlessingRed","Cursed Key","Red Mask","Blood Vial","Blue Candle","CaptainsWheel","Lizard Tail","PreservedInsect","Busted Crown","downfall:HeartBlessingGreen","downfall:HeartBlessingBlue","The Courier","Lantern","Ice Cream"],"acts_visited":["Exordium","TheCity","TheBeyond","TheEnding"],"potions_floor_usage":[16,22,29,45,50],"damage_taken":[{"damage":0,"enemies":"Cultist","floor":2,"turns":1},{"damage":0,"enemies":"Small Slimes","floor":3,"turns":1},{"damage":0,"enemies":"Jaw Worm","floor":6,"turns":1},{"damage":12,"enemies":"3 Sentries","floor":9,"turns":10},{"damage":0,"enemies":"Red Slaver","floor":10,"turns":4},{"damage":13,"enemies":"Exordium Thugs","floor":11,"turns":5},{"damage":3,"enemies":"Blue Slaver","floor":14,"turns":4},{"damage":7,"enemies":"3 Louse","floor":15,"turns":2},{"damage":8,"enemies":"SI_SHIV_ARCHETYPE","floor":16,"turns":4},{"damage":0,"enemies":"Spheric Guardian","floor":19,"turns":3},{"damage":12,"enemies":"3 Cultists","floor":21,"turns":5},{"damage":1,"enemies":"Masked Bandits","floor":22,"turns":3},{"damage":0,"enemies":"downfall:FleeingMerchant","floor":23,"turns":4},{"damage":12,"enemies":"Shelled Parasite and Fungi","floor":25,"turns":4},{"damage":22,"enemies":"Book of Stabbing","floor":26,"turns":5},{"damage":2,"enemies":"Centurion and Healer","floor":27,"turns":3},{"damage":12,"enemies":"3 Cultists","floor":28,"turns":4},{"damage":9,"enemies":"Slavers","floor":29,"turns":5},{"damage":6,"enemies":"Snake Plant","floor":32,"turns":3},{"damage":24,"enemies":"WA_ARCHETYPE_CALM","floor":33,"turns":8},{"damage":0,"enemies":"3 Darklings","floor":36,"turns":5},{"damage":15,"enemies":"Orb Walker","floor":40,"turns":4},{"damage":2,"enemies":"Transient","floor":43,"turns":5},{"damage":14,"enemies":"Nemesis","floor":45,"turns":5},{"damage":0,"enemies":"Writhing Mass","floor":46,"turns":5},{"damage":2,"enemies":"Maw","floor":49,"turns":5},{"damage":49,"enemies":"DF_ARCHETYPE_ORBS","floor":50,"turns":8},{"damage":143,"enemies":"downfall:CharBossMerchant","floor":52,"turns":10},{"damage":77,"enemies":"downfall:NeowBoss","floor":55,"turns":15}],"seed_played":"-893758588543738392","potions_obtained":[{"floor":9,"key":"Regen Potion"},{"floor":11,"key":"AttackPotion"},{"floor":15,"key":"SmokeBomb"},{"floor":16,"key":"AttackPotion"},{"floor":21,"key":"SteroidPotion"},{"floor":22,"key":"Dexterity Potion"},{"floor":32,"key":"SkillPotion"},{"floor":43,"key":"Strength Potion"},{"floor":46,"key":"Swift Potion"}],"is_trial":false,"path_per_floor":["R","M","M","?","?","M","T","T","E","M","M","T","R","M","M","B",null,"R","M","?","M","?","$","T","M","E","M","M","E","?","T","M","B",null,"R","M","?","?","?","M","T","R","M","R","E","M","T","?","M","B",null,"E","$","R","B"],"character_chosen":"GUARDIAN","items_purchased":["Blood Vial","Guardian:Gem_Orange"],"campfire_rested":1,"item_purchase_floors":[23,53],"current_hp_per_floor":[80,80,80,80,80,80,80,80,68,68,55,55,55,52,45,37,80,80,80,80,68,67,67,73,63,43,43,33,41,73,79,75,53,92,92,92,92,92,92,77,83,93,93,93,81,83,89,89,89,42,114,33,33,67,0,0,0],"gold":5,"neow_bonus":"THREE_ENEMY_KILL","is_daily":false,"chose_seed":false,"campfire_upgraded":5,"win_rate":0.0,"timestamp":1612993853,"path_taken":["R","M","M","?","?","M","T","?","E","M","?","?","R","M","M","BOSS","R","M","?","M","?","$","T","M","E","M","M","E","?","?","M","BOSS","R","M","?","?","?","M","T","R","M","R","E","?","?","?","M","BOSS","E","$","R","BOSS"],"items_purchased_type":["Relic","Card"],"build_version":"2020-12-22","purchased_purges":2,"victory":false,"max_hp_per_floor":[80,80,80,80,80,80,80,80,80,80,80,80,80,80,80,80,80,80,80,80,80,80,80,86,86,86,86,86,86,86,92,92,92,92,92,92,92,92,92,92,98,108,108,108,108,108,114,114,114,114,114,114,114,114,114,114,114],"card_choices":[{"not_picked":["Guardian:EvasiveProtocol","Guardian:TemporalStrike"],"picked":"Guardian:RollAttack","floor":2},{"not_picked":["Guardian:PiercingHide","Guardian:Preprogram"],"picked":"Guardian:ShieldCharger","floor":3},{"not_picked":["Guardian:PrismaticBeam","Guardian:Gem_Lightblue"],"picked":"Guardian:TemporalStrike","floor":6},{"not_picked":["Guardian:Gem_Blue","Guardian:ShieldCharger"],"picked":"Guardian:CompilePackage","floor":9},{"not_picked":["Guardian:TimeBomb","Guardian:WalkerClaw"],"picked":"Guardian:FuturePlans","floor":10},{"not_picked":["Guardian:Gem_Red","Guardian:Orbwalk"],"picked":"Guardian:BodySlam","floor":11},{"not_picked":["Guardian:PiercingHide","Guardian:Reroute"],"picked":"Guardian:MultiBeam","floor":14},{"not_picked":["Guardian:Gem_Purple","Guardian:Reroute"],"picked":"Guardian:ChargeCore","floor":15},{"not_picked":["Guardian:SphericShield","Guardian:GemFinder"],"picked":"Guardian:AncientConstruct","floor":16},{"not_picked":["Guardian:PrimingBeam","Guardian:Suspension"],"picked":"Guardian:VentSteam+1","floor":19},{"not_picked":["Guardian:ChargeCore","Guardian:PrimingBeam"],"picked":"Guardian:BronzeOrb","floor":21},{"not_picked":["Guardian:Emergency+1","Guardian:ShieldCharger"],"picked":"Guardian:Gem_White","floor":22},{"not_picked":["Guardian:Repulse","Guardian:Reroute"],"picked":"Guardian:FloatingOrbs","floor":23},{"not_picked":["Guardian:PiercingHide","Guardian:WalkerClaw"],"picked":"Guardian:BodySlam","floor":25},{"not_picked":["Guardian:ChargeCore","Guardian:RollAttack","Guardian:Suspension"],"picked":"SKIP","floor":26},{"not_picked":["Guardian:CrystalBeam+1","Guardian:RollAttack","Guardian:Recover"],"picked":"SKIP","floor":27},{"not_picked":["Guardian:PrimingBeam","Guardian:Harden"],"picked":"Guardian:Gem_Crimson","floor":28},{"not_picked":["Guardian:TemporalShield","Guardian:Clone+1"],"picked":"Guardian:Preprogram","floor":29},{"not_picked":["Guardian:MultiBeam","Guardian:WalkerClaw+1"],"picked":"Guardian:ExploitGems","floor":32},{"not_picked":["Guardian:HyperBeam_Guardian","Guardian:FierceBash"],"picked":"Guardian:GatlingBeam","floor":33},{"not_picked":["Guardian:WalkerClaw"],"picked":"SKIP","floor":36},{"not_picked":["expansioncontent:PolyBeam","expansioncontent:PrepareCrush"],"picked":"expansioncontent:LastStand","floor":37},{"not_picked":["Guardian:VentSteam"],"picked":"SKIP","floor":40},{"not_picked":["Guardian:GuardianWhirl+1"],"picked":"SKIP","floor":43},{"not_picked":[],"picked":"Guardian:CompilePackage","floor":45},{"not_picked":["Guardian:RefractedBeam"],"picked":"SKIP","floor":46},{"not_picked":["Guardian:GuardianWhirl+1"],"picked":"SKIP","floor":49},{"not_picked":[],"picked":"Guardian:Incinerate+1","floor":52}],"player_experience":500624,"relics_obtained":[{"floor":7,"key":"Bottled Flame"},{"floor":8,"key":"Smiling Mask"},{"floor":9,"key":"Darkstone Periapt"},{"floor":12,"key":"Mummified Hand"},{"floor":22,"key":"Red Mask"},{"floor":24,"key":"Blue Candle"},{"floor":26,"key":"CaptainsWheel"},{"floor":29,"key":"Lizard Tail"},{"floor":31,"key":"PreservedInsect"},{"floor":45,"key":"The Courier"},{"floor":47,"key":"Lantern"},{"floor":52,"key":"Ice Cream"}],"event_choices":[{"damage_healed":0,"gold_gain":0,"player_choice":"Fought Bandits","damage_taken":0,"max_hp_gain":0,"max_hp_loss":0,"event_name":"Masked Bandits","floor":22,"gold_loss":0}],"is_beta":false,"boss_relics":[{"not_picked":["SacredBark","Velvet Choker"],"picked":"Cursed Key"},{"not_picked":["Tiny House","Pandora\u0027s Box"],"picked":"Busted Crown"}],"items_purged_floors":[23,53],"is_endless":false,"potions_floor_spawned":[9,11,15,16,21,22,25,27,28,32,36,40,43,46],"killed_by":"downfall:NeowBoss","ascension_level":2}}