{"host":"bxn2em57qlx5u4i0","time":1612986677,"event":{"mods":["BaseMod","Colored Map","Colored Powertips","Highlight Path","Minty Spire (QoL Compilation)","Random Character Button","Relic Sorter","Relic Stats","StSLib","SuperFastMode"],"gold_per_floor":[109,109,124,135,135,166,166,166,166],"floor_reached":8,"language":"ENG","playtime":103,"items_purged":[],"score":112,"play_id":"4ee6fe33-0967-4ad0-a667-d47c3f087668","local_time":"20210210145117","is_ascension_mode":true,"campfire_choices":[{"data":"Corpse Explosion","floor":7.0,"key":"SMITH"}],"circlet_count":0,"master_deck":["AscendersBane","Strike_G","Strike_G","Strike_G+1","Strike_G+1","Strike_G","Defend_G","Defend_G","Defend_G","Defend_G","Defend_G","Survivor","Neutralize","Poisoned Stab","Corpse Explosion+1","Backflip","Poisoned Stab"],"relics":["Ring of the Snake","NeowsBlessing","Orichalcum","Bronze Scales"],"acts_visited":["Exordium"],"potions_floor_usage":[],"damage_taken":[{"damage":0.0,"enemies":"Cultist","floor":1.0,"turns":1.0},{"damage":0.0,"enemies":"Small Slimes","floor":3.0,"turns":1.0},{"damage":0.0,"enemies":"2 Louse","floor":4.0,"turns":1.0},{"damage":27.0,"enemies":"Lagavulin","floor":6.0,"turns":6.0},{"damage":15,"enemies":"Gremlin Nob","floor":8,"turns":3}],"seed_played":"-2127039650332329756","potions_obtained":[{"floor":3.0,"key":"EssenceOfSteel"},{"floor":4.0,"key":"GamblersBrew"}],"is_trial":false,"path_per_floor":["M","T","M","M","?","E","R","E"],"character_chosen":"THE_SILENT","items_purchased":[],"campfire_rested":0,"item_purchase_floors":[],"current_hp_per_floor":[59,59,59,59,39,12,12,0,0],"gold":166,"neow_bonus":"THREE_ENEMY_KILL","is_daily":false,"chose_seed":false,"campfire_upgraded":1,"win_rate":0.0,"timestamp":1612986677,"path_taken":["M","?","M","?","?","E","R","E"],"items_purchased_type":[],"build_version":"2020-12-22","purchased_purges":0,"victory":false,"max_hp_per_floor":[66,66,66,66,66,66,66,66,66],"relic_stats":{"counters":[5,12],"Bronze Scales":[3],"Orichalcum":[42],"obtain_stats":[{"NeowsBlessing":0,"Bronze Scales":6,"Orichalcum":2,"Ring of the Snake":0},{"NeowsBlessing":0,"Bronze Scales":4,"Orichalcum":1,"Ring of the Snake":0},{"NeowsBlessing":0,"Bronze Scales":9,"Orichalcum":1,"Ring of the Snake":0}],"Ring of the Snake":[10]},"card_choices":[{"not_picked":["Quick Slash","Slice"],"picked":"Poisoned Stab","floor":1.0},{"not_picked":["Infinite Blades","Slice"],"picked":"Corpse Explosion","floor":3.0},{"not_picked":["Prepared","Acrobatics"],"picked":"Backflip","floor":4.0},{"not_picked":["Backflip","Cloak And Dagger"],"picked":"Poisoned Stab","floor":6.0}],"player_experience":3030516,"relics_obtained":[{"floor":2.0,"key":"Orichalcum"},{"floor":6.0,"key":"Bronze Scales"}],"event_choices":[{"damage_healed":0.0,"max_hp_gain":0.0,"max_hp_loss":0.0,"gold_gain":0.0,"event_name":"Shining Light","player_choice":"Entered Light","floor":5.0,"gold_loss":0.0,"damage_taken":20.0,"cards_upgraded":["Strike_G","Strike_G"]}],"is_beta":false,"boss_relics":[],"items_purged_floors":[],"is_endless":false,"potions_floor_spawned":[3,4],"killed_by":"Gremlin Nob","ascension_level":20}}