{"host":"y3h3n3f7seyagppx","time":1612994945,"event":{"mods":["AlwaysNeverKeys","BaseMod","Better Vampires","Colored Powertips","DeckTracker","Emptier Cage","Minty Spire (QoL Compilation)","Permanent Neow","Quick Restart","Rare Cards Sparkle","Relic Sorter","Relic Stats","StSLib","Transform Curses"],"gold_per_floor":[360,379,100,100,115,148,148,173,173,191,203,238,238,269,269,347,347,359,370,382,382,82,113,125,168,180,35,52,72,122,151,151,222,222,232,13,33,33,52,80,105,105,129,164,177,127,160,171,171,171,171,171,171,41,73,73],"floor_reached":57,"language":"ENG","playtime":8294,"items_purged":["Strike_R","Twin Strike","Bash","Hemokinesis+1","Inflame"],"score":3119,"play_id":"519fc703-10c4-4e89-8ff6-7d24710c06ed","local_time":"20210210170905","is_ascension_mode":true,"campfire_choices":[{"data":"Armaments","floor":13.0,"key":"SMITH"},{"data":"Hemokinesis","floor":15.0,"key":"SMITH"},{"floor":24.0,"key":"DIG"},{"floor":32.0,"key":"REST"},{"floor":42,"key":"DIG"},{"floor":49,"key":"DIG"},{"floor":53,"key":"DIG"}],"circlet_count":0,"master_deck":["AscendersBane","Armaments+1","Thunderclap","Fire Breathing","Shrug It Off+1","Brutality","Exhume+1","Dropkick","Dropkick","Second Wind+1","Power Through","Impervious","Dark Embrace+1","Uppercut","Juggernaut"],"relics":["Burning Blood","Dream Catcher","Nunchaku","Shovel","Smiling Mask","Gremlin Horn","Pandora\u0027s Box","Happy Flower","MawBank","Bronze Scales","HornCleat","Letter Opener","OrangePellets","Centennial Puzzle","Black Star","Anchor","Pen Nib","Bag of Preparation","Ginger","Self Forming Clay","War Paint","Blue Candle","Bottled Tornado","Art of War","Strawberry","Mercury Hourglass","Paper Frog","Lantern","StrikeDummy"],"acts_visited":["Exordium","TheCity","TheBeyond","TheEnding"],"potions_floor_usage":[56,56,56,56],"damage_taken":[{"damage":5.0,"enemies":"2 Louse","floor":1.0,"turns":4.0},{"damage":11.0,"enemies":"Jaw Worm","floor":2.0,"turns":7.0},{"damage":1.0,"enemies":"Cultist","floor":5.0,"turns":3.0},{"damage":8.0,"enemies":"Gremlin Nob","floor":6.0,"turns":3.0},{"damage":25.0,"enemies":"3 Sentries","floor":8.0,"turns":6.0},{"damage":14.0,"enemies":"3 Louse","floor":10.0,"turns":4.0},{"damage":11.0,"enemies":"Exordium Thugs","floor":11.0,"turns":4.0},{"damage":0.0,"enemies":"Large Slime","floor":12.0,"turns":2.0},{"damage":20.0,"enemies":"Gremlin Nob","floor":14.0,"turns":4.0},{"damage":33.0,"enemies":"Slime Boss","floor":16.0,"turns":7.0},{"damage":5.0,"enemies":"Chosen","floor":18.0,"turns":3.0},{"damage":15.0,"enemies":"Spheric Guardian","floor":19.0,"turns":5.0},{"damage":17.0,"enemies":"3 Cultists","floor":20.0,"turns":4.0},{"damage":4.0,"enemies":"Gremlin Leader","floor":23.0,"turns":4.0},{"damage":13.0,"enemies":"Slavers","floor":25.0,"turns":4.0},{"damage":11.0,"enemies":"Centurion and Healer","floor":28.0,"turns":5.0},{"damage":6.0,"enemies":"Shelled Parasite and Fungi","floor":29.0,"turns":4.0},{"damage":10.0,"enemies":"Book of Stabbing","floor":31.0,"turns":4.0},{"damage":40.0,"enemies":"Collector","floor":33.0,"turns":4.0},{"damage":9.0,"enemies":"3 Darklings","floor":35.0,"turns":7.0},{"damage":6.0,"enemies":"Orb Walker","floor":37.0,"turns":4.0},{"damage":3.0,"enemies":"Spire Growth","floor":39.0,"turns":4.0},{"damage":21.0,"enemies":"Nemesis","floor":40.0,"turns":7.0},{"damage":0,"enemies":"Mind Bloom Boss Battle","floor":41,"turns":11},{"damage":1,"enemies":"Reptomancer","floor":44,"turns":2},{"damage":0,"enemies":"Sphere and 2 Shapes","floor":45,"turns":5},{"damage":0,"enemies":"Giant Head","floor":47,"turns":5},{"damage":0,"enemies":"Transient","floor":48,"turns":6},{"damage":23,"enemies":"Time Eater","floor":50,"turns":12},{"damage":4,"enemies":"Donu and Deca","floor":51,"turns":5},{"damage":9,"enemies":"Shield and Spear","floor":55,"turns":5},{"damage":73,"enemies":"The Heart","floor":56,"turns":10}],"seed_played":"617921696561540767","potions_obtained":[{"floor":1.0,"key":"SteroidPotion"},{"floor":6.0,"key":"Weak Potion"},{"floor":10.0,"key":"ColorlessPotion"},{"floor":12.0,"key":"Dexterity Potion"},{"floor":14.0,"key":"EntropicBrew"},{"floor":18.0,"key":"SkillPotion"},{"floor":20.0,"key":"DistilledChaos"},{"floor":29.0,"key":"AttackPotion"},{"floor":44,"key":"GamblersBrew"}],"is_trial":false,"path_per_floor":["M","M","$","?","M","E","?","E","T","M","M","M","R","E","R","B",null,"M","M","M","?","$","E","R","E","T","$","M","M","?","E","R","B",null,"M","$","M","?","M","E","?","R","T","E","M","$","E","M","R","B","B",null,"R","$","E","B",null],"character_chosen":"IRONCLAD","items_purchased":["Dream Catcher","Whirlwind","Happy Flower","Second Wind","OrangePellets","Anchor","Uppercut"],"campfire_rested":1,"item_purchase_floors":[3,3,22,22,27,36,54],"current_hp_per_floor":[51,46,46,35,40,38,75,56,56,48,43,49,49,35,35,8,58,59,50,39,39,39,41,41,34,34,34,29,29,29,25,47,13,60,57,57,57,57,60,45,51,51,51,56,62,62,75,81,81,64,66,78,78,78,75,8],"gold":73,"neow_bonus":"TWO_FIFTY_GOLD","is_daily":false,"chose_seed":false,"campfire_upgraded":2,"win_rate":0.0,"timestamp":1612994945,"path_taken":["M","M","$","?","M","E","?","E","T","M","M","M","R","E","R","BOSS","M","?","M","?","$","E","R","E","T","?","?","M","?","E","R","BOSS","M","$","M","?","?","E","?","R","T","E","M","$","E","M","R","BOSS","BOSS","R","$","E","BOSS"],"items_purchased_type":["Relic","Card","Relic","Card","Relic","Relic","Card"],"build_version":"2020-12-22","purchased_purges":5,"victory":true,"max_hp_per_floor":[75,75,75,75,75,75,75,75,75,75,75,75,75,75,75,75,75,75,75,75,75,75,75,75,75,75,75,75,75,75,75,75,75,75,75,75,75,75,75,75,75,75,75,75,75,75,82,82,82,82,82,82,82,82,82,82],"relic_stats":{"Gremlin Horn":[18,18],"Happy Flower":[36],"counters":[32,164],"Self Forming Clay":[108],"Blue Candle":[0],"Pen Nib":[27],"Bag of Preparation":[18],"Letter Opener":[97],"Ginger":[4],"War Paint":["Exhume","Second Wind"],"Smiling Mask":350,"MawBank":48,"Burning Blood":192,"Mercury Hourglass":[87],"OrangePellets":[5],"Dream Catcher":1,"Nunchaku":[52],"Centennial Puzzle":[29],"Shovel":4,"Bronze Scales":[459],"Pandora\u0027s Box":["Sever Soul","Thunderclap","Whirlwind","Blood for Blood","Sever Soul","Bloodletting","Burning Pact","Perfected Strike"],"Black Star":4,"Art of War":[11],"obtain_stats":[{"Lantern":55,"Gremlin Horn":14,"Bag of Preparation":40,"Ginger":41,"Bottled Tornado":44,"Smiling Mask":8,"Burning Blood":0,"Dream Catcher":3,"Nunchaku":4,"Centennial Puzzle":31,"Shovel":6,"HornCleat":25,"Strawberry":47,"Paper Frog":53,"Happy Flower":22,"Self Forming Clay":42,"Blue Candle":44,"Pen Nib":40,"Letter Opener":26,"War Paint":43,"MawBank":23,"Mercury Hourglass":49,"OrangePellets":27,"Anchor":36,"Bronze Scales":24,"Pandora\u0027s Box":17,"Black Star":34,"Art of War":47,"StrikeDummy":55},{"Lantern":31,"Gremlin Horn":9,"Bag of Preparation":23,"Ginger":24,"Bottled Tornado":25,"Smiling Mask":5,"Burning Blood":0,"Dream Catcher":2,"Nunchaku":2,"Centennial Puzzle":18,"Shovel":4,"HornCleat":15,"Strawberry":27,"Paper Frog":30,"Happy Flower":13,"Self Forming Clay":24,"Blue Candle":25,"Pen Nib":23,"Letter Opener":15,"War Paint":24,"MawBank":14,"Mercury Hourglass":28,"OrangePellets":15,"Anchor":20,"Bronze Scales":14,"Pandora\u0027s Box":10,"Black Star":19,"Art of War":27,"StrikeDummy":31},{"Lantern":154,"Gremlin Horn":37,"Bag of Preparation":103,"Ginger":114,"Bottled Tornado":116,"Smiling Mask":23,"Burning Blood":0,"Dream Catcher":11,"Nunchaku":11,"Centennial Puzzle":77,"Shovel":17,"HornCleat":64,"Strawberry":126,"Paper Frog":149,"Happy Flower":56,"Self Forming Clay":114,"Blue Candle":116,"Pen Nib":103,"Letter Opener":64,"War Paint":114,"MawBank":60,"Mercury Hourglass":132,"OrangePellets":64,"Anchor":88,"Bronze Scales":60,"Pandora\u0027s Box":44,"Black Star":81,"Art of War":126,"StrikeDummy":154}]},"card_choices":[{"not_picked":["Dark Embrace","Sword Boomerang"],"picked":"Armaments","floor":1.0},{"not_picked":["Flame Barrier","Cleave"],"picked":"Thunderclap","floor":2.0},{"not_picked":["Entrench","Armaments"],"picked":"Twin Strike","floor":5.0},{"not_picked":["Flame Barrier","Anger"],"picked":"Fire Breathing","floor":6.0},{"not_picked":["Dual Wield","Iron Wave"],"picked":"Hemokinesis","floor":8.0},{"not_picked":["True Grit","Thunderclap"],"picked":"Inflame","floor":10.0},{"not_picked":["Metallicize","Wild Strike"],"picked":"Shrug It Off","floor":11.0},{"not_picked":["Heavy Blade","Searing Blow"],"picked":"Brutality","floor":12.0},{"not_picked":["Twin Strike","Sword Boomerang"],"picked":"Exhume","floor":14.0},{"not_picked":["Iron Wave+1","Body Slam"],"picked":"Dropkick","floor":18.0},{"not_picked":["Clash","Iron Wave"],"picked":"Dropkick","floor":19.0},{"not_picked":["Bloodletting","Cleave","Pommel Strike"],"picked":"SKIP","floor":20.0},{"not_picked":["Rampage","Metallicize","Searing Blow+1"],"picked":"SKIP","floor":23.0},{"not_picked":["Warcry","Bludgeon","Heavy Blade"],"picked":"SKIP","floor":25.0},{"not_picked":["True Grit","Intimidate","Disarm"],"picked":"SKIP","floor":28.0},{"not_picked":["Shrug It Off","Cleave+1","Wild Strike"],"picked":"SKIP","floor":29.0},{"not_picked":["Body Slam","True Grit"],"picked":"Power Through","floor":31.0},{"not_picked":["Juggernaut","Double Tap"],"picked":"Impervious","floor":33.0},{"not_picked":["Twin Strike","Warcry","Clothesline"],"picked":"SKIP","floor":35.0},{"not_picked":["Searing Blow","Power Through+1"],"picked":"Dark Embrace","floor":37.0},{"not_picked":["Armaments","Anger","Headbutt+1"],"picked":"SKIP","floor":39.0},{"not_picked":["Iron Wave","Wild Strike","Combust"],"picked":"SKIP","floor":40.0},{"not_picked":["Clothesline","Armaments","Entrench"],"picked":"SKIP","floor":44},{"not_picked":["Clothesline","Armaments","Entrench"],"picked":"SKIP","floor":44},{"not_picked":["Anger","Dark Embrace","Ghostly Armor"],"picked":"SKIP","floor":45},{"not_picked":["Dark Embrace","Pommel Strike","Shrug It Off"],"picked":"SKIP","floor":47},{"not_picked":["Pommel Strike","Wild Strike","Dual Wield"],"picked":"SKIP","floor":48},{"not_picked":["Rampage","Hemokinesis"],"picked":"Juggernaut","floor":55}],"player_experience":22128476,"relics_obtained":[{"floor":6.0,"key":"Shovel"},{"floor":8.0,"key":"Smiling Mask"},{"floor":14.0,"key":"Gremlin Horn"},{"floor":23.0,"key":"MawBank"},{"floor":24.0,"key":"Bronze Scales"},{"floor":25.0,"key":"HornCleat"},{"floor":26.0,"key":"Letter Opener"},{"floor":31.0,"key":"Centennial Puzzle"},{"floor":40.0,"key":"Pen Nib"},{"floor":40.0,"key":"Bag of Preparation"},{"floor":41,"key":"Ginger"},{"floor":42,"key":"Self Forming Clay"},{"floor":43,"key":"War Paint"},{"floor":44,"key":"Blue Candle"},{"floor":44,"key":"Bottled Tornado"},{"floor":47,"key":"Art of War"},{"floor":47,"key":"Strawberry"},{"floor":49,"key":"Mercury Hourglass"},{"floor":53,"key":"Paper Frog"},{"floor":55,"key":"Lantern"},{"floor":55,"key":"StrikeDummy"}],"event_choices":[{"damage_healed":0.0,"max_hp_gain":0.0,"max_hp_loss":0.0,"gold_gain":0.0,"event_name":"Scrap Ooze","player_choice":"Success","floor":4.0,"gold_loss":0.0,"damage_taken":11.0,"relics_obtained":["Nunchaku"]},{"cards_removed":["Whirlwind"],"damage_healed":37.0,"max_hp_gain":0.0,"max_hp_loss":0.0,"gold_gain":0.0,"event_name":"Bonfire Elementals","player_choice":"Offered Uncommon","floor":7.0,"gold_loss":0.0,"damage_taken":0.0},{"damage_healed":0.0,"max_hp_gain":0.0,"max_hp_loss":0.0,"gold_gain":0.0,"event_name":"Upgrade Shrine","player_choice":"Upgraded","floor":21.0,"gold_loss":0.0,"damage_taken":0.0,"cards_upgraded":["Shrug It Off"]},{"damage_healed":0.0,"max_hp_gain":0.0,"max_hp_loss":0.0,"gold_gain":50.0,"event_name":"Nest","player_choice":"Stole From Cult","floor":30.0,"gold_loss":0.0,"damage_taken":0.0},{"damage_healed":0.0,"max_hp_gain":0.0,"max_hp_loss":0.0,"gold_gain":0.0,"event_name":"Upgrade Shrine","player_choice":"Upgraded","floor":38.0,"gold_loss":0.0,"damage_taken":0.0,"cards_upgraded":["Dark Embrace"]},{"damage_healed":0,"gold_gain":0,"player_choice":"Fight","damage_taken":0,"max_hp_gain":0,"max_hp_loss":0,"event_name":"MindBloom","floor":41,"gold_loss":0}],"is_beta":false,"boss_relics":[{"not_picked":["SacredBark","Black Blood"],"picked":"Pandora\u0027s Box"},{"not_picked":["Calling Bell","Tiny House"],"picked":"Black Star"}],"items_purged_floors":[3,22,36,46,54],"is_endless":false,"potions_floor_spawned":[1,6,10,12,14,18,20,29,35,44,48,55],"ascension_level":20}}