{"host":"ydg0vn0pu4pubmdt","time":1612955842,"event":{"mods":["AchievementEnabler","BaseMod","Colored Map","Gold Saver","Minty Spire (QoL Compilation)","Quick Restart","SuperFastMode"],"gold_per_floor":[775,304,304,318,328,328,355,355,407,407,422,437,471,43,43,114,114,125,144,144,34,44,44,94,94,94,94,120,137,154,165,165,244,244,263,288,288,302,325,325,342,374,374,374,401,401,401,421,421,421,421,421,421,184,212,212],"floor_reached":57,"language":"KOR","playtime":1871,"items_purged":["Defend_P","Strike_P","Strike_P"],"score":3035,"play_id":"2708e538-a294-4260-b614-d2c2d58c9b11","local_time":"20210210201722","is_ascension_mode":true,"campfire_choices":[{"data":"Eruption","floor":6.0,"key":"SMITH"},{"floor":8.0,"key":"DIG"},{"floor":15.0,"key":"DIG"},{"floor":23.0,"key":"DIG"},{"floor":25.0,"key":"DIG"},{"data":"Adaptation","floor":32.0,"key":"SMITH"},{"floor":40.0,"key":"DIG"},{"floor":44.0,"key":"DIG"},{"floor":46.0,"key":"RECALL"},{"floor":49.0,"key":"DIG"},{"floor":53.0,"key":"DIG"}],"circlet_count":0,"master_deck":["AscendersBane","Defend_P","Defend_P","Eruption+1","Vigilance","EmptyFist","EmptyBody+1","Tantrum","InnerPeace","EmptyMind","Scrawl","FlurryOfBlows","Adaptation+1","Adaptation+1","Scrawl","Halt"],"relics":["HolyWater","Shovel","Odd Mushroom","MealTicket","Bag of Preparation","Shuriken","TungstenRod","Centennial Puzzle","Ornamental Fan","Bag of Marbles","Boot","Thread and Needle","VioletLotus","CaptainsWheel","White Beast Statue","Juzu Bracelet","Torii","Kunai","Meat on the Bone","Pocketwatch","Yang","Pen Nib"],"acts_visited":["Exordium","TheCity","TheBeyond","TheEnding"],"potions_floor_usage":[56],"damage_taken":[{"damage":6.0,"enemies":"Small Slimes","floor":1.0,"turns":5.0},{"damage":0.0,"enemies":"2 Louse","floor":4.0,"turns":1.0},{"damage":1.0,"enemies":"Cultist","floor":5.0,"turns":3.0},{"damage":3.0,"enemies":"The Mushroom Lair","floor":7.0,"turns":5.0},{"damage":3.0,"enemies":"3 Louse","floor":11.0,"turns":4.0},{"damage":0.0,"enemies":"Large Slime","floor":12.0,"turns":3.0},{"damage":7.0,"enemies":"Gremlin Nob","floor":13.0,"turns":3.0},{"damage":12.0,"enemies":"The Guardian","floor":16.0,"turns":10.0},{"damage":0.0,"enemies":"3 Byrds","floor":18.0,"turns":4.0},{"damage":17.0,"enemies":"Shell Parasite","floor":19.0,"turns":4.0},{"damage":7.0,"enemies":"Shelled Parasite and Fungi","floor":22.0,"turns":2.0},{"damage":0.0,"enemies":"Gremlin Leader","floor":28.0,"turns":2.0},{"damage":0.0,"enemies":"Centurion and Healer","floor":29.0,"turns":5.0},{"damage":5.0,"enemies":"Snecko","floor":30.0,"turns":3.0},{"damage":0.0,"enemies":"Shelled Parasite and Fungi","floor":31.0,"turns":2.0},{"damage":0.0,"enemies":"Collector","floor":33.0,"turns":3.0},{"damage":0.0,"enemies":"3 Darklings","floor":35.0,"turns":1.0},{"damage":0.0,"enemies":"Mind Bloom Boss Battle","floor":36.0,"turns":1.0},{"damage":0.0,"enemies":"3 Shapes","floor":38.0,"turns":1.0},{"damage":0.0,"enemies":"3 Darklings","floor":41.0,"turns":1.0},{"damage":3.0,"enemies":"Reptomancer","floor":42.0,"turns":4.0},{"damage":0.0,"enemies":"Nemesis","floor":45.0,"turns":1.0},{"damage":0.0,"enemies":"Sphere and 2 Shapes","floor":48.0,"turns":1.0},{"damage":0.0,"enemies":"Donu and Deca","floor":50.0,"turns":1.0},{"damage":10.0,"enemies":"Time Eater","floor":51.0,"turns":8.0},{"damage":0.0,"enemies":"Shield and Spear","floor":55.0,"turns":3.0},{"damage":60,"enemies":"The Heart","floor":56,"turns":6}],"seed_played":"2120441049602280134","potions_obtained":[{"floor":4.0,"key":"Swift Potion"},{"floor":5.0,"key":"Swift Potion"},{"floor":12.0,"key":"Weak Potion"},{"floor":18.0,"key":"Regen Potion"},{"floor":19.0,"key":"StancePotion"},{"floor":28.0,"key":"CultistPotion"},{"floor":30.0,"key":"Explosive Potion"},{"floor":45.0,"key":"SteroidPotion"},{"floor":55.0,"key":"Dexterity Potion"}],"is_trial":false,"path_per_floor":["M","$","?","M","M","R","?","R","T","?","M","M","E","$","R","B",null,"M","M","?","?","M","R","?","R","T","?","E","M","M","M","R","B",null,"M","?","?","M","T","R","M","E","T","R","E","R","?","M","R","B","B",null,"R","$","E","B",null],"character_chosen":"WATCHER","items_purchased":["EmptyFist","Shovel","TungstenRod","SkillPotion","Halt"],"campfire_rested":0,"item_purchase_floors":[2,2,14,54,54],"current_hp_per_floor":[55,55,60,60,59,59,56,56,56,56,53,53,46,61,61,49,67,67,50,50,50,43,43,43,43,43,43,43,57,52,52,52,52,68,68,68,68,68,68,68,68,65,65,65,65,65,65,65,65,65,55,69,69,73,73,25],"gold":212,"neow_bonus":"REMOVE_CARD","is_daily":false,"chose_seed":false,"campfire_upgraded":2,"win_rate":0.0,"timestamp":1612955842,"path_taken":["M","$","?","M","M","R","?","R","T","?","?","M","E","$","R","BOSS","M","M","?","?","?","R","?","R","T","?","E","?","M","M","R","BOSS","M","?","?","?","?","R","M","E","T","R","E","R","?","M","R","BOSS","BOSS","R","$","E","BOSS"],"items_purchased_type":["Card","Relic","Relic","Potion","Card"],"build_version":"2020-12-22","purchased_purges":3,"victory":true,"max_hp_per_floor":[68,68,73,73,73,73,73,73,73,73,73,73,73,73,73,73,73,73,73,73,73,73,73,73,73,73,73,73,73,73,73,73,73,73,73,73,73,73,73,73,73,73,73,73,73,73,73,73,73,73,73,73,73,73,73,73],"card_choices":[{"not_picked":["Crescendo","Consecrate","CutThroughFate"],"picked":"SKIP","floor":1.0},{"not_picked":["Nirvana","LikeWater","BowlingBash"],"picked":"SKIP","floor":4.0},{"not_picked":["Evaluate","ForeignInfluence"],"picked":"EmptyBody","floor":5.0},{"not_picked":["EmptyBody","CrushJoints"],"picked":"Tantrum","floor":11.0},{"not_picked":["ClearTheMind","LikeWater"],"picked":"InnerPeace","floor":12.0},{"not_picked":["Wireheading","FlyingSleeves"],"picked":"EmptyMind","floor":13.0},{"not_picked":["Brilliance","Judgement"],"picked":"Scrawl","floor":16.0},{"not_picked":["ThirdEye","CrushJoints","Fasting2"],"picked":"SKIP","floor":18.0},{"not_picked":["Evaluate+1","Halt"],"picked":"FlurryOfBlows","floor":19.0},{"not_picked":["FlurryOfBlows","Collect+1","JustLucky"],"picked":"SKIP","floor":22.0},{"not_picked":["FlurryOfBlows","Collect+1","JustLucky"],"picked":"SKIP","floor":22.0},{"not_picked":["ClearTheMind+1","JustLucky+1","Conclude"],"picked":"SKIP","floor":28.0},{"not_picked":["SpiritShield","Indignation","Crescendo"],"picked":"SKIP","floor":29.0},{"not_picked":["Protect","Wireheading"],"picked":"Adaptation","floor":30.0},{"not_picked":["JustLucky","SashWhip"],"picked":"Adaptation","floor":31.0},{"not_picked":["Establishment","SpiritShield"],"picked":"Scrawl","floor":33.0},{"not_picked":["Wallop","Wireheading+1","Fasting2+1"],"picked":"SKIP","floor":35.0},{"not_picked":["PathToVictory","Protect","JustLucky"],"picked":"SKIP","floor":38.0},{"not_picked":["BowlingBash","JustLucky","CutThroughFate"],"picked":"SKIP","floor":41.0},{"not_picked":["Protect+1","Worship","Crescendo"],"picked":"SKIP","floor":42.0},{"not_picked":["Worship","ClearTheMind","FollowUp"],"picked":"SKIP","floor":45.0},{"not_picked":["Worship","ClearTheMind","FollowUp"],"picked":"SKIP","floor":45.0},{"not_picked":["Halt","BowlingBash","SashWhip"],"picked":"SKIP","floor":48.0},{"not_picked":["Consecrate","ConjureBlade","EmptyFist"],"picked":"SKIP","floor":55.0}],"player_experience":535947,"relics_obtained":[{"floor":7.0,"key":"Odd Mushroom"},{"floor":8.0,"key":"MealTicket"},{"floor":9.0,"key":"Bag of Preparation"},{"floor":13.0,"key":"Shuriken"},{"floor":15.0,"key":"Centennial Puzzle"},{"floor":23.0,"key":"Ornamental Fan"},{"floor":25.0,"key":"Bag of Marbles"},{"floor":26.0,"key":"Boot"},{"floor":28.0,"key":"Thread and Needle"},{"floor":36.0,"key":"CaptainsWheel"},{"floor":40.0,"key":"White Beast Statue"},{"floor":42.0,"key":"Juzu Bracelet"},{"floor":43.0,"key":"Torii"},{"floor":44.0,"key":"Kunai"},{"floor":45.0,"key":"Meat on the Bone"},{"floor":49.0,"key":"Pocketwatch"},{"floor":53.0,"key":"Yang"},{"floor":55.0,"key":"Pen Nib"}],"event_choices":[{"damage_healed":0.0,"max_hp_gain":5.0,"max_hp_loss":0.0,"gold_gain":0.0,"event_name":"Big Fish","player_choice":"Donut","floor":3.0,"gold_loss":0.0,"damage_taken":0.0},{"damage_healed":0.0,"max_hp_gain":0.0,"max_hp_loss":0.0,"gold_gain":0.0,"event_name":"Mushrooms","player_choice":"Fought Mushrooms","floor":7.0,"gold_loss":0.0,"damage_taken":0.0},{"damage_healed":0.0,"max_hp_gain":0.0,"max_hp_loss":0.0,"gold_gain":0.0,"event_name":"Match and Keep!","player_choice":"0 cards matched","floor":10.0,"gold_loss":0.0,"damage_taken":0.0,"cards_obtained":[]},{"cards_removed":["Strike_P"],"damage_healed":0.0,"max_hp_gain":0.0,"max_hp_loss":0.0,"gold_gain":0.0,"event_name":"Back to Basics","player_choice":"Elegance","floor":20.0,"gold_loss":0.0,"damage_taken":0.0},{"cards_removed":["Defend_P"],"damage_healed":0.0,"max_hp_gain":0.0,"max_hp_loss":0.0,"gold_gain":0.0,"event_name":"Designer","player_choice":"Upgrade and Remove","floor":21.0,"gold_loss":110.0,"damage_taken":0.0,"cards_upgraded":["EmptyBody"]},{"damage_healed":0.0,"max_hp_gain":0.0,"max_hp_loss":0.0,"gold_gain":50.0,"event_name":"Nest","player_choice":"Stole From Cult","floor":24.0,"gold_loss":0.0,"damage_taken":0.0},{"damage_healed":0.0,"max_hp_gain":0.0,"max_hp_loss":0.0,"gold_gain":0.0,"event_name":"The Mausoleum","player_choice":"Ignored","floor":27.0,"gold_loss":0.0,"damage_taken":0.0},{"damage_healed":0.0,"max_hp_gain":0.0,"max_hp_loss":0.0,"gold_gain":0.0,"event_name":"MindBloom","player_choice":"Fight","floor":36.0,"gold_loss":0.0,"damage_taken":0.0},{"damage_healed":0.0,"max_hp_gain":0.0,"max_hp_loss":0.0,"gold_gain":0.0,"event_name":"Upgrade Shrine","player_choice":"Upgraded","floor":37.0,"gold_loss":0.0,"damage_taken":0.0,"cards_upgraded":["Adaptation"]},{"damage_healed":0.0,"max_hp_gain":0.0,"max_hp_loss":0.0,"gold_gain":0.0,"event_name":"Lab","player_choice":"Got Potions","floor":47.0,"gold_loss":0.0,"damage_taken":0.0}],"is_beta":false,"boss_relics":[{"not_picked":["Calling Bell","SlaversCollar"],"picked":"HolyWater"},{"not_picked":["Runic Pyramid","SacredBark"],"picked":"VioletLotus"}],"items_purged_floors":[2,14,54],"is_endless":false,"potions_floor_spawned":[4,5,12,18,19,28,30,31,33,36,41,42,45,48,55],"ascension_level":20}}