{"host":"5ezk7t18wcb10u1o","time":1612925370,"event":{"mods":["BaseMod","Bestiary","Colored Powertips","Minty Spire (QoL Compilation)","Relic Sorter"],"gold_per_floor":[118,135,135,147,161,161,177,177,200,200,211,231,231,112,112,184,184,194,469,484,497,517,517,517],"floor_reached":23,"language":"ENG","playtime":1192,"items_purged":["Strike_B"],"score":374,"play_id":"907fd991-9f61-42b9-833a-e16784dfaecb","local_time":"20210210024930","is_ascension_mode":true,"campfire_choices":[{"data":"Static Discharge","floor":6.0,"key":"SMITH"},{"floor":8.0,"key":"REST"},{"data":"Dualcast","floor":10.0,"key":"SMITH"},{"floor":13.0,"key":"REST"},{"data":"Doom and Gloom","floor":15.0,"key":"SMITH"}],"circlet_count":0,"master_deck":["AscendersBane","Zap","Dualcast+1","Seek","Static Discharge+1","Compile Driver","Redo+1","BootSequence+1","Doom and Gloom+1","Sweeping Beam","Go for the Eyes","All For One","Self Repair","Core Surge","Scrape","Steam","Static Discharge","Barrage","Leap","Redo","Barrage","Rebound+1","Regret","Coolheaded","Core Surge","Go for the Eyes"],"relics":["Cracked Core","War Paint","Pandora\u0027s Box"],"acts_visited":["Exordium","TheCity"],"potions_floor_usage":[],"damage_taken":[{"damage":4.0,"enemies":"Jaw Worm","floor":1.0,"turns":4.0},{"damage":2.0,"enemies":"Cultist","floor":2.0,"turns":4.0},{"damage":7.0,"enemies":"Small Slimes","floor":4.0,"turns":4.0},{"damage":18.0,"enemies":"Exordium Thugs","floor":5.0,"turns":5.0},{"damage":15.0,"enemies":"Large Slime","floor":7.0,"turns":4.0},{"damage":5.0,"enemies":"Red Slaver","floor":11.0,"turns":3.0},{"damage":4.0,"enemies":"Looter","floor":12.0,"turns":3.0},{"damage":29.0,"enemies":"Slime Boss","floor":16.0,"turns":7.0},{"damage":13.0,"enemies":"Shell Parasite","floor":18.0,"turns":4.0},{"damage":21.0,"enemies":"3 Byrds","floor":20.0,"turns":2.0},{"damage":0.0,"enemies":"Snecko","floor":21.0,"turns":3.0},{"damage":18.0,"enemies":"Snake Plant","floor":22.0,"turns":2.0},{"damage":19,"enemies":"Gremlin Leader","floor":23,"turns":3}],"seed_played":"3819989285930409379","potions_obtained":[{"floor":1.0,"key":"ColorlessPotion"},{"floor":4.0,"key":"Weak Potion"},{"floor":7.0,"key":"CultistPotion"},{"floor":11.0,"key":"GamblersBrew"},{"floor":20.0,"key":"FearPotion"}],"is_trial":false,"path_per_floor":["M","M","?","M","M","R","M","R","T","R","M","M","R","$","R","B",null,"M","?","M","M","M","E"],"character_chosen":"DEFECT","items_purchased":["Self Repair"],"campfire_rested":2,"item_purchase_floors":[14],"current_hp_per_floor":[60,58,58,51,33,33,18,39,39,39,34,30,51,51,51,29,61,55,55,34,34,16,0,0],"gold":517,"neow_bonus":"ONE_RANDOM_RARE_CARD","is_daily":false,"chose_seed":false,"campfire_upgraded":3,"win_rate":0.0,"timestamp":1612925370,"path_taken":["M","M","?","M","?","R","M","R","T","R","M","M","R","$","R","BOSS","M","?","?","M","M","E"],"items_purchased_type":["Card"],"build_version":"2020-12-22","purchased_purges":1,"victory":false,"max_hp_per_floor":[71,71,71,71,71,71,71,71,71,71,71,71,71,71,71,71,71,71,71,71,71,71,71,71],"card_choices":[{"not_picked":["Stack","Sweeping Beam"],"picked":"Static Discharge","floor":1.0},{"not_picked":["Meteor Strike","Turbo"],"picked":"Compile Driver","floor":2.0},{"not_picked":["Rebound","Skim"],"picked":"BootSequence","floor":4.0},{"not_picked":["Conserve Battery","Stack"],"picked":"Doom and Gloom","floor":5.0},{"not_picked":["Leap","Aggregate"],"picked":"Sweeping Beam","floor":7.0},{"not_picked":["Streamline","Steam"],"picked":"Go for the Eyes","floor":11.0},{"not_picked":["Cold Snap","Steam"],"picked":"All For One","floor":12.0},{"not_picked":["Reboot","Meteor Strike"],"picked":"Core Surge","floor":16.0},{"not_picked":["Blizzard+1","Steam"],"picked":"Rebound+1","floor":18.0},{"not_picked":["Cold Snap","Turbo"],"picked":"Coolheaded","floor":20.0},{"not_picked":["Go for the Eyes","Turbo"],"picked":"Core Surge","floor":21.0},{"not_picked":["Barrage","Cold Snap"],"picked":"Go for the Eyes","floor":22.0}],"player_experience":1204255,"relics_obtained":[{"floor":9.0,"key":"War Paint"}],"event_choices":[{"damage_healed":0.0,"max_hp_gain":0.0,"max_hp_loss":0.0,"gold_gain":0.0,"event_name":"Match and Keep!","player_choice":"1 cards matched","floor":3.0,"gold_loss":0.0,"damage_taken":0.0,"cards_obtained":["Redo"]},{"damage_healed":0.0,"max_hp_gain":0.0,"max_hp_loss":0.0,"gold_gain":275.0,"event_name":"Golden Shrine","player_choice":"Desecrate","floor":19.0,"gold_loss":0.0,"damage_taken":0.0,"cards_obtained":["Regret"]}],"is_beta":false,"boss_relics":[{"not_picked":["Snecko Eye","Coffee Dripper"],"picked":"Pandora\u0027s Box"}],"items_purged_floors":[14],"is_endless":false,"potions_floor_spawned":[1,4,7,11,20],"killed_by":"Gremlin Leader","ascension_level":20}}