{"host":"6azrrw3tf7wb0f4b","time":1612940960,"event":{"mods":["BaseMod","DeckTracker","Minty Spire (QoL Compilation)","SuperFastMode"],"gold_per_floor":[113,127,127,147,160,160,178,178,248,586,586,254,270,57,57,156,156,156,156,31,31,31,31,31,31,31,31,31,31,31,31,31,31,31],"floor_reached":33,"language":"KOR","playtime":617,"items_purged":["Strike_B","Strike_B","Defend_B"],"score":441,"play_id":"806ec54d-936c-4b8b-8d5c-3db11e0957e1","local_time":"20210210160920","is_ascension_mode":true,"campfire_choices":[{"data":"Dualcast","floor":6,"key":"SMITH"},{"data":"Darkness","floor":8,"key":"SMITH"},{"data":"Defragment","floor":15,"key":"SMITH"},{"data":"Self Repair","floor":23,"key":"SMITH"},{"data":"Hologram","floor":27,"key":"SMITH"},{"data":"Ghostly","floor":32,"key":"SMITH"}],"circlet_count":0,"master_deck":["AscendersBane","Strike_B+1","Strike_B+1","Defend_B","Defend_B","Defend_B","Zap","Dualcast+1","Coolheaded+1","White Noise","Sweeping Beam","Gash","Darkness+1","Self Repair+1","Defragment+1","Ball Lightning","Conserve Battery","Core Surge","Streamline","Reinforced Body","Hologram+1","Ghostly+1","Ghostly","Ghostly","Glacier"],"relics":["Cracked Core","Whetstone","Golden Idol","StrikeDummy","Old Coin","Toy Ornithopter","Ectoplasm","Enchiridion","Nunchaku","Molten Egg 2"],"acts_visited":["Exordium","TheCity"],"potions_floor_usage":[13,16],"damage_taken":[{"damage":0,"enemies":"Cultist","floor":1,"turns":4},{"damage":0,"enemies":"Jaw Worm","floor":2,"turns":3},{"damage":13,"enemies":"Small Slimes","floor":4,"turns":3},{"damage":10,"enemies":"Red Slaver","floor":5,"turns":4},{"damage":8,"enemies":"2 Fungi Beasts","floor":7,"turns":3},{"damage":29,"enemies":"3 Sentries","floor":10,"turns":7},{"damage":0,"enemies":"Large Slime","floor":13,"turns":5},{"damage":9,"enemies":"Hexaghost","floor":16,"turns":7},{"damage":8,"enemies":"Shell Parasite","floor":18,"turns":5},{"damage":12,"enemies":"Spheric Guardian","floor":21,"turns":4},{"damage":4,"enemies":"Chosen and Byrds","floor":25,"turns":6},{"damage":0,"enemies":"Snecko","floor":31,"turns":5},{"damage":45,"enemies":"Automaton","floor":33,"turns":6}],"seed_played":"-2913674475802512098","potions_obtained":[{"floor":2,"key":"FearPotion"},{"floor":7,"key":"SteroidPotion"},{"floor":10,"key":"Energy Potion"},{"floor":21,"key":"Swift Potion"}],"is_trial":false,"path_per_floor":["M","M","?","M","M","R","M","R","T","E","?","$","M","$","R","B",null,"M","?","$","M","?","R","?","M","T","R","$","T","?","M","R","B"],"character_chosen":"DEFECT","items_purchased":["Defragment","Toy Ornithopter","Conserve Battery","AttackPotion"],"campfire_rested":0,"item_purchase_floors":[12,12,14,14],"current_hp_per_floor":[64,64,64,51,41,41,33,33,33,4,4,4,16,16,16,19,53,52,31,31,26,26,26,26,32,32,32,32,32,32,32,32,0,0],"gold":31,"neow_bonus":"RANDOM_COMMON_RELIC","is_daily":false,"chose_seed":false,"campfire_upgraded":6,"win_rate":0.0,"timestamp":1612940960,"path_taken":["M","?","?","M","M","R","M","R","T","E","?","$","M","$","R","BOSS","M","?","$","M","?","R","?","?","T","R","?","?","?","M","R","BOSS"],"items_purchased_type":["Card","Relic","Card","Potion"],"build_version":"2020-12-22","purchased_purges":3,"victory":false,"max_hp_per_floor":[71,71,64,64,64,64,64,64,64,64,64,64,64,64,64,64,64,64,64,64,64,64,64,64,64,64,64,64,64,32,32,32,32,32],"card_choices":[{"not_picked":["Steam Power","Steam"],"picked":"Coolheaded","floor":1},{"not_picked":["Conserve Battery","Aggregate"],"picked":"White Noise","floor":2},{"not_picked":["Leap","Redo"],"picked":"Sweeping Beam","floor":4},{"not_picked":["Turbo","Stack"],"picked":"Gash","floor":5},{"not_picked":["Sweeping Beam","Coolheaded"],"picked":"Darkness","floor":7},{"not_picked":["Hologram","Chill"],"picked":"Self Repair","floor":10},{"not_picked":["Force Field","Rip and Tear"],"picked":"Ball Lightning","floor":13},{"not_picked":["Hyperbeam","Buffer"],"picked":"Core Surge","floor":16},{"not_picked":["Redo","Recycle"],"picked":"Streamline","floor":18},{"not_picked":["Barrage","Compile Driver","Sweeping Beam+1"],"picked":"SKIP","floor":21},{"not_picked":["Streamline","Steam"],"picked":"Hologram","floor":25},{"not_picked":["Cold Snap+1","Heatsinks"],"picked":"Glacier","floor":31}],"player_experience":767175,"relics_obtained":[{"floor":9,"key":"StrikeDummy"},{"floor":10,"key":"Old Coin"},{"floor":19,"key":"Enchiridion"},{"floor":26,"key":"Nunchaku"},{"floor":29,"key":"Molten Egg 2"}],"event_choices":[{"damage_healed":0,"gold_gain":0,"player_choice":"Lose Max HP","damage_taken":0,"relics_obtained":["Golden Idol"],"max_hp_gain":0,"max_hp_loss":7,"event_name":"Golden Idol","floor":3,"gold_loss":0},{"damage_healed":0,"gold_gain":0,"player_choice":"Forge","damage_taken":0,"max_hp_gain":0,"max_hp_loss":0,"event_name":"Accursed Blacksmith","floor":11,"gold_loss":0,"cards_upgraded":["Coolheaded"]},{"damage_healed":0,"gold_gain":0,"player_choice":"Obtained Book","damage_taken":21,"max_hp_gain":0,"max_hp_loss":0,"event_name":"Cursed Tome","floor":19,"gold_loss":0},{"damage_healed":0,"gold_gain":0,"player_choice":"Ignored","damage_taken":0,"max_hp_gain":0,"max_hp_loss":0,"event_name":"Vampires","floor":22,"gold_loss":0},{"damage_healed":0,"gold_gain":0,"player_choice":"Read","damage_taken":0,"max_hp_gain":0,"max_hp_loss":0,"event_name":"The Library","floor":24,"gold_loss":0,"cards_obtained":["Reinforced Body"]},{"damage_healed":0,"gold_gain":0,"player_choice":"Became a Ghost","damage_taken":0,"max_hp_gain":0,"max_hp_loss":32,"event_name":"Ghosts","floor":30,"gold_loss":0,"cards_obtained":["Ghostly","Ghostly","Ghostly"]}],"is_beta":false,"boss_relics":[{"not_picked":["Black Star","Runic Dome"],"picked":"Ectoplasm"}],"items_purged_floors":[12,14,20],"is_endless":false,"potions_floor_spawned":[2,7,10,21,25],"killed_by":"Automaton","ascension_level":16}}