{"host":"zs3tguvuxkh90jf4","time":1612931761,"event":{"mods":["AchievementEnabler","BaseMod","Better Silent Start","Better-Laid Plans","BetterRewards","Block Reminder","Colored Map","Colored Powertips","Gold Saver","Minty Spire (QoL Compilation)","Shop Mod","StSLib","Transform Curses"],"gold_per_floor":[3016,2941,2941,1681,1706,1706,1741,1741,1823,1837,1817,1299,1322,1355,1355,1451,1451,1472,925,925,850,347,382,403,422,422,437,3020,3038,3076,83,83,178,2585,2600,2623,1414,1445,1465,1465,1505,1505,1505,1523,1557,1580,50,69,69,69,69,69,3,38,38],"floor_reached":56,"language":"ENG","playtime":2758,"items_purged":["Injury","Strike_G","Strike_G","Defend_G+1","Strike_G+1","Dash+1"],"score":2607,"play_id":"48d14721-a257-4dee-8f42-19e3df79dac9","local_time":"20210209203601","is_ascension_mode":true,"campfire_choices":[{"data":"Neutralize","floor":6.0,"key":"SMITH"},{"data":"Stack","floor":8.0,"key":"SMITH"},{"data":"Crippling Poison","floor":15.0,"key":"SMITH"},{"data":"Accuracy","floor":32.0,"key":"SMITH"},{"floor":42.0,"key":"RECALL"},{"data":"MasterReality","floor":49.0,"key":"SMITH"},{"data":"Blade Dance","floor":52.0,"key":"SMITH"}],"circlet_count":0,"master_deck":["AscendersBane","Defend_G+1","Defend_G+1","Defend_G+1","Neutralize+1","Blur+1","Noxious Fumes","Backflip","Stack+1","Bane+1","Melter+1","Dramatic Entrance+1","Crippling Poison+1","Deadly Poison","MasterReality+1","Turbo+1","SashWhip+1","Reaper+1","Shrug It Off","Footwork","Mind Blast+1","Backstab+1","Adrenaline","Reprogram+1","Fire Breathing","Consecrate+1","ReachHeaven+1","Flame Barrier","Accuracy+1","Blade Dance+1","Distraction+1","Cloak And Dagger+1","PiercingWail+1","Cloak And Dagger+1","Blur+1","Escape Plan+1","Apotheosis+1","Hologram+1","Reinforced Body+1","Double Energy+1","Vault+1","Crippling Poison+1","Accuracy+1","Caltrops+1"],"relics":["Ring of the Snake","NeowsBlessing","Golden Idol","Vajra","Sundial","MerchantsRug","PrismaticShard","Molten Egg 2","Blue Candle","Membership Card","Bronze Scales","Eternal Feather","Gremlin Horn","SlaversCollar","Girya","Blood Vial","Calipers","Bag of Preparation","TheAbacus","Boot","The Courier","Centennial Puzzle","Orichalcum","Meat on the Bone","Bottled Lightning","Anchor","Ornamental Fan","Matryoshka","Bottled Tornado","Toxic Egg 2","Happy Flower","Regal Pillow","StoneCalendar","Letter Opener","Omamori","Bottled Flame","Toy Ornithopter","Bag of Marbles","Ancient Tea Set","Tough Bandages","Ninja Scroll","Paper Crane","Kunai","PreservedInsect","Mercury Hourglass","Oddly Smooth Stone","Mummified Hand","MealTicket","Juzu Bracelet","Shuriken","Tiny Chest","WristBlade","HornCleat","Question Card","Sling","Singing Bowl","Pantograph","FossilizedHelix","Frozen Egg 2","Darkstone Periapt","InkBottle","Lantern","White Beast Statue","Nunchaku","Peace Pipe","Du-Vu Doll","Whetstone","Pen Nib","TwistedFunnel","Snake Skull","CaptainsWheel","TungstenRod","Thread and Needle","Mango","Turnip","Torii","Dead Branch","Bird Faced Urn","Ice Cream","Unceasing Top","Ginger"],"acts_visited":["Exordium","TheCity","TheBeyond","TheEnding"],"potions_floor_usage":[55,55,55],"damage_taken":[{"damage":0.0,"enemies":"2 Louse","floor":1.0,"turns":1.0},{"damage":0.0,"enemies":"Small Slimes","floor":5.0,"turns":2.0},{"damage":0.0,"enemies":"Gremlin Nob","floor":7.0,"turns":1.0},{"damage":0.0,"enemies":"Cultist","floor":10.0,"turns":3.0},{"damage":0.0,"enemies":"3 Louse","floor":13.0,"turns":1.0},{"damage":10.0,"enemies":"3 Sentries","floor":14.0,"turns":5.0},{"damage":37.0,"enemies":"Hexaghost","floor":16.0,"turns":9.0},{"damage":17.0,"enemies":"Shell Parasite","floor":18.0,"turns":4.0},{"damage":5.0,"enemies":"Slavers","floor":23.0,"turns":4.0},{"damage":4.0,"enemies":"Spheric Guardian","floor":24.0,"turns":3.0},{"damage":19.0,"enemies":"Shelled Parasite and Fungi","floor":25.0,"turns":4.0},{"damage":0.0,"enemies":"Sentry and Sphere","floor":27.0,"turns":1.0},{"damage":8.0,"enemies":"Snake Plant","floor":28.0,"turns":2.0},{"damage":0.0,"enemies":"Snecko","floor":29.0,"turns":3.0},{"damage":28.0,"enemies":"Book of Stabbing","floor":30.0,"turns":4.0},{"damage":0.0,"enemies":"Champ","floor":33.0,"turns":5.0},{"damage":0.0,"enemies":"3 Shapes","floor":35.0,"turns":1.0},{"damage":0.0,"enemies":"3 Darklings","floor":36.0,"turns":1.0},{"damage":0.0,"enemies":"Mind Bloom Boss Battle","floor":38.0,"turns":2.0},{"damage":0.0,"enemies":"4 Shapes","floor":39.0,"turns":1.0},{"damage":0.0,"enemies":"Nemesis","floor":41.0,"turns":1.0},{"damage":0.0,"enemies":"Spire Growth","floor":44.0,"turns":1.0},{"damage":0.0,"enemies":"Reptomancer","floor":45.0,"turns":1.0},{"damage":0.0,"enemies":"3 Darklings","floor":46.0,"turns":1.0},{"damage":0.0,"enemies":"Transient","floor":48.0,"turns":7.0},{"damage":0.0,"enemies":"Awakened One","floor":50.0,"turns":3.0},{"damage":0,"enemies":"Shield and Spear","floor":54,"turns":1},{"damage":1,"enemies":"The Heart","floor":55,"turns":6}],"seed_played":"1673731543150544212","potions_obtained":[{"floor":1.0,"key":"DistilledChaos"},{"floor":7.0,"key":"Explosive Potion"},{"floor":13.0,"key":"EssenceOfSteel"},{"floor":30.0,"key":"Strength Potion"},{"floor":33.0,"key":"Ancient Potion"},{"floor":35.0,"key":"SteroidPotion"},{"floor":38.0,"key":"ColorlessPotion"},{"floor":54,"key":"PowerPotion"}],"is_trial":false,"path_per_floor":["M","?","?","$","M","R","E","R","T","M","?","$","M","E","R","B",null,"M","$","?","?","$","E","M","M","T","M","M","M","E","$","R","B",null,"M","M","$","?","M","?","E","R","T","M","E","M","$","M","R","B",null,"R","$","E","B",null],"character_chosen":"THE_SILENT","items_purchased":["Vajra","Sundial","Blur","Noxious Fumes","Backflip","MerchantsRug","Fruit Juice","DuplicationPotion","PrismaticShard","Membership Card","Bronze Scales","Eternal Feather","Dramatic Entrance+1","Crippling Poison","FairyPotion","Orrery","Girya","Blood Vial","Footwork","Mind Blast+1","Calipers","Bag of Preparation","TheAbacus","Backstab+1","Adrenaline","DistilledChaos","Orichalcum","Meat on the Bone","Accuracy","Blade Dance","Bottled Lightning","Anchor","Ornamental Fan","Matryoshka","Bottled Tornado","Toxic Egg 2","Happy Flower","Regal Pillow","Strawberry","StoneCalendar","Letter Opener","Omamori","Distraction+1","Cloak And Dagger+1","PiercingWail+1","Cloak And Dagger+1","Blur+1","Bottled Flame","Pear","Potion Belt","Toy Ornithopter","War Paint","Bag of Marbles","Ancient Tea Set","Tough Bandages","Ninja Scroll","Paper Crane","Kunai","PreservedInsect","Mercury Hourglass","Oddly Smooth Stone","Mummified Hand","MealTicket","Juzu Bracelet","Shuriken","Tiny Chest","Escape Plan+1","HornCleat","Question Card","Sling","Singing Bowl","Pantograph","FossilizedHelix","Frozen Egg 2","Darkstone Periapt","InkBottle","Lantern","White Beast Statue","Nunchaku","TwistedFunnel","Snake Skull","CaptainsWheel","TungstenRod","Thread and Needle","Mango","Turnip","Torii","Dead Branch","Bird Faced Urn","Ice Cream","Unceasing Top","Ginger","Crippling Poison+1","Accuracy+1","Caltrops+1"],"campfire_rested":0,"item_purchase_floors":[4,4,4,4,4,4,4,4,4,12,12,12,12,12,19,19,19,19,19,19,22,22,22,22,22,22,31,31,31,31,31,31,31,31,31,31,31,31,31,31,31,31,31,31,31,31,31,31,31,31,31,31,31,31,31,31,31,31,31,31,31,31,31,31,31,31,31,37,37,37,37,37,37,37,37,37,37,37,37,47,47,47,47,47,47,47,47,47,47,47,47,47,47,53,53],"current_hp_per_floor":[59,59,59,64,64,64,64,64,64,64,64,64,64,54,63,26,60,43,43,43,43,43,52,50,38,38,51,45,47,29,46,67,86,88,88,88,88,88,90,85,87,87,87,89,91,91,105,107,107,107,107,107,107,109,109],"gold":38,"neow_bonus":"THREE_ENEMY_KILL","is_daily":false,"chose_seed":false,"campfire_upgraded":6,"win_rate":0.0,"timestamp":1612931761,"path_taken":["M","?","?","$","M","R","E","R","T","M","?","$","M","E","R","BOSS","M","$","?","?","$","E","M","M","T","M","M","M","E","$","R","BOSS","M","M","$","?","M","?","E","R","T","M","E","M","$","M","R","BOSS","R","$","E","BOSS"],"items_purchased_type":["Relic","Relic","Card","Card","Card","Relic","Potion","Potion","Relic","Relic","Relic","Relic","Card","Card","Potion","Relic","Relic","Relic","Card","Card","Relic","Relic","Relic","Card","Card","Potion","Relic","Relic","Card","Card","Relic","Relic","Relic","Relic","Relic","Relic","Relic","Relic","Relic","Relic","Relic","Relic","Card","Card","Card","Card","Card","Relic","Relic","Relic","Relic","Relic","Relic","Relic","Relic","Relic","Relic","Relic","Relic","Relic","Relic","Relic","Relic","Relic","Relic","Relic","Card","Relic","Relic","Relic","Relic","Relic","Relic","Relic","Relic","Relic","Relic","Relic","Relic","Relic","Relic","Relic","Relic","Relic","Relic","Relic","Relic","Relic","Relic","Relic","Relic","Relic","Card","Card","Card"],"build_version":"2020-12-22","purchased_purges":6,"victory":true,"max_hp_per_floor":[66,66,66,71,71,71,71,71,71,71,71,71,71,71,71,71,71,71,71,71,71,71,71,71,71,71,71,71,71,71,88,88,88,88,88,88,88,88,90,85,87,87,87,89,91,91,105,107,107,107,107,107,107,109,109],"card_choices":[{"not_picked":["Acrobatics","Finisher"],"picked":"Dash","floor":1.0},{"not_picked":["Underhanded Strike","JustLucky"],"picked":"Stack","floor":5.0},{"not_picked":["WheelKick+1","Brutality"],"picked":"Bane+1","floor":7.0},{"not_picked":["Anger+1","Cleave+1"],"picked":"Melter+1","floor":10.0},{"not_picked":["Twin Strike+1","Leap","Prostrate"],"picked":"SKIP","floor":13.0},{"not_picked":["Carnage+1","PathToVictory"],"picked":"Deadly Poison","floor":14.0},{"not_picked":["Magnetism","Bludgeon+1"],"picked":"MasterReality","floor":16.0},{"not_picked":["Sanctity","Iron Wave+1"],"picked":"Turbo","floor":18.0},{"not_picked":["Steam","Deadly Poison"],"picked":"SashWhip+1","floor":19.0},{"not_picked":["Deflect","Bandage Up"],"picked":"Reaper+1","floor":19.0},{"not_picked":["Collect+1","Thunder Strike+1"],"picked":"Shrug It Off","floor":19.0},{"not_picked":["JustLucky+1","Rip and Tear+1"],"picked":"Reprogram+1","floor":23.0},{"not_picked":["Streamline+1","Masterful Stab+1"],"picked":"Fire Breathing","floor":24.0},{"not_picked":["Armaments","ThirdEye"],"picked":"Consecrate+1","floor":25.0},{"not_picked":["Rupture","Prostrate","Blizzard+1"],"picked":"SKIP","floor":27.0},{"not_picked":["Heel Hook+1","Consume"],"picked":"ReachHeaven+1","floor":28.0},{"not_picked":["Go for the Eyes+1","Dual Wield","Gash+1"],"picked":"SKIP","floor":29.0},{"not_picked":["Sucker Punch+1","Dark Shackles"],"picked":"Flame Barrier","floor":30.0},{"not_picked":["Bullet Time+1","Corruption"],"picked":"Apotheosis+1","floor":33.0},{"not_picked":["Reflex+1","Wild Strike+1"],"picked":"Hologram+1","floor":35.0},{"not_picked":["CutThroughFate+1","Combust+1"],"picked":"Reinforced Body+1","floor":36.0},{"not_picked":["Armaments+1","Melter+1","Distraction+1"],"picked":"Double Energy+1","floor":38.0},{"not_picked":["Amplify+1","Perfected Strike+1","Chill+1","Armaments+1"],"picked":"Singing Bowl","floor":39.0},{"not_picked":["Combust+1","Die Die Die+1","Blood for Blood+1","Spot Weakness+1"],"picked":"Singing Bowl","floor":41.0},{"not_picked":["Distraction+1","Stack+1","Evolve+1","Prostrate+1"],"picked":"Singing Bowl","floor":44.0},{"not_picked":["Consume+1","Acrobatics+1","Crescendo+1","Dagger Throw+1"],"picked":"Singing Bowl","floor":45.0},{"not_picked":["Pommel Strike+1","Havoc+1","Burning Pact+1"],"picked":"Vault+1","floor":46.0},{"not_picked":["Discovery+1","Warcry+1","Barrage+1","Carnage+1"],"picked":"Singing Bowl","floor":48.0},{"not_picked":["Reflex+1","Leap+1","Bandage Up+1","Flame Barrier+1"],"picked":"Singing Bowl","floor":54}],"player_experience":557661,"relics_obtained":[{"floor":7.0,"key":"Molten Egg 2"},{"floor":9.0,"key":"Blue Candle"},{"floor":14.0,"key":"Gremlin Horn"},{"floor":23.0,"key":"Boot"},{"floor":26.0,"key":"The Courier"},{"floor":30.0,"key":"Centennial Puzzle"},{"floor":38.0,"key":"Peace Pipe"},{"floor":41.0,"key":"Du-Vu Doll"},{"floor":43.0,"key":"Whetstone"},{"floor":45.0,"key":"Pen Nib"}],"event_choices":[{"cards_removed":["Strike_G"],"damage_healed":0.0,"max_hp_gain":0.0,"max_hp_loss":0.0,"gold_gain":0.0,"event_name":"The Cleric","player_choice":"Card Removal","floor":2.0,"gold_loss":75.0,"damage_taken":0.0},{"damage_healed":0.0,"max_hp_gain":0.0,"max_hp_loss":0.0,"gold_gain":0.0,"event_name":"Golden Idol","player_choice":"Take Wound","floor":3.0,"gold_loss":0.0,"damage_taken":0.0,"relics_obtained":["Golden Idol"],"cards_obtained":["Injury"]},{"damage_healed":0.0,"max_hp_gain":0.0,"max_hp_loss":0.0,"gold_gain":0.0,"event_name":"The Woman in Blue","player_choice":"Bought 1 Potion","floor":11.0,"gold_loss":0.0,"damage_taken":0.0},{"damage_healed":0.0,"max_hp_gain":0.0,"max_hp_loss":0.0,"gold_gain":0.0,"event_name":"Back to Basics","player_choice":"Simplicity","floor":20.0,"gold_loss":0.0,"damage_taken":0.0,"cards_upgraded":["Strike_G","Defend_G","Defend_G","Defend_G","Defend_G"]},{"cards_removed":["Survivor"],"damage_healed":0.0,"max_hp_gain":0.0,"max_hp_loss":0.0,"gold_gain":0.0,"event_name":"Beggar","player_choice":"Gave Gold","floor":21.0,"gold_loss":75.0,"damage_taken":0.0},{"damage_healed":0.0,"max_hp_gain":0.0,"max_hp_loss":0.0,"gold_gain":0.0,"event_name":"MindBloom","player_choice":"Fight","floor":38.0,"gold_loss":0.0,"damage_taken":0.0},{"damage_healed":0.0,"max_hp_gain":0.0,"max_hp_loss":5.0,"gold_gain":0.0,"event_name":"Winding Halls","player_choice":"Max HP","floor":40.0,"gold_loss":0.0,"damage_taken":0.0}],"is_beta":false,"boss_relics":[{"not_picked":["Ring of the Serpent","Runic Dome"],"picked":"SlaversCollar"},{"not_picked":["HoveringKite","Sozu"],"picked":"WristBlade"}],"items_purged_floors":[4,12,19,31,37,47],"is_endless":false,"potions_floor_spawned":[1,7,10,13,24,25,30,33,35,38,39,41,44,45,46,48,54],"ascension_level":19}}