{"host":"nxma0dbhh74lxenq","time":1612974616,"event":{"mods":["Astrologer","BaseMod","Beaked The Cultist","CapriCore","Colored Map","DeckTracker","Gremlin Mod","Highlight Path","HololiveMod","Koishi","Mad Scientist","Minty Spire (QoL Compilation)","StSLib","SuperFastMode","The Bladedancer","The Cursed","The Immortal","The Mystic","YoumuÅiç∞ÈÆódöÎÅj"],"gold_per_floor":[22,39,39,39,55,104,129,162,209,21,53,78,113,131,131,208,208,240,240,268,313,352,408,451,483,483,537,537,564,564,288,288,446,446,475,513,540,586,31,92,141,141,168,208,243,317,3,18,18,78,78],"floor_reached":52,"language":"JPN","playtime":2225,"items_purged":["Hololive_Strike"],"score":2972,"play_id":"b60b9b99-a0dc-4a31-bf9a-7c4b465022d5","local_time":"20210211013016","is_ascension_mode":true,"campfire_choices":[{"data":"Hololive_CallHoushouMarine","floor":15,"key":"SMITH"},{"data":"Hololive_CandyCastle","floor":28,"key":"SMITH"},{"data":"Hololive_CallOmaruPolka","floor":30,"key":"SMITH"},{"data":"Apotheosis","floor":32,"key":"SMITH"},{"data":"Hololive_StrengthChampion+2","floor":49,"key":"SMITH"}],"circlet_count":0,"master_deck":["AscendersBane","Hololive_Psychosis","Hololive_CallHoushouMarine+1","Hololive_CallSakuraMiko","Hololive_CallYuzukiChoco","Hololive_CallAiraniIofifteen","Hololive_CallAZKi","Hololive_CallNatsuiroMatsuri","Hololive_CandyCastle+1","Hololive_Breathe","Hololive_FlyingPonyTail","Hololive_CallRoboco","Hololive_Thief+1","Hololive_CallNakiriAyame","Hololive_Rebound+1","Hololive_CocoNews+1","Hololive_Nanodesu+1","Hololive_SummonFox+1","Hololive_CallMinatoAqua+1","Hololive_Watashimo+1","Hololive_CallInugamiKorone","Hololive_StrengthChampion+3","Hololive_CallShirakamiFubuki","Hololive_FlyingPonyTail+1","Hololive_CallOmaruPolka+1","Hololive_CallNekomataOkayu","Hololive_CallOkamiMio","Hololive_OvertimeWork+1","Apotheosis+1","Hololive_MaximGun+1","Hololive_CallTokoyamiTowa","Hololive_Yoholoon+1","Hololive_CallShishiroBotan","Hololive_CallOzoraSubaru+1","Hololive_CallYozoraMel+1","Hololive_CocoNews+1","Hololive_LuckPotion","Hololive_Yoholoon+1"],"relics":["Hololive_TheStar","CaptainsWheel","Unceasing Top","The Courier","Blood Vial","Hololive_LightStick","Molten Egg 2","Centennial Puzzle","Omamori","Astrolabe","Bronze Scales","Anchor","Gremlin Horn","CeramicFish","OrangePellets","Busted Crown","War Paint","ClockworkSouvenir","Bottled Lightning","Pocketwatch","Happy Flower","Bag of Marbles","Bird Faced Urn","StoneCalendar"],"acts_visited":["Exordium","TheCity","TheBeyond"],"potions_floor_usage":[51],"damage_taken":[{"damage":0,"enemies":"Cultist","floor":1,"turns":3},{"damage":0,"enemies":"Small Slimes","floor":2,"turns":4},{"damage":0,"enemies":"Jaw Worm","floor":5,"turns":2},{"damage":0,"enemies":"Lagavulin","floor":6,"turns":5},{"damage":0,"enemies":"Blue Slaver","floor":7,"turns":3},{"damage":0,"enemies":"Gremlin Nob","floor":8,"turns":4},{"damage":0,"enemies":"3 Sentries","floor":11,"turns":3},{"damage":0,"enemies":"Lagavulin","floor":13,"turns":4},{"damage":0,"enemies":"Looter","floor":14,"turns":2},{"damage":0,"enemies":"Hexaghost","floor":16,"turns":4},{"damage":0,"enemies":"2 Thieves","floor":18,"turns":3},{"damage":0,"enemies":"3 Byrds","floor":20,"turns":3},{"damage":0,"enemies":"Centurion and Healer","floor":21,"turns":5},{"damage":0,"enemies":"Shelled Parasite and Fungi","floor":22,"turns":4},{"damage":0,"enemies":"Slavers","floor":23,"turns":5},{"damage":0,"enemies":"Cultist and Chosen","floor":24,"turns":5},{"damage":0,"enemies":"Book of Stabbing","floor":25,"turns":4},{"damage":0,"enemies":"Slavers","floor":27,"turns":4},{"damage":0,"enemies":"Snecko","floor":29,"turns":2},{"damage":0,"enemies":"Collector","floor":33,"turns":10},{"damage":0,"enemies":"3 Shapes","floor":35,"turns":2},{"damage":0,"enemies":"3 Darklings","floor":36,"turns":3},{"damage":0,"enemies":"Spire Growth","floor":37,"turns":4},{"damage":0,"enemies":"Writhing Mass","floor":38,"turns":5},{"damage":0,"enemies":"Reptomancer","floor":40,"turns":6},{"damage":0,"enemies":"3 Darklings","floor":41,"turns":3},{"damage":0,"enemies":"Giant Head","floor":44,"turns":5},{"damage":0,"enemies":"Spire Growth","floor":45,"turns":3},{"damage":0,"enemies":"Reptomancer","floor":46,"turns":5},{"damage":0,"enemies":"Writhing Mass","floor":48,"turns":3},{"damage":0,"enemies":"Time Eater","floor":50,"turns":7},{"damage":0,"enemies":"Donu and Deca","floor":51,"turns":6}],"seed_played":"6271664875296372257","potions_obtained":[{"floor":2,"key":"CultistPotion"},{"floor":5,"key":"Strength Potion"},{"floor":29,"key":"LiquidMemories"},{"floor":35,"key":"DuplicationPotion"}],"is_trial":false,"path_per_floor":["M","M","?","?","M","E","M","E","T","$","E","T","E","M","R","B",null,"M","?","M","M","M","E","M","E","T","E","R","M","R","$","R","B",null,"M","M","M","M","$","E","M","?","T","E","M","E","$","M","R","B","B",null],"character_chosen":"Hololive_HololiveCharacter","items_purchased":["Hololive_Thief","Apotheosis","OrangePellets","Hololive_Yoholoon+1","War Paint","ClockworkSouvenir","Bottled Lightning","Hololive_CallShishiroBotan","Hololive_Yoholoon+1","StoneCalendar"],"campfire_rested":0,"item_purchase_floors":[10,31,31,39,39,39,39,39,47,47],"current_hp_per_floor":[27,27,27,1,1,1,1,1,1,1,3,3,5,7,7,9,25,27,30,30,30,30,30,30,30,30,30,30,30,30,30,30,30,30,30,30,30,30,30,30,30,30,30,30,30,30,30,30,30,30,30],"gold":78,"neow_bonus":"ONE_RARE_RELIC","is_daily":false,"chose_seed":false,"campfire_upgraded":5,"win_rate":0.0,"timestamp":1612974616,"path_taken":["M","M","?","?","M","E","M","E","T","?","E","?","E","M","R","BOSS","M","?","M","?","M","E","M","E","T","E","R","M","R","$","R","BOSS","M","M","?","M","$","E","M","?","T","E","M","E","$","?","R","BOSS","BOSS"],"items_purchased_type":["Card","Card","Relic","Card","Relic","Relic","Relic","Card","Card","Relic"],"build_version":"2020-12-22","purchased_purges":1,"victory":true,"max_hp_per_floor":[30,30,30,30,30,30,30,30,30,30,30,30,30,30,30,30,30,30,30,30,30,30,30,30,30,30,30,30,30,30,30,30,30,30,30,30,30,30,30,30,30,30,30,30,30,30,30,30,30,30,30],"card_choices":[{"not_picked":["Hololive_HuntDinosaur","Hololive_Trident","Hololive_Breathe"],"picked":"Hololive_CallNatsuiroMatsuri","floor":1},{"not_picked":["Hololive_Psychosis","Hololive_StrengthChampion","Hololive_HuntDinosaur"],"picked":"Hololive_CocoNews","floor":2},{"not_picked":["Hololive_Drill","Hololive_CallSakuraMiko","Hololive_CallAkiRosenthal"],"picked":"Hololive_CandyCastle","floor":5},{"not_picked":["Hololive_CocoNews","Hololive_StrengthChampion","Hololive_OvertimeWork"],"picked":"Hololive_Breathe","floor":6},{"not_picked":["Hololive_Rebirth","Hololive_Sequa","Hololive_OvertimeWork"],"picked":"Hololive_FlyingPonyTail","floor":7},{"not_picked":["Hololive_OvertimeWork","Hololive_Rebound","Hololive_CallHoushouMarine"],"picked":"Hololive_CallRoboco","floor":8},{"not_picked":["Hololive_CallNatsuiroMatsuri","Hololive_CallShiroganeNoel","Hololive_CallShishiroBotan"],"picked":"Hololive_CallNakiriAyame","floor":11},{"not_picked":["Hololive_HighAtkLowDef","Hololive_Sequa+1","Hololive_Watashimo"],"picked":"Hololive_Rebound","floor":13},{"not_picked":["Hololive_CallYogiri","Hololive_Breathe","Hololive_FlyingPonyTail"],"picked":"Hololive_CocoNews+1","floor":14},{"not_picked":["Hololive_FlareMind","Hololive_AWSL","Hololive_Rebirth"],"picked":"Hololive_Nanodesu+1","floor":16},{"not_picked":["Hololive_CocoNews+1","Hololive_CallSakuraMiko","Hololive_OvertimeWork+1"],"picked":"Hololive_CallInugamiKorone","floor":18},{"not_picked":["Hololive_Drill+1","Hololive_Spy","Hololive_RevenueBasedLive"],"picked":"Hololive_StrengthChampion+1","floor":20},{"not_picked":["Hololive_CallInugamiKorone","Hololive_Rebound+1","Hololive_HuntDinosaur+1"],"picked":"Hololive_CallShirakamiFubuki","floor":21},{"not_picked":["Hololive_Breathe","Hololive_CocoNews+1","Hololive_ILoveYou"],"picked":"Hololive_FlyingPonyTail+1","floor":22},{"not_picked":["Hololive_ManjiGathering+1","Hololive_CocoNews+1","Hololive_LuckPotion"],"picked":"Hololive_CallOmaruPolka","floor":23},{"not_picked":["Hololive_Breathe+1","Hololive_CallTsunomakiWatame","Hololive_CocoNews+1"],"picked":"Hololive_CallNekomataOkayu","floor":24},{"not_picked":["Hololive_ASMR+1","Hololive_Rebound","Hololive_Drill+1"],"picked":"Hololive_CallOkamiMio","floor":25},{"not_picked":["Hololive_Sequa+1","Hololive_LuckPotion","Hololive_Rebound"],"picked":"Hololive_OvertimeWork+1","floor":27},{"not_picked":["Hololive_StrengthChampion+1","Hololive_RevenueBasedLive+1","Hololive_Breathe","Hololive_Trident+1"],"picked":"SKIP","floor":29},{"not_picked":["Hololive_Nanodesu+1","Hololive_OpenUp+1","Hololive_Thief"],"picked":"Hololive_MaximGun+1","floor":33},{"not_picked":["Hololive_Trident+1","Hololive_RevenueBasedLive+1"],"picked":"SKIP","floor":35},{"not_picked":["Hololive_ILoveYou"],"picked":"Hololive_CallTokoyamiTowa","floor":36},{"not_picked":["Hololive_DevilCharm","Hololive_Sequa+1"],"picked":"SKIP","floor":37},{"not_picked":["Hololive_CocoNews+1","Hololive_Drill+1"],"picked":"SKIP","floor":38},{"not_picked":["Hololive_CallYukihanaLamy"],"picked":"Hololive_CallOzoraSubaru+1","floor":40},{"not_picked":["Hololive_Breathe"],"picked":"Hololive_CallYozoraMel+1","floor":41},{"not_picked":["Hololive_SummonFox","Hololive_CallShishiroBotan"],"picked":"SKIP","floor":44},{"not_picked":["Hololive_Psychosis+1"],"picked":"Hololive_CocoNews+1","floor":45},{"not_picked":["Hololive_SoulCatcher+1"],"picked":"Hololive_LuckPotion","floor":46},{"not_picked":["Hololive_Psychosis+1","Hololive_FlyingPonyTail+1"],"picked":"SKIP","floor":48}],"player_experience":586503,"relics_obtained":[{"floor":6,"key":"The Courier"},{"floor":8,"key":"Blood Vial"},{"floor":9,"key":"Hololive_LightStick"},{"floor":11,"key":"Molten Egg 2"},{"floor":12,"key":"Centennial Puzzle"},{"floor":13,"key":"Omamori"},{"floor":23,"key":"Bronze Scales"},{"floor":25,"key":"Anchor"},{"floor":26,"key":"Gremlin Horn"},{"floor":27,"key":"CeramicFish"},{"floor":40,"key":"Pocketwatch"},{"floor":43,"key":"Happy Flower"},{"floor":44,"key":"Bag of Marbles"},{"floor":46,"key":"Bird Faced Urn"}],"event_choices":[{"damage_healed":0,"gold_gain":0,"player_choice":"Leave","damage_taken":0,"max_hp_gain":0,"max_hp_loss":0,"event_name":"The Cleric","floor":3,"gold_loss":0},{"damage_healed":0,"gold_gain":0,"player_choice":"Success","damage_taken":26,"relics_obtained":["Unceasing Top"],"max_hp_gain":0,"max_hp_loss":0,"event_name":"Scrap Ooze","floor":4,"gold_loss":0},{"cards_removed":["Hololive_CocoNews"],"damage_healed":5,"gold_gain":0,"player_choice":"Offered Common","damage_taken":0,"max_hp_gain":0,"max_hp_loss":0,"event_name":"Bonfire Elementals","floor":19,"gold_loss":0},{"cards_removed":["Hololive_CocoNews"],"damage_healed":5,"gold_gain":0,"player_choice":"Offered Special","damage_taken":0,"max_hp_gain":0,"max_hp_loss":0,"event_name":"Bonfire Elementals","floor":19,"gold_loss":0},{"damage_healed":0,"gold_gain":0,"player_choice":"Upgraded","damage_taken":0,"max_hp_gain":0,"max_hp_loss":0,"event_name":"Upgrade Shrine","floor":42,"gold_loss":0,"cards_upgraded":["Hololive_StrengthChampion"]}],"is_beta":false,"boss_relics":[{"not_picked":["Pandora\u0027s Box","Velvet Choker"],"picked":"Astrolabe"},{"not_picked":["Snecko Eye","Hololive_ChaosS"],"picked":"Busted Crown"}],"items_purged_floors":[10],"is_endless":false,"potions_floor_spawned":[2,5,13,16,18,20,25,29,33,35,37,40,44,45],"ascension_level":20}}