{"host":"2qv44oxt58ptq59r","time":1612968435,"event":{"mods":["AchievementEnabler","BaseMod","Colored Powertips","Highlight Path","Minty Spire (QoL Compilation)","Permanent Neow","StSLib"],"gold_per_floor":[119,44,63,63,63,63,74,90,138,149,149,160,191,208,208,304,304,315,331,331,19,19,48,60,72,84,112,24,24,39,58,58,58,58],"floor_reached":33,"language":"ENG","playtime":3154,"items_purged":["Strike_R","Strike_R"],"score":363,"play_id":"2b49c203-58e1-4ff7-a940-bda68b7f7a28","local_time":"20210210144715","is_ascension_mode":true,"campfire_choices":[{"data":"Inflame","floor":6.0,"key":"SMITH"},{"data":"Body Slam","floor":11.0,"key":"SMITH"},{"floor":15.0,"key":"REST"},{"floor":24,"key":"REST"},{"floor":29,"key":"REST"},{"floor":32,"key":"REST"}],"circlet_count":0,"master_deck":["Strike_R","Strike_R","Strike_R","Defend_R","Defend_R","Defend_R","Defend_R","Bash","Inflame+1","Body Slam+1","Thunderclap","Evolve","Warcry","Carnage","Pommel Strike","Reaper","Heavy Blade","Intimidate","Metallicize","Uppercut","Clothesline+1","Juggernaut"],"relics":["Black Blood","Darkstone Periapt","Red Skull","Question Card","Singing Bowl","Happy Flower","MawBank","Matryoshka"],"acts_visited":["Exordium","TheCity"],"potions_floor_usage":[27,31],"damage_taken":[{"damage":1.0,"enemies":"Cultist","floor":1.0,"turns":3.0},{"damage":9.0,"enemies":"Jaw Worm","floor":3.0,"turns":5.0},{"damage":0.0,"enemies":"2 Louse","floor":7.0,"turns":2.0},{"damage":18.0,"enemies":"Exordium Thugs","floor":8.0,"turns":4.0},{"damage":16.0,"enemies":"Large Slime","floor":10.0,"turns":7.0},{"damage":7.0,"enemies":"Looter","floor":12.0,"turns":3.0},{"damage":18.0,"enemies":"Lagavulin","floor":13.0,"turns":5.0},{"damage":7.0,"enemies":"Exordium Thugs","floor":14.0,"turns":3.0},{"damage":54.0,"enemies":"The Guardian","floor":16.0,"turns":12.0},{"damage":54.0,"enemies":"Spheric Guardian","floor":18.0,"turns":6.0},{"damage":33,"enemies":"2 Thieves","floor":19,"turns":3},{"damage":80,"enemies":"Gremlin Leader","floor":23,"turns":8},{"damage":24,"enemies":"Cultist and Chosen","floor":27,"turns":6},{"damage":26,"enemies":"Snecko","floor":30,"turns":4},{"damage":54,"enemies":"3 Cultists","floor":31,"turns":6},{"damage":67,"enemies":"Collector","floor":33,"turns":5}],"seed_played":"1116166257964400260","potions_obtained":[{"floor":3.0,"key":"SpeedPotion"},{"floor":12.0,"key":"Block Potion"},{"floor":13.0,"key":"Block Potion"},{"floor":14.0,"key":"Block Potion"},{"floor":18,"key":"FairyPotion"},{"floor":23,"key":"Fire Potion"},{"floor":30,"key":"Energy Potion"}],"is_trial":false,"path_per_floor":["M","$","M","?","T","R","M","M","T","M","R","M","E","M","R","B",null,"M","M","?","$","?","E","R","?","T","M","$","R","M","M","R","B"],"character_chosen":"IRONCLAD","items_purchased":["Singing Bowl","Uppercut"],"campfire_rested":4,"item_purchase_floors":[21,21],"current_hp_per_floor":[77,77,74,79,79,79,85,73,73,63,63,62,50,49,74,33,72,30,29,29,29,29,19,44,28,28,23,23,50,45,19,47,0,0],"gold":58,"neow_bonus":"THREE_CARDS","is_daily":false,"chose_seed":false,"campfire_upgraded":2,"win_rate":0.0,"timestamp":1612968435,"path_taken":["M","$","?","?","?","R","M","M","T","?","R","M","E","M","R","BOSS","M","M","?","$","?","E","R","?","T","M","$","R","M","M","R","BOSS"],"items_purchased_type":["Relic","Card"],"build_version":"2020-12-22","purchased_purges":2,"victory":false,"max_hp_per_floor":[80,80,80,85,85,85,85,85,85,85,85,85,85,85,85,85,85,85,85,85,85,85,85,85,90,90,92,92,92,92,94,94,94,94],"card_choices":[{"not_picked":["Iron Wave","Wild Strike"],"picked":"Inflame","floor":0.0},{"not_picked":["Thunderclap","Warcry"],"picked":"Body Slam","floor":1.0},{"not_picked":["Sword Boomerang","Flame Barrier"],"picked":"Thunderclap","floor":3.0},{"not_picked":["Havoc","Anger"],"picked":"Evolve","floor":7.0},{"not_picked":["True Grit","Twin Strike"],"picked":"Warcry","floor":8.0},{"not_picked":["Thunderclap","Rampage"],"picked":"Carnage","floor":10.0},{"not_picked":["Rupture","Clash"],"picked":"Pommel Strike","floor":12.0},{"not_picked":["Fire Breathing","Reckless Charge"],"picked":"Reaper","floor":13.0},{"not_picked":["Body Slam","Clash"],"picked":"Heavy Blade","floor":14.0},{"not_picked":["Bludgeon","Brutality"],"picked":"Barricade","floor":16.0},{"not_picked":["Clash","Hemokinesis"],"picked":"Intimidate","floor":18},{"not_picked":["Heavy Blade","Burning Pact"],"picked":"Metallicize","floor":19},{"not_picked":["Feel No Pain","Second Wind","Twin Strike"],"picked":"Clothesline+1","floor":23},{"not_picked":["Clash","Headbutt","Combust","Clothesline"],"picked":"Singing Bowl","floor":27},{"not_picked":["Shrug It Off+1","Clothesline+1","True Grit"],"picked":"Juggernaut","floor":30},{"not_picked":["Anger","Clothesline+1","Double Tap","Iron Wave"],"picked":"Singing Bowl","floor":31}],"player_experience":5650333,"relics_obtained":[{"floor":5.0,"key":"Darkstone Periapt"},{"floor":13.0,"key":"Red Skull"},{"floor":23,"key":"MawBank"},{"floor":26,"key":"Matryoshka"}],"event_choices":[{"damage_healed":0.0,"max_hp_gain":5.0,"max_hp_loss":0.0,"gold_gain":0.0,"event_name":"Big Fish","player_choice":"Donut","floor":4.0,"gold_loss":0.0,"damage_taken":0.0},{"cards_removed":["Barricade"],"damage_healed":0,"gold_gain":0,"player_choice":"Gave Card","damage_taken":0,"relics_obtained":["Question Card"],"max_hp_gain":0,"max_hp_loss":0,"event_name":"WeMeetAgain","floor":20,"gold_loss":0},{"damage_healed":0,"gold_gain":0,"player_choice":"Opened","damage_taken":0,"relics_obtained":["Happy Flower"],"max_hp_gain":0,"max_hp_loss":0,"event_name":"The Mausoleum","floor":22,"gold_loss":0},{"damage_healed":0,"gold_gain":0,"player_choice":"Shed Blood","damage_taken":21,"max_hp_gain":5,"max_hp_loss":0,"event_name":"Forgotten Altar","floor":25,"gold_loss":0}],"is_beta":false,"boss_relics":[{"not_picked":["Pandora\u0027s Box","Sozu"],"picked":"Black Blood"}],"items_purged_floors":[2,28],"is_endless":false,"potions_floor_spawned":[3,12,13,14,18,23,30],"killed_by":"Collector","ascension_level":7}}