{"host":"v1m5rkjj38qutr02","time":1612930104,"event":{"mods":["Act Like it!","BaseMod","Challenge The Spire","Conspire","Gensokyo","GungeonMod","Hallownest","Minty Spire (QoL Compilation)","Replay The Spire","StSLib","The Bug Knight","Youmu£®ªÍ∆«—˝√Œ£©"],"gold_per_floor":[116,116,66,81,46,74,74,90,90,90,108,108,118,293,293,293,293],"floor_reached":16,"language":"ZHS","playtime":276,"items_purged":[],"score":194,"play_id":"8e8d9378-44b5-4f35-aae2-8ef0010406a2","local_time":"20210210120824","is_ascension_mode":true,"campfire_choices":[{"data":"Turbo","floor":12,"key":"SMITH"},{"data":"Storm","floor":15,"key":"SMITH"}],"circlet_count":0,"master_deck":["AscendersBane","Strike_B","Strike_B","Strike_B","Defend_B","Defend_B","Defend_B","Defend_B","Zap","Dualcast","Storm+1","Heatsinks","Capacitor","Ball Lightning","Turbo+1","Doubt"],"relics":["Cracked Core","NeowsBlessing","Anchor","conspire:DeflatedDodgeball","Meat on the Bone"],"acts_visited":["Exordium"],"potions_floor_usage":[16,16],"damage_taken":[{"damage":0,"enemies":"Jaw Worm","floor":1,"turns":1},{"damage":0,"enemies":"Small Slimes","floor":4,"turns":1},{"damage":0,"enemies":"3 Sentries","floor":6,"turns":2},{"damage":1,"enemies":"2 Louse","floor":8,"turns":2},{"damage":9,"enemies":"conspire:2 RoseBushes","floor":11,"turns":7},{"damage":27,"enemies":"Exordium Thugs","floor":13,"turns":5},{"damage":35,"enemies":"The Guardian","floor":16,"turns":3}],"seed_played":"8136017589095543269","potions_obtained":[{"floor":4,"key":"Dexterity Potion"},{"floor":6,"key":"SteroidPotion"},{"floor":13,"key":"FocusPotion"}],"is_trial":false,"path_per_floor":["M","?","?","M","$","E","?","M","T","T","M","R","M","?","R","B"],"character_chosen":"DEFECT","items_purchased":["Capacitor"],"campfire_rested":0,"item_purchase_floors":[5],"current_hp_per_floor":[68,68,68,68,68,68,73,72,72,72,63,63,48,48,48,13,13],"gold":293,"neow_bonus":"THREE_ENEMY_KILL","is_daily":false,"chose_seed":false,"campfire_upgraded":2,"win_rate":0.0,"timestamp":1612930104,"path_taken":["M","?","?","M","$","E","?","?","T","?","M","R","M","?","R","BOSS"],"items_purchased_type":["Card"],"build_version":"2020-12-22","purchased_purges":0,"victory":false,"max_hp_per_floor":[75,75,75,75,75,75,80,80,80,80,80,80,80,80,80,80,80],"card_choices":[{"not_picked":["Barrage","ReplaySolidLightProjector"],"picked":"Storm","floor":1},{"not_picked":["Lockon","BasicCrystalCard"],"picked":"Heatsinks","floor":4},{"not_picked":["Time Bomb","Leap","Fission"],"picked":"SKIP","floor":6},{"not_picked":["Leap","Hologram"],"picked":"Ball Lightning","floor":8},{"not_picked":["Consume","Auto Shields"],"picked":"Turbo","floor":11},{"not_picked":["Reprogram","Gash","Barrage"],"picked":"SKIP","floor":13}],"player_experience":424359,"relics_obtained":[{"floor":6,"key":"Anchor"},{"floor":9,"key":"conspire:DeflatedDodgeball"},{"floor":10,"key":"Meat on the Bone"}],"event_choices":[{"cards_removed":["Strike_B"],"damage_healed":0,"gold_gain":0,"player_choice":"Card Removal","damage_taken":0,"max_hp_gain":0,"max_hp_loss":0,"event_name":"The Cleric","floor":3,"gold_loss":50},{"damage_healed":0,"gold_gain":0,"player_choice":"Donut","damage_taken":0,"max_hp_gain":5,"max_hp_loss":0,"event_name":"Big Fish","floor":7,"gold_loss":0},{"damage_healed":0,"gold_gain":175,"player_choice":"AGREE","damage_taken":0,"max_hp_gain":0,"max_hp_loss":0,"event_name":"Liars Game","floor":14,"gold_loss":0,"cards_obtained":["Doubt"]}],"is_beta":false,"boss_relics":[],"items_purged_floors":[],"is_endless":false,"potions_floor_spawned":[4,6,13],"killed_by":"The Guardian","ascension_level":11}}