{"host":"gobyjzz6xbwq9f9i","time":1612932798,"event":{"mods":["AchievementEnabler","BaseMod","Bestiary","Colored Map","Minty Spire (QoL Compilation)","Relic Stats"],"gold_per_floor":[117,136,148,148,164,164,199,199,199,234,234,302,318,9,9,107,107,118,118,132,144,163,163,88,123,146,165,165,191,48,62,62,163,163,181,192,208,208,218,218,233,233,301,335,353,384,399,19,19,19],"floor_reached":51,"language":"ENG","playtime":2854,"items_purged":["Strike_B"],"score":1442,"play_id":"3fdb7423-4521-4734-87d3-53aa26286514","local_time":"20210209205318","is_ascension_mode":true,"campfire_choices":[{"data":"Beam Cell","floor":6,"key":"SMITH"},{"data":"Ball Lightning","floor":8,"key":"SMITH"},{"data":"Creative AI","floor":15,"key":"SMITH"},{"data":"Biased Cognition","floor":23,"key":"SMITH"},{"data":"Skim","floor":28,"key":"SMITH"},{"data":"Capacitor","floor":32,"key":"SMITH"},{"data":"Panacea","floor":40,"key":"SMITH"},{"data":"Turbo","floor":49,"key":"SMITH"}],"circlet_count":0,"master_deck":["AscendersBane","Strike_B","Strike_B","Defend_B","Defend_B","Defend_B","Defend_B","Zap","Dualcast+1","Ball Lightning+1","Cold Snap","Leap","Beam Cell+1","Skim+1","Creative AI+1","Conserve Battery","Panacea+1","Biased Cognition+1","Leap+1","Turbo+1","Steam Power+1","Heatsinks+1","Compile Driver+1","Go for the Eyes+1","Capacitor+1","White Noise","Reboot","Tempest+1","Hologram+1","Skim+1","Recycle","Glacier","Aggregate","Self Repair","Hologram+1","Lockon+1"],"relics":["Cracked Core","Boot","Symbiotic Virus","Mummified Hand","Strawberry","TheAbacus","Coffee Dripper","Molten Egg 2","Mercury Hourglass","Happy Flower","Nunchaku","War Paint","Nuclear Battery","InkBottle","Question Card","Vajra","Bird Faced Urn"],"acts_visited":["Exordium","TheCity","TheBeyond"],"potions_floor_usage":[7,16,25,27,29,33],"damage_taken":[{"damage":7,"enemies":"Small Slimes","floor":1,"turns":3},{"damage":3,"enemies":"2 Louse","floor":2,"turns":3},{"damage":0,"enemies":"Cultist","floor":3,"turns":3},{"damage":3,"enemies":"Blue Slaver","floor":5,"turns":3},{"damage":11,"enemies":"3 Sentries","floor":7,"turns":7},{"damage":19,"enemies":"Gremlin Nob","floor":10,"turns":4},{"damage":4,"enemies":"Large Slime","floor":13,"turns":3},{"damage":3,"enemies":"The Guardian","floor":16,"turns":12},{"damage":0,"enemies":"Chosen","floor":18,"turns":3},{"damage":18,"enemies":"2 Thieves","floor":20,"turns":4},{"damage":12,"enemies":"Centurion and Healer","floor":21,"turns":7},{"damage":0,"enemies":"Snecko","floor":22,"turns":4},{"damage":0,"enemies":"Gremlin Leader","floor":25,"turns":4},{"damage":6,"enemies":"Shelled Parasite and Fungi","floor":27,"turns":3},{"damage":17,"enemies":"Slavers","floor":29,"turns":4},{"damage":0,"enemies":"Centurion and Healer","floor":31,"turns":4},{"damage":0,"enemies":"Champ","floor":33,"turns":8},{"damage":0,"enemies":"Orb Walker","floor":35,"turns":3},{"damage":0,"enemies":"3 Darklings","floor":36,"turns":2},{"damage":9,"enemies":"Spire Growth","floor":37,"turns":4},{"damage":15,"enemies":"Jaw Worm Horde","floor":39,"turns":3},{"damage":0,"enemies":"3 Darklings","floor":41,"turns":4},{"damage":0,"enemies":"Nemesis","floor":44,"turns":5},{"damage":0,"enemies":"4 Shapes","floor":45,"turns":6},{"damage":0,"enemies":"Giant Head","floor":46,"turns":5},{"damage":4,"enemies":"Transient","floor":47,"turns":5},{"damage":0,"enemies":"Awakened One","floor":50,"turns":9}],"seed_played":"3340975412688847515","potions_obtained":[{"floor":1,"key":"SpeedPotion"},{"floor":3,"key":"PotionOfCapacity"},{"floor":5,"key":"Block Potion"},{"floor":10,"key":"ColorlessPotion"},{"floor":16,"key":"AttackPotion"},{"floor":21,"key":"Energy Potion"},{"floor":22,"key":"DuplicationPotion"},{"floor":25,"key":"EssenceOfSteel"},{"floor":33,"key":"FocusPotion"},{"floor":35,"key":"LiquidMemories"},{"floor":37,"key":"AttackPotion"},{"floor":44,"key":"DuplicationPotion"}],"is_trial":false,"path_per_floor":["M","M","M","?","M","R","E","R","T","E","?","?","M","$","R","B",null,"M","?","M","M","M","R","?","E","T","M","R","E","$","M","R","B",null,"M","M","M","?","M","R","M","?","T","E","M","E","M","$","R","B",null],"character_chosen":"DEFECT","items_purchased":["TheAbacus","Panacea","War Paint","Bird Faced Urn","Lockon+1"],"campfire_rested":0,"item_purchase_floors":[14,14,30,48,48],"current_hp_per_floor":[68,65,65,70,67,67,56,56,56,37,44,44,40,40,40,37,80,80,80,62,50,50,50,50,50,50,44,44,27,27,27,27,27,77,77,77,68,68,53,53,53,44,44,44,44,44,47,47,47,82],"gold":19,"neow_bonus":"TEN_PERCENT_HP_BONUS","is_daily":false,"chose_seed":false,"campfire_upgraded":8,"win_rate":0.0,"timestamp":1612932798,"path_taken":["M","M","M","?","M","R","E","R","T","E","?","?","M","$","R","BOSS","M","?","M","M","?","R","?","E","T","M","R","E","$","M","R","BOSS","M","M","M","?","M","R","M","?","T","E","?","E","M","$","R","BOSS"],"items_purchased_type":["Relic","Card","Relic","Relic","Card"],"build_version":"2020-12-22","purchased_purges":1,"victory":true,"max_hp_per_floor":[82,82,82,87,87,87,87,87,87,87,94,94,94,94,94,94,94,94,94,94,94,94,94,94,94,94,94,94,94,94,94,94,94,94,94,94,94,94,94,94,94,94,94,94,94,94,94,94,94,94],"relic_stats":{"Nunchaku":[17],"TheAbacus":[222],"Happy Flower":[21],"counters":[27,124],"Mummified Hand":[157],"Bird Faced Urn":[28],"War Paint":["Steam Power","Dualcast"],"Boot":[85],"Question Card":3,"obtain_stats":[{"Happy Flower":26,"Vajra":46,"War Paint":30,"Boot":7,"Question Card":44,"Mercury Hourglass":25,"Nuclear Battery":34,"Nunchaku":29,"TheAbacus":14,"Mummified Hand":10,"Strawberry":11,"Bird Faced Urn":48,"Molten Egg 2":19,"Coffee Dripper":17,"Cracked Core":0,"Symbiotic Virus":9,"InkBottle":43},{"Happy Flower":13,"Vajra":25,"War Paint":15,"Boot":5,"Question Card":23,"Mercury Hourglass":13,"Nuclear Battery":17,"Nunchaku":15,"TheAbacus":7,"Mummified Hand":6,"Strawberry":6,"Bird Faced Urn":26,"Molten Egg 2":9,"Coffee Dripper":8,"Cracked Core":0,"Symbiotic Virus":5,"InkBottle":22},{"Happy Flower":60,"Vajra":110,"War Paint":67,"Boot":19,"Question Card":99,"Mercury Hourglass":60,"Nuclear Battery":79,"Nunchaku":67,"TheAbacus":26,"Mummified Hand":23,"Strawberry":23,"Bird Faced Urn":115,"Molten Egg 2":41,"Coffee Dripper":38,"Cracked Core":0,"Symbiotic Virus":19,"InkBottle":95}],"InkBottle":[25],"Mercury Hourglass":[230]},"card_choices":[{"not_picked":["Lockon","Barrage"],"picked":"Ball Lightning","floor":1},{"not_picked":["Stack","Conserve Battery"],"picked":"Cold Snap","floor":2},{"not_picked":["Turbo","Rebound"],"picked":"Leap","floor":3},{"not_picked":["Conserve Battery","Creative AI"],"picked":"Beam Cell","floor":5},{"not_picked":["Stack","Go for the Eyes"],"picked":"Skim","floor":7},{"not_picked":["Stack","Rebound"],"picked":"Creative AI","floor":10},{"not_picked":["Barrage","Streamline"],"picked":"Conserve Battery","floor":13},{"not_picked":["Machine Learning","Echo Form"],"picked":"Biased Cognition","floor":16},{"not_picked":["Redo","Steam"],"picked":"Leap+1","floor":18},{"not_picked":["Static Discharge","Steam"],"picked":"Turbo","floor":20},{"not_picked":["Darkness","Leap+1"],"picked":"Steam Power","floor":21},{"not_picked":["Turbo","Fusion+1"],"picked":"Heatsinks+1","floor":22},{"not_picked":["Heatsinks","Hologram"],"picked":"Compile Driver+1","floor":25},{"not_picked":["Compile Driver+1","Hello World"],"picked":"Go for the Eyes+1","floor":27},{"not_picked":["Stack","Electrodynamics"],"picked":"Capacitor","floor":29},{"not_picked":["Cold Snap+1","Compile Driver+1"],"picked":"White Noise","floor":31},{"not_picked":["Multi-Cast","Echo Form"],"picked":"Reboot","floor":33},{"not_picked":["Stack","Rip and Tear+1"],"picked":"Tempest+1","floor":35},{"not_picked":["Double Energy","Sweeping Beam+1"],"picked":"Hologram+1","floor":36},{"not_picked":["Genetic Algorithm+1","Hologram+1"],"picked":"Skim+1","floor":37},{"not_picked":["Steam","Chaos"],"picked":"Recycle","floor":39},{"not_picked":["Stack","Beam Cell+1","Hologram+1"],"picked":"SKIP","floor":41},{"not_picked":["Reboot","Stack+1"],"picked":"Glacier","floor":44},{"not_picked":["Glacier","Auto Shields+1","Double Energy"],"picked":"Aggregate","floor":45},{"not_picked":["Ball Lightning+1","Steam","Heatsinks+1"],"picked":"Self Repair","floor":46},{"not_picked":["Ball Lightning+1","Leap+1","Hello World+1"],"picked":"Hologram+1","floor":47}],"player_experience":1324122,"relics_obtained":[{"floor":7,"key":"Boot"},{"floor":9,"key":"Symbiotic Virus"},{"floor":10,"key":"Mummified Hand"},{"floor":19,"key":"Molten Egg 2"},{"floor":25,"key":"Mercury Hourglass"},{"floor":26,"key":"Happy Flower"},{"floor":29,"key":"Nunchaku"},{"floor":43,"key":"InkBottle"},{"floor":44,"key":"Question Card"},{"floor":46,"key":"Vajra"}],"event_choices":[{"damage_healed":0,"gold_gain":0,"player_choice":"Donut","damage_taken":0,"max_hp_gain":5,"max_hp_loss":0,"event_name":"Big Fish","floor":4,"gold_loss":0},{"damage_healed":0,"gold_gain":0,"player_choice":"Searched \u00271\u0027 times","damage_taken":0,"relics_obtained":["Strawberry"],"max_hp_gain":0,"max_hp_loss":0,"event_name":"Dead Adventurer","floor":11,"gold_loss":0},{"damage_healed":0,"gold_gain":68,"player_choice":"Gained Gold","damage_taken":0,"max_hp_gain":0,"max_hp_loss":0,"event_name":"Golden Wing","floor":12,"gold_loss":0},{"damage_healed":0,"gold_gain":0,"player_choice":"Relic","damage_taken":0,"max_hp_gain":0,"max_hp_loss":0,"event_name":"Wheel of Change","floor":19,"gold_loss":0},{"cards_removed":["Strike_B"],"damage_healed":0,"gold_gain":0,"player_choice":"Gave Gold","damage_taken":0,"max_hp_gain":0,"max_hp_loss":0,"event_name":"Beggar","floor":24,"gold_loss":75},{"damage_healed":0,"gold_gain":0,"player_choice":"Memory 1","damage_taken":0,"max_hp_gain":0,"max_hp_loss":0,"event_name":"SensoryStone","floor":38,"gold_loss":0},{"damage_healed":0,"gold_gain":0,"player_choice":"Damaged","damage_taken":9,"max_hp_gain":0,"max_hp_loss":0,"event_name":"Wheel of Change","floor":42,"gold_loss":0}],"is_beta":false,"boss_relics":[{"not_picked":["Calling Bell","Tiny House"],"picked":"Coffee Dripper"},{"not_picked":["Fusion Hammer","Empty Cage"],"picked":"Nuclear Battery"}],"items_purged_floors":[14],"is_endless":false,"potions_floor_spawned":[1,3,5,10,16,21,22,25,33,35,37,39,44,46],"ascension_level":10}}