{"host":"j37i0m9ltjmpbz2t","time":1612956280,"event":{"mods":["BaseMod","Minty Spire (QoL Compilation)","StSLib","The Construct"],"gold_per_floor":[10013,10013,9395,9395,9413,9445,9445,9445,9497,9497,8771,8802,8812,8840,8840,8943,8943,8962,8962,8975,8890,8906,8906,8906,8917,8917,8947,8257,8274,7339,7371,7371,7474,7474,7488,7504,7504,7517,7043,7043,7068,7068,7068,7068,6216,6229,6329,6340,6340,6340,6340,6340,5692,5723,5723],"floor_reached":56,"language":"ZHS","playtime":2859,"items_purged":["construct:Strike_Gold","construct:Strike_Gold","construct:Strike_Gold","construct:Strike_Gold","construct:Defend_Gold","construct:Defend_Gold","construct:CriticalHit"],"score":1565,"play_id":"826d2611-3f28-4d76-a861-121b5c807b35","local_time":"20210210192440","is_ascension_mode":true,"campfire_choices":[{"data":"construct:ForceCore","floor":7.0,"key":"SMITH"},{"data":"construct:Autoturret","floor":10.0,"key":"SMITH"},{"data":"construct:AttackMode","floor":15.0,"key":"SMITH"},{"data":"construct:Failsafe","floor":23.0,"key":"SMITH"},{"data":"construct:FlameCore","floor":32.0,"key":"SMITH"},{"floor":40.0,"key":"RECALL"},{"floor":42.0,"key":"DIG"},{"floor":44.0,"key":"DIG"},{"data":"construct:FlameCore","floor":49.0,"key":"SMITH"},{"floor":52,"key":"DIG"}],"circlet_count":0,"master_deck":["construct:Defend_Gold+1","construct:Defend_Gold","construct:AttackMode+1","construct:Autoturret+1","construct:ForceCore+1","construct:Autoturret+1","construct:ScopeCore+2","construct:Failsafe+1","construct:LaserCore+1","construct:Missile","construct:Tumble","construct:FlameCore+1","construct:FlameCore+1","Deep Breath+1","construct:Autoturret","construct:Disrupt+1","construct:LaserCore+1"],"relics":["construct:Challenge1","Busted Crown","Anchor","White Beast Statue","Gremlin Horn","Orichalcum","Shuriken","Lee\u0027s Waffle","Bottled Lightning","Oddly Smooth Stone","construct:MegaBattery","construct:WeddingRing","Akabeko","Question Card","Mercury Hourglass","Vajra","HandDrill","Darkstone Periapt","Incense Burner","Shovel","Toolbox","Pocketwatch","Empty Cage","Toy Ornithopter","Pen Nib","Art of War","Meat on the Bone","Toxic Egg 2","Letter Opener","Blue Candle","Sundial","construct:FoamFinger","Nunchaku","Cauldron","Eternal Feather"],"acts_visited":["Exordium","TheCity","TheBeyond","TheEnding"],"potions_floor_usage":[50,50,53,55,55,55],"damage_taken":[{"damage":0.0,"enemies":"Small Slimes","floor":1.0,"turns":3.0},{"damage":0.0,"enemies":"Jaw Worm","floor":5.0,"turns":5.0},{"damage":16.0,"enemies":"Gremlin Nob","floor":6.0,"turns":3.0},{"damage":22.0,"enemies":"3 Sentries","floor":12.0,"turns":7.0},{"damage":0.0,"enemies":"Cultist","floor":13.0,"turns":4.0},{"damage":11.0,"enemies":"Gremlin Nob","floor":14.0,"turns":4.0},{"damage":6.0,"enemies":"The Guardian","floor":16.0,"turns":4.0},{"damage":4.0,"enemies":"Spheric Guardian","floor":18.0,"turns":3.0},{"damage":10.0,"enemies":"Shell Parasite","floor":20.0,"turns":4.0},{"damage":0.0,"enemies":"Snake Plant","floor":22.0,"turns":2.0},{"damage":6.0,"enemies":"Centurion and Healer","floor":25.0,"turns":3.0},{"damage":15.0,"enemies":"Book of Stabbing","floor":27.0,"turns":3.0},{"damage":0.0,"enemies":"Cultist and Chosen","floor":29.0,"turns":3.0},{"damage":0.0,"enemies":"Gremlin Leader","floor":31.0,"turns":3.0},{"damage":3.0,"enemies":"Collector","floor":33.0,"turns":4.0},{"damage":0.0,"enemies":"Orb Walker","floor":35.0,"turns":2.0},{"damage":0.0,"enemies":"3 Darklings","floor":36.0,"turns":2.0},{"damage":0.0,"enemies":"4 Shapes","floor":38.0,"turns":2.0},{"damage":27.0,"enemies":"Reptomancer","floor":41.0,"turns":3.0},{"damage":4.0,"enemies":"Jaw Worm Horde","floor":46.0,"turns":2.0},{"damage":9.0,"enemies":"Maw","floor":48.0,"turns":3.0},{"damage":42,"enemies":"Awakened One","floor":50,"turns":5},{"damage":29,"enemies":"Shield and Spear","floor":54,"turns":3},{"damage":62,"enemies":"The Heart","floor":55,"turns":5}],"seed_played":"-3125932548889937920","potions_obtained":[{"floor":1.0,"key":"SteroidPotion"},{"floor":5.0,"key":"PowerPotion"},{"floor":6.0,"key":"FearPotion"},{"floor":12.0,"key":"Regen Potion"},{"floor":14.0,"key":"Weak Potion"},{"floor":20.0,"key":"Dexterity Potion"},{"floor":25.0,"key":"SkillPotion"},{"floor":35.0,"key":"Regen Potion"},{"floor":41.0,"key":"Regen Potion"},{"floor":48.0,"key":"Weak Potion"},{"floor":53,"key":"Fruit Juice"},{"floor":53,"key":"construct:MegaPotion"},{"floor":54,"key":"Block Potion"}],"is_trial":false,"path_per_floor":["M","?","$","?","M","E","R","?","T","R","$","E","M","E","R","B",null,"M","?","M","?","M","R","?","M","T","E","$","M","$","E","R","B",null,"M","M","?","M","$","R","E","R","T","R","$","M","?","M","R","B",null,"R","$","E","B",null],"character_chosen":"THE_CONSTRUCT_MOD","items_purchased":["White Beast Statue","Gremlin Horn","construct:Autoturret","Shuriken","Lee\u0027s Waffle","Bottled Lightning","Vajra","HandDrill","Darkstone Periapt","Incense Burner","Shovel","Toolbox","construct:FlameCore","Toy Ornithopter","Pen Nib","Deep Breath+1","Blue Candle","Sundial","construct:Autoturret","construct:LaserCore+1","Nunchaku","Cauldron","SkillPotion"],"campfire_rested":0,"item_purchase_floors":[3,3,3,11,11,11,28,28,28,30,30,30,30,39,39,45,45,45,45,53,53,53,53],"current_hp_per_floor":[85,60,60,43,43,27,27,20,20,20,92,70,70,71,71,65,92,88,88,78,78,78,78,78,72,72,57,57,57,57,57,57,54,92,92,92,92,92,92,92,65,65,65,65,65,61,61,66,66,48,92,92,97,68,33],"gold":5723,"neow_bonus":"BOSS_RELIC","is_daily":false,"chose_seed":false,"campfire_upgraded":6,"win_rate":0.0,"timestamp":1612956280,"path_taken":["M","?","$","?","M","E","R","?","T","R","?","E","M","E","R","BOSS","M","?","M","?","M","R","?","M","T","E","$","?","$","E","R","BOSS","M","M","?","M","$","R","E","R","T","R","$","M","?","?","R","BOSS","R","$","E","BOSS"],"items_purchased_type":["Relic","Relic","Card","Relic","Relic","Relic","Relic","Relic","Relic","Relic","Relic","Relic","Card","Relic","Relic","Card","Relic","Relic","Card","Card","Relic","Relic","Potion"],"build_version":"2020-12-22","purchased_purges":7,"victory":true,"max_hp_per_floor":[85,85,85,85,85,85,85,85,85,85,92,92,92,92,92,92,92,92,92,92,92,92,92,92,92,92,92,92,92,92,92,92,92,92,92,92,92,92,92,92,92,92,92,92,92,92,92,92,92,92,92,92,97,97,97],"card_choices":[{"not_picked":[],"picked":"construct:CriticalHit","floor":1.0},{"not_picked":[],"picked":"construct:ForceCore","floor":5.0},{"not_picked":[],"picked":"construct:Autoturret","floor":6.0},{"not_picked":[],"picked":"construct:ScopeCore","floor":12.0},{"not_picked":["construct:SweepLaser"],"picked":"SKIP","floor":13.0},{"not_picked":["construct:HeavyBolt"],"picked":"SKIP","floor":14.0},{"not_picked":["construct:SaveState+1"],"picked":"SKIP","floor":18.0},{"not_picked":[],"picked":"construct:LaserCore+1","floor":20.0},{"not_picked":["construct:SyphonStrike"],"picked":"SKIP","floor":22.0},{"not_picked":["construct:SyphonStrike"],"picked":"SKIP","floor":22.0},{"not_picked":["construct:Dampening"],"picked":"SKIP","floor":25.0},{"not_picked":["construct:Dampening"],"picked":"SKIP","floor":25.0},{"not_picked":["construct:OmegaCannon+1"],"picked":"construct:Missile","floor":27.0},{"not_picked":["construct:SaveState"],"picked":"construct:Tumble","floor":29.0},{"not_picked":["construct:Versatility+1","construct:ElectricArmor"],"picked":"SKIP","floor":31.0},{"not_picked":["construct:BatteryAcid"],"picked":"construct:FlameCore","floor":35.0},{"not_picked":["construct:ReactiveShield","construct:QuickAttack+1"],"picked":"SKIP","floor":36.0},{"not_picked":["construct:ShiftStrike","construct:VentSteam"],"picked":"SKIP","floor":38.0},{"not_picked":["construct:FlakBarrage","construct:LongRangeLance"],"picked":"SKIP","floor":41.0},{"not_picked":["construct:FocusedBeam+1","construct:Disrupt+1"],"picked":"SKIP","floor":46.0},{"not_picked":["construct:FocusedBeam+1"],"picked":"construct:Disrupt+1","floor":46.0},{"not_picked":["construct:Electrocute","construct:PowerUp"],"picked":"SKIP","floor":48.0},{"not_picked":["construct:Autoturret+1","construct:Disrupt+1"],"picked":"SKIP","floor":54}],"player_experience":185948,"relics_obtained":[{"floor":6.0,"key":"Orichalcum"},{"floor":12.0,"key":"Oddly Smooth Stone"},{"floor":14.0,"key":"construct:MegaBattery"},{"floor":26.0,"key":"Question Card"},{"floor":27.0,"key":"Mercury Hourglass"},{"floor":31.0,"key":"Pocketwatch"},{"floor":41.0,"key":"Art of War"},{"floor":42.0,"key":"Meat on the Bone"},{"floor":43.0,"key":"Toxic Egg 2"},{"floor":44.0,"key":"Letter Opener"},{"floor":52,"key":"construct:FoamFinger"},{"floor":54,"key":"Eternal Feather"}],"event_choices":[{"damage_healed":0.0,"max_hp_gain":0.0,"max_hp_loss":0.0,"gold_gain":0.0,"event_name":"Scrap Ooze","player_choice":"Success","floor":2.0,"gold_loss":0.0,"damage_taken":25.0,"relics_obtained":["Anchor"]},{"damage_healed":0.0,"max_hp_gain":0.0,"max_hp_loss":0.0,"gold_gain":0.0,"event_name":"Shining Light","player_choice":"Entered Light","floor":4.0,"gold_loss":0.0,"damage_taken":17.0,"cards_upgraded":["construct:Autoturret","construct:Defend_Gold"]},{"cards_removed":["construct:Strike_Gold"],"damage_healed":0.0,"max_hp_gain":0.0,"max_hp_loss":0.0,"gold_gain":0.0,"event_name":"Golden Wing","player_choice":"Card Removal","floor":8.0,"gold_loss":0.0,"damage_taken":7.0},{"damage_healed":0.0,"max_hp_gain":0.0,"max_hp_loss":0.0,"gold_gain":0.0,"event_name":"The Library","player_choice":"Read","floor":19.0,"gold_loss":0.0,"damage_taken":0.0,"cards_obtained":["construct:Failsafe"]},{"damage_healed":0.0,"max_hp_gain":0.0,"max_hp_loss":0.0,"gold_gain":0.0,"event_name":"Addict","player_choice":"Obtained Relic","floor":21.0,"gold_loss":85.0,"damage_taken":0.0,"relics_obtained":["Akabeko"]},{"damage_healed":0.0,"max_hp_gain":0.0,"max_hp_loss":0.0,"gold_gain":0.0,"event_name":"Match and Keep!","player_choice":"0 cards matched","floor":24.0,"gold_loss":0.0,"damage_taken":0.0,"cards_obtained":[]},{"damage_healed":0.0,"max_hp_gain":0.0,"max_hp_loss":0.0,"gold_gain":0.0,"event_name":"SensoryStone","player_choice":"Memory 1","floor":37.0,"gold_loss":0.0,"damage_taken":0.0},{"damage_healed":0.0,"max_hp_gain":0.0,"max_hp_loss":0.0,"gold_gain":100.0,"event_name":"Golden Shrine","player_choice":"Pray","floor":47.0,"gold_loss":0.0,"damage_taken":0.0}],"is_beta":false,"boss_relics":[{"not_picked":["Velvet Choker","construct:ClawGrip"],"picked":"construct:WeddingRing"},{"not_picked":["Philosopher\u0027s Stone","SacredBark"],"picked":"Empty Cage"}],"items_purged_floors":[3,11,28,30,39,45,53],"is_endless":false,"potions_floor_spawned":[1,5,6,12,13,14,16,18,20,22,25,27,29,31,33,35,36,38,41,46,48,54],"ascension_level":1}}