{"host":"yml0ux6c8lqydjlc","time":1612992770,"event":{"mods":["Aspiration","BaseMod","Conspire","Downfall","Hermit","Jedi Mod","Minty Spire (QoL Compilation)","Robot Space Explorer","StSLib"],"gold_per_floor":[116,71,146,123,141,141,156,173,173,184,203,213,284,298,298,393,393,403,416,435,58,70,70,87,100,174,174,194,194,194,2,2,98,98,117,132,152,56,72,72,101,55,55,80,80,80,80],"floor_reached":46,"language":"ENG","playtime":4785,"items_purged":["Strike_G","Strike_G"],"score":523,"play_id":"2a194423-8828-47a3-b574-314487b66f11","local_time":"20210210163250","is_ascension_mode":false,"campfire_choices":[{"data":"jedi:pocketpoison","floor":6,"key":"SMITH"},{"floor":15,"key":"REST"},{"floor":23,"key":"REST"},{"floor":27,"key":"REST"},{"data":"Dash","floor":29,"key":"SMITH"},{"data":"Neutralize","floor":32,"key":"SMITH"},{"floor":40,"key":"REST"}],"circlet_count":0,"master_deck":["Strike_G","Strike_G","Strike_G","Defend_G","Defend_G","Defend_G","Defend_G","Defend_G","Survivor","Neutralize+1","jedi:pocketpoison+1","Deflect","Dagger Throw","Bane","Underhanded Strike","Bouncing Flask","conspire:PoisonWeapons","Leg Sweep","Flying Knee","conspire:PoisonWeapons","Die Die Die","Crippling Poison","Dodge and Roll+1","jedi:pocketpoison","Caltrops","Slice+1","Dash+1","jedi:poisonivy","Deadly Poison","Backstab","Phantasmal Killer","Bane+1","Deadly Poison+1","Finisher+1","Dagger Throw","Deadly Poison","Catalyst","Backflip","Deadly Poison","Blade Dance+1"],"relics":["Ring of the Snake","jedi:firstaidkit","TwistedFunnel","Juzu Bracelet","InkBottle","SacredBark","Centennial Puzzle","Shuriken","jedi:gremlinknob"],"acts_visited":["Exordium","TheCity","TheBeyond"],"potions_floor_usage":[11,16,19,20,28,37,39,41],"damage_taken":[{"damage":0,"enemies":"Cultist","floor":1,"turns":4},{"damage":1,"enemies":"Small Slimes","floor":5,"turns":3},{"damage":0,"enemies":"Jaw Worm","floor":7,"turns":3},{"damage":8,"enemies":"Lots of Slimes","floor":8,"turns":5},{"damage":5,"enemies":"Exordium Wildlife","floor":10,"turns":4},{"damage":17,"enemies":"3 Louse","floor":11,"turns":3},{"damage":9,"enemies":"2 Fungi Beasts","floor":12,"turns":6},{"damage":13,"enemies":"Lots of Slimes","floor":14,"turns":6},{"damage":103,"enemies":"Slime Boss","floor":16,"turns":19},{"damage":42,"enemies":"Spheric Guardian","floor":18,"turns":6},{"damage":16,"enemies":"conspire:FuzzyDice","floor":19,"turns":6},{"damage":40,"enemies":"Centurion and Healer","floor":20,"turns":10},{"damage":6,"enemies":"Cultist and Chosen","floor":22,"turns":4},{"damage":15,"enemies":"Snake Plant","floor":24,"turns":2},{"damage":11,"enemies":"conspire:HollyBat","floor":25,"turns":8},{"damage":2,"enemies":"Cultist and Chosen","floor":28,"turns":4},{"damage":121,"enemies":"Automaton","floor":33,"turns":16},{"damage":12,"enemies":"3 Shapes","floor":35,"turns":4},{"damage":0,"enemies":"Orb Walker","floor":36,"turns":3},{"damage":40,"enemies":"Writhing Mass","floor":37,"turns":5},{"damage":36,"enemies":"3 Darklings","floor":39,"turns":4},{"damage":20,"enemies":"Nemesis","floor":41,"turns":5},{"damage":39,"enemies":"conspire:MimicChest","floor":44,"turns":6},{"damage":51,"enemies":"Transient","floor":46,"turns":4}],"seed_played":"-3012414235786830741","potions_obtained":[{"floor":5,"key":"GamblersBrew"},{"floor":7,"key":"EssenceOfSteel"},{"floor":10,"key":"Fire Potion"},{"floor":16,"key":"Block Potion"},{"floor":18,"key":"ColorlessPotion"},{"floor":20,"key":"EssenceOfSteel"},{"floor":35,"key":"DistilledChaos"},{"floor":37,"key":"Weak Potion"},{"floor":44,"key":"BlessingOfTheForge"}],"is_trial":false,"path_per_floor":["M","$","?","$","M","R","M","M","T","M","M","M","?","M","R","B",null,"M","M","M","$","M","R","M","M","T","R","M","R","?","$","R","B",null,"M","M","M","$","M","R","E","$","T","?","?","M"],"character_chosen":"THE_SILENT","items_purchased":["Deflect","Dagger Throw","TwistedFunnel","Juzu Bracelet","Deadly Poison","Backstab","Dagger Throw","Deadly Poison","Deadly Poison"],"campfire_rested":4,"item_purchase_floors":[2,4,21,21,31,31,38,38,42],"current_hp_per_floor":[77,77,70,70,69,69,69,61,61,56,50,41,41,43,66,77,77,44,30,35,35,29,52,43,44,44,67,68,68,68,68,68,59,77,68,68,44,44,27,50,49,49,49,20,20,0,0],"gold":80,"neow_bonus":"TEN_PERCENT_HP_BONUS","is_daily":false,"chose_seed":false,"campfire_upgraded":3,"win_rate":0.0,"timestamp":1612992770,"path_taken":["M","$","?","$","M","R","?","M","T","M","?","M","?","M","R","BOSS","M","M","M","$","M","R","M","M","T","R","M","R","?","?","R","BOSS","M","M","M","$","M","R","E","?","T","?","?","M"],"items_purchased_type":["Card","Card","Relic","Relic","Card","Card","Card","Card","Card"],"build_version":"2020-12-22","purchased_purges":2,"victory":false,"max_hp_per_floor":[77,77,77,77,77,77,77,77,77,77,77,77,77,77,77,77,77,77,77,77,77,77,77,77,77,77,77,77,77,77,77,77,77,77,77,77,77,77,77,77,77,77,77,77,77,77,77],"card_choices":[{"not_picked":["Slice","Deflect"],"picked":"jedi:pocketpoison","floor":1},{"not_picked":["Sucker Punch","conspire:PoisonWeapons"],"picked":"Bane","floor":5},{"not_picked":["Prepared","Escape Plan"],"picked":"Underhanded Strike","floor":7},{"not_picked":["Dodge and Roll","Choke"],"picked":"Bouncing Flask","floor":8},{"not_picked":["Acrobatics","conspire:DoublingDagger"],"picked":"conspire:PoisonWeapons","floor":10},{"not_picked":["Sucker Punch","Deflect"],"picked":"Leg Sweep","floor":11},{"not_picked":["Distraction","Prepared"],"picked":"Flying Knee","floor":12},{"not_picked":["Phantasmal Killer","PiercingWail"],"picked":"conspire:PoisonWeapons","floor":14},{"not_picked":["Phantasmal Killer","After Image"],"picked":"Die Die Die","floor":16},{"not_picked":["Backflip","Leg Sweep"],"picked":"Crippling Poison","floor":18},{"not_picked":["PiercingWail","After Image"],"picked":"Dodge and Roll+1","floor":19},{"not_picked":["Outmaneuver","Blade Dance"],"picked":"jedi:pocketpoison","floor":20},{"not_picked":["Underhanded Strike","Dodge and Roll"],"picked":"Caltrops","floor":22},{"not_picked":["Dagger Throw","Deflect+1"],"picked":"Slice+1","floor":24},{"not_picked":["Quick Slash","Eviscerate"],"picked":"Dash","floor":25},{"not_picked":["Distraction","Escape Plan+1"],"picked":"jedi:poisonivy","floor":28},{"not_picked":["After Image","A Thousand Cuts"],"picked":"Phantasmal Killer","floor":33},{"not_picked":["Slice","Blade Dance"],"picked":"Bane+1","floor":35},{"not_picked":["Masterful Stab","Choke+1"],"picked":"Deadly Poison+1","floor":36},{"not_picked":["Bullet Time","jedi:acidrain"],"picked":"Finisher+1","floor":37},{"not_picked":["Riddle With Holes+1","Finisher"],"picked":"Catalyst","floor":39},{"not_picked":["Blade Dance","Dodge and Roll"],"picked":"Backflip","floor":41},{"not_picked":["Terror","Dagger Spray"],"picked":"Blade Dance+1","floor":44}],"player_experience":39880,"relics_obtained":[{"floor":9,"key":"jedi:firstaidkit"},{"floor":26,"key":"InkBottle"},{"floor":41,"key":"Centennial Puzzle"},{"floor":43,"key":"Shuriken"},{"floor":44,"key":"jedi:gremlinknob"}],"event_choices":[{"damage_healed":0,"gold_gain":75,"player_choice":"Touch","damage_taken":7,"max_hp_gain":0,"max_hp_loss":0,"event_name":"FaceTrader","floor":3,"gold_loss":0},{"damage_healed":0,"gold_gain":71,"player_choice":"Gained Gold","damage_taken":0,"max_hp_gain":0,"max_hp_loss":0,"event_name":"Golden Wing","floor":13,"gold_loss":0},{"damage_healed":0,"gold_gain":0,"player_choice":"Ignored","damage_taken":0,"max_hp_gain":0,"max_hp_loss":0,"event_name":"Ghosts","floor":30,"gold_loss":0},{"damage_healed":0,"gold_gain":0,"player_choice":"Ignored","damage_taken":0,"max_hp_gain":0,"max_hp_loss":0,"event_name":"NoteForYourself","floor":45,"gold_loss":0}],"is_beta":false,"boss_relics":[{"not_picked":["Calling Bell","aspiration:RitualDagger","aspiration:FutureDiary"]},{"not_picked":["aspiration:DefectSkillbook","aspiration:IroncladSkillbook"],"picked":"SacredBark"}],"items_purged_floors":[21,31],"is_endless":false,"potions_floor_spawned":[5,7,10,16,18,20,35,37,44],"killed_by":"Transient","ascension_level":0}}