{"host":"cijem1szy7pmmjx6","time":1612953784,"event":{"mods":["Act Like it!","Arknights","BaseMod","BetterRewards","Downfall","Marisa????????","Minty Spire (QoL Compilation)","Reimu??????","StSLib","The Bug Knight","The Senshi","The Servant 0.9.4"],"gold_per_floor":[109,109,129,11,26,26,26,26],"floor_reached":7,"language":"ZHS","playtime":286,"items_purged":[],"score":41,"play_id":"fdc68e68-f98b-4950-8748-e25b5a9e9297","local_time":"20210210054304","is_ascension_mode":false,"campfire_choices":[{"data":"theSenshi:RainbowMoonHeartAche","floor":6,"key":"SMITH"}],"circlet_count":0,"master_deck":["theSenshi:SailorKick","theSenshi:SailorKick","theSenshi:SailorKick","theSenshi:SailorBlock","theSenshi:SailorBlock","theSenshi:SailorBlock","theSenshi:SailorBlock","theSenshi:RoseThrow","theSenshi:MoonPrismPowerMakeUp","theSenshi:MoonTwilightFlash","theSenshi:RainbowMoonHeartAche+1","theSenshi:FatedKiss","theSenshi:EncouragingSpeech","theSenshi:MoonsReflection"],"relics":["theSenshi:TransformationBroochRelic","NeowsBlessing"],"acts_visited":["Exordium"],"potions_floor_usage":[7],"damage_taken":[{"damage":0,"enemies":"ats:Genji","floor":1,"turns":1},{"damage":0,"enemies":"Cultist","floor":3,"turns":1},{"damage":0,"enemies":"Jaw Worm","floor":5,"turns":1},{"damage":106,"enemies":"Gremlin Nob","floor":7,"turns":6}],"seed_played":"8696302700726376192","potions_obtained":[{"floor":3,"key":"Energy Potion"},{"floor":5,"key":"BlessingOfTheForge"}],"is_trial":false,"path_per_floor":["M","?","M","$","M","R","E"],"character_chosen":"THE_SENSHI","items_purchased":["theSenshi:FatedKiss","theSenshi:EncouragingSpeech"],"campfire_rested":0,"item_purchase_floors":[4,4],"current_hp_per_floor":[75,75,75,75,75,75,0,0],"gold":26,"neow_bonus":"THREE_ENEMY_KILL","is_daily":false,"chose_seed":false,"campfire_upgraded":1,"win_rate":0.0,"timestamp":1612953784,"path_taken":["M","?","M","$","?","R","E"],"items_purchased_type":["Card","Card"],"build_version":"2020-12-22","purchased_purges":0,"victory":false,"max_hp_per_floor":[75,75,75,75,75,75,75,75],"card_choices":[{"not_picked":["theSenshi:TallSilhouette","theSenshi:MoonPunch"],"picked":"theSenshi:MoonTwilightFlash","floor":1},{"not_picked":["theSenshi:LateForSchool","theSenshi:MoonKick"],"picked":"theSenshi:RainbowMoonHeartAche","floor":3},{"not_picked":["theSenshi:LateForSchool","theSenshi:TallSilhouette"],"picked":"theSenshi:MoonsReflection","floor":5}],"player_experience":66360,"relics_obtained":[],"event_choices":[{"cards_removed":["theSenshi:SailorKick"],"damage_healed":0,"gold_gain":0,"player_choice":"Offered Basic","damage_taken":0,"max_hp_gain":0,"max_hp_loss":0,"event_name":"Bonfire Elementals","floor":2,"gold_loss":0}],"is_beta":false,"boss_relics":[],"items_purged_floors":[],"is_endless":false,"potions_floor_spawned":[3,5],"killed_by":"Gremlin Nob","ascension_level":0}}