{"host":"eaiphzh066bwqdh7","time":1612996879,"event":{"mods":["BaseMod","Better Note","Halation","Hubris","Minty Spire (QoL Compilation)","Reliquary","Replay The Spire","StSLib"],"gold_per_floor":[116,116,116,134,53,53,70,70,97,97,47,72,100,46,46,166,166,189,210,210,241,261,261,311,311,311,311,341,398,24,24,24,52,52],"floor_reached":33,"language":"ENG","playtime":671,"items_purged":["Strike_G"],"score":306,"play_id":"4a6f0280-6500-4571-b398-0cd72cf83fdf","local_time":"20210210174119","is_ascension_mode":true,"campfire_choices":[{"data":"Die Die Die","floor":6,"key":"SMITH"},{"data":"Survivor","floor":8,"key":"SMITH"},{"data":"Deadly Poison","floor":10,"key":"SMITH"},{"data":"Corpse Explosion","floor":15,"key":"SMITH"},{"floor":23,"key":"REST"},{"floor":25,"key":"REST"},{"floor":27,"key":"REST"},{"floor":32,"key":"REST"}],"circlet_count":0,"master_deck":["Strike_G","Strike_G","Strike_G","Defend_G","Defend_G","Defend_G","Defend_G","Defend_G","Survivor+1","Neutralize","Slice+1","Deadly Poison+1","Die Die Die+1","Corpse Explosion+1","Blade Dance","Noxious Fumes+1","After Image","Poisoned Stab","Caltrops+1","Slice+1","Cloak And Dagger","A Thousand Cuts"],"relics":["Ring of the Snake","halation:PinkSoulGem","Replay:Bandana","SlaversCollar","reliquary:Stiletto","hubris:MedicalManual","halation:IllGainedPizza","reliquary:PorcupineQuills"],"acts_visited":["Exordium","TheCity"],"potions_floor_usage":[16,16,19,19,28,29,33],"damage_taken":[{"damage":1,"enemies":"Small Slimes","floor":1,"turns":4},{"damage":0,"enemies":"Jaw Worm","floor":4,"turns":3},{"damage":0,"enemies":"2 Louse","floor":7,"turns":2},{"damage":0,"enemies":"2 Fungi Beasts","floor":12,"turns":2},{"damage":0,"enemies":"Red Slaver","floor":13,"turns":3},{"damage":31,"enemies":"Slime Boss","floor":16,"turns":8},{"damage":0,"enemies":"3 Byrds","floor":18,"turns":1},{"damage":15,"enemies":"2 Thieves","floor":19,"turns":2},{"damage":34,"enemies":"Snake Plant","floor":21,"turns":4},{"damage":14,"enemies":"Snecko","floor":22,"turns":4},{"damage":27,"enemies":"Sentry and Sphere","floor":28,"turns":4},{"damage":19,"enemies":"Book of Stabbing","floor":29,"turns":3},{"damage":54,"enemies":"Automaton","floor":33,"turns":8}],"seed_played":"-7115327245918198785","potions_obtained":[{"floor":4,"key":"Weak Potion"},{"floor":7,"key":"Toxic Potion"},{"floor":12,"key":"SteroidPotion"},{"floor":16,"key":"EssenceOfSteel"},{"floor":18,"key":"Poison Potion"},{"floor":22,"key":"Adrenaline Potion"},{"floor":28,"key":"BlessingOfTheForge"}],"is_trial":false,"path_per_floor":["M","?","?","M","$","R","M","R","T","R","?","M","M","$","R","B",null,"M","M","?","M","M","R","T","R","T","R","M","E","$","?","R","B"],"character_chosen":"THE_SILENT","items_purchased":["Die Die Die","Noxious Fumes+1","reliquary:PorcupineQuills","A Thousand Cuts"],"campfire_rested":4,"item_purchase_floors":[5,14,30,30],"current_hp_per_floor":[76,76,76,76,76,76,76,76,76,76,76,76,76,76,76,45,77,77,62,62,28,14,37,37,60,60,77,50,31,31,31,54,0,0],"gold":52,"neow_bonus":"TEN_PERCENT_HP_BONUS","is_daily":false,"chose_seed":false,"campfire_upgraded":4,"win_rate":0.0,"timestamp":1612996879,"path_taken":["M","?","?","M","$","R","M","R","T","R","?","M","M","$","R","BOSS","M","M","?","M","M","R","?","R","T","R","M","E","$","?","R","BOSS"],"items_purchased_type":["Card","Card","Relic","Card"],"build_version":"2020-12-22","purchased_purges":1,"victory":false,"max_hp_per_floor":[77,77,77,77,77,77,77,77,77,77,77,77,77,77,77,77,77,77,77,77,77,77,77,77,77,77,77,77,77,77,77,77,77,77],"card_choices":[{"not_picked":["Concentrate","ReplayTheSpireMod:The Works"],"picked":"Slice","floor":1},{"not_picked":["Flying Knee","Escape Plan"],"picked":"Deadly Poison","floor":4},{"not_picked":["ReplayTheSpireMod:Speed Training","Sneak Up","Sucker Punch"],"picked":"SKIP","floor":7},{"not_picked":["Slice","Accuracy"],"picked":"Corpse Explosion","floor":12},{"not_picked":["ReplayTheSpireMod:Speed Training","Underhanded Strike"],"picked":"Blade Dance","floor":13},{"not_picked":["Phantasmal Killer","Corpse Explosion"],"picked":"After Image","floor":16},{"not_picked":["Dodge and Roll","Outmaneuver+1"],"picked":"Poisoned Stab","floor":18},{"not_picked":["Deadly Poison","Malaise"],"picked":"Caltrops+1","floor":19},{"not_picked":["Setup","Poisoned Stab","Sucker Punch"],"picked":"SKIP","floor":21},{"not_picked":["PiercingWail","Calculated Gamble","Predator"],"picked":"SKIP","floor":22},{"not_picked":["hubris:SlightOfHand","Sucker Punch+1"],"picked":"Slice+1","floor":28},{"not_picked":["Hidden Blade","Reflex"],"picked":"Cloak And Dagger","floor":29}],"player_experience":289336,"relics_obtained":[{"floor":9,"key":"Replay:Bandana"},{"floor":24,"key":"reliquary:Stiletto"},{"floor":26,"key":"hubris:MedicalManual"},{"floor":29,"key":"halation:IllGainedPizza"}],"event_choices":[{"cards_removed":["Strike_G"],"damage_healed":0,"gold_gain":0,"player_choice":"Card Removal","damage_taken":0,"max_hp_gain":0,"max_hp_loss":0,"event_name":"The Cleric","floor":11,"gold_loss":50},{"damage_healed":0,"gold_gain":0,"player_choice":"Ignored","damage_taken":0,"max_hp_gain":0,"max_hp_loss":0,"event_name":"Cursed Tome","floor":20,"gold_loss":0}],"is_beta":false,"boss_relics":[{"not_picked":["halation:Prosthetics","ReplayTheSpireMod:DimensionalGlitch"],"picked":"SlaversCollar"}],"items_purged_floors":[30],"is_endless":false,"potions_floor_spawned":[4,7,12,16,18,22,28],"killed_by":"Automaton","ascension_level":4}}