{"host":"h4lp0eeso8a0ssq0","time":1612928486,"event":{"mods":["2.2 Compatiblity","AchievementEnabler","BaseMod","CapriCore","Colored Map","Minty Spire (QoL Compilation)","StSLib","SuperFastMode"],"gold_per_floor":[111,111,18,18,33,63,63,96,96,114,33,46,46,62,62,137,137,151,151,161,181,197,197,197],"floor_reached":23,"language":"KOR","playtime":405,"items_purged":[],"score":542,"play_id":"5f7729ec-dc1e-4e99-bed8-cbbb65530d22","local_time":"20210210124126","is_ascension_mode":true,"campfire_choices":[{"data":"Accuracy","floor":7.0,"key":"SMITH"},{"data":"Accuracy","floor":15.0,"key":"SMITH"}],"circlet_count":0,"master_deck":["AscendersBane","Strike_G","Strike_G","Strike_G","Strike_G","Strike_G","Defend_G","Defend_G","Defend_G","Defend_G","Defend_G","Survivor","Neutralize","Masterful Stab","Accuracy+1","Flying Knee","Blade Dance","Backstab","Bullet Time","Terror+1","Accuracy+1","Deflect","Cloak And Dagger","Burst","Blur+1","PiercingWail+1","Acrobatics"],"relics":["Ring of the Snake","NeowsBlessing","FaceOfCleric","Ornamental Fan","Bottled Tornado","Toy Ornithopter","WristBlade"],"acts_visited":["Exordium","TheCity"],"potions_floor_usage":[21,23],"damage_taken":[{"damage":0.0,"enemies":"Jaw Worm","floor":1.0,"turns":1.0},{"damage":0.0,"enemies":"Cultist","floor":5.0,"turns":1.0},{"damage":0.0,"enemies":"3 Sentries","floor":6.0,"turns":1.0},{"damage":23.0,"enemies":"Lagavulin","floor":8.0,"turns":6.0},{"damage":0.0,"enemies":"2 Louse","floor":10.0,"turns":3.0},{"damage":2.0,"enemies":"Lots of Slimes","floor":12.0,"turns":2.0},{"damage":9.0,"enemies":"Blue Slaver","floor":14.0,"turns":3.0},{"damage":0.0,"enemies":"Slime Boss","floor":16.0,"turns":3.0},{"damage":15.0,"enemies":"Spheric Guardian","floor":18.0,"turns":4.0},{"damage":0.0,"enemies":"Chosen","floor":20.0,"turns":2.0},{"damage":0,"enemies":"Snake Plant","floor":21,"turns":2},{"damage":6,"enemies":"Centurion and Healer","floor":22,"turns":4},{"damage":63,"enemies":"Gremlin Leader","floor":23,"turns":5}],"seed_played":"7884419334508351751","potions_obtained":[{"floor":1.0,"key":"Strength Potion"},{"floor":5.0,"key":"CunningPotion"},{"floor":16.0,"key":"Ancient Potion"},{"floor":21,"key":"Block Potion"}],"is_trial":false,"path_per_floor":["M","?","$","?","M","E","R","E","T","M","$","M","$","M","R","B",null,"M","?","M","M","M","E"],"character_chosen":"THE_SILENT","items_purchased":["Accuracy","Flying Knee","Accuracy"],"campfire_rested":0,"item_purchase_floors":[3,3,11],"current_hp_per_floor":[59,64,64,64,65,66,66,44,44,45,45,44,44,36,36,42,69,55,55,56,62,57,0,0],"gold":197,"neow_bonus":"THREE_ENEMY_KILL","is_daily":false,"chose_seed":false,"campfire_upgraded":2,"win_rate":0.0,"timestamp":1612928486,"path_taken":["M","?","$","?","M","E","R","E","T","M","$","?","?","M","R","BOSS","M","?","M","M","M","E"],"items_purchased_type":["Card","Card","Card"],"build_version":"2020-12-22","purchased_purges":0,"victory":false,"max_hp_per_floor":[66,71,71,71,72,73,73,74,74,75,75,76,76,77,77,78,78,79,79,80,81,82,82,82],"card_choices":[{"not_picked":["Bane","Setup"],"picked":"Masterful Stab","floor":1.0},{"not_picked":["PiercingWail","Sucker Punch"],"picked":"Blade Dance","floor":5.0},{"not_picked":["Flying Knee","Infinite Blades"],"picked":"Backstab","floor":6.0},{"not_picked":["Masterful Stab","Bane"],"picked":"Bullet Time","floor":8.0},{"not_picked":["Dagger Spray","Outmaneuver"],"picked":"Terror","floor":10.0},{"not_picked":["All Out Attack","Underhanded Strike"],"picked":"Deflect","floor":12.0},{"not_picked":["Eviscerate","Dagger Spray"],"picked":"Cloak And Dagger","floor":14.0},{"not_picked":["Doppelganger","Unload"],"picked":"Burst","floor":16.0},{"not_picked":["Footwork","Bane"],"picked":"Blur+1","floor":18.0},{"not_picked":["Setup","Deadly Poison"],"picked":"PiercingWail+1","floor":20.0},{"not_picked":["Caltrops","Heel Hook","Prepared"],"picked":"SKIP","floor":21},{"not_picked":["Deflect","Tactician"],"picked":"Acrobatics","floor":22}],"player_experience":207335,"relics_obtained":[{"floor":6.0,"key":"Ornamental Fan"},{"floor":8.0,"key":"Bottled Tornado"},{"floor":9.0,"key":"Toy Ornithopter"}],"event_choices":[{"damage_healed":0.0,"max_hp_gain":5.0,"max_hp_loss":0.0,"gold_gain":0.0,"event_name":"Big Fish","player_choice":"Donut","floor":2.0,"gold_loss":0.0,"damage_taken":0.0},{"damage_healed":0.0,"max_hp_gain":0.0,"max_hp_loss":0.0,"gold_gain":0.0,"event_name":"FaceTrader","player_choice":"Trade","floor":4.0,"gold_loss":0.0,"damage_taken":0.0,"relics_obtained":["FaceOfCleric"]},{"damage_healed":0.0,"max_hp_gain":0.0,"max_hp_loss":0.0,"gold_gain":0.0,"event_name":"Upgrade Shrine","player_choice":"Upgraded","floor":19.0,"gold_loss":0.0,"damage_taken":0.0,"cards_upgraded":["Terror"]}],"is_beta":false,"boss_relics":[{"not_picked":["Fusion Hammer","SlaversCollar"],"picked":"WristBlade"}],"items_purged_floors":[],"is_endless":false,"potions_floor_spawned":[1,5,8,10,16,21],"killed_by":"Gremlin Leader","ascension_level":19}}