{"host":"1zjc08c6hob33401","time":1612959533,"event":{"mods":["AchievementEnabler","Act Like it!","Aspiration","BaseMod","Downfall","Elementarium","Energized Spire","Evolution","Friendly Minions","Gensokyo","GifTheSpireLib","Hubris","Infinite Spire","Jedi Mod","Menagerie","Minty Spire (QoL Compilation)","Pale of the Ancients","Quick Restart","Reliquary","Replay The Spire","Retaliation","Shop Mod","Spicy Shops","Spire Arcade","StS++","StSLib","Stuff the Spire","The Blue Laboratory","Wandering Minibosses","??????REMEMod"],"gold_per_floor":[116,126,126,137,212,212,230,257,307,326,326,344,38,57,57,134,134,144,163,88,3,3,3,3,3],"floor_reached":24,"language":"RUS","playtime":1223,"items_purged":["Strike_B"],"score":496,"play_id":"999d73dd-533e-4a1f-82fb-5ad1e675ed52","local_time":"20210210141853","is_ascension_mode":true,"campfire_choices":[{"floor":6.0,"key":"REST"},{"data":"Buffer","floor":15.0,"key":"SMITH"},{"floor":23,"key":"REST"}],"circlet_count":0,"master_deck":["AscendersBane","Strike_B","Strike_B","Strike_B","Defend_B","Defend_B+1","Defend_B","Defend_B","Zap+1","Dualcast","jedi:strikingstrike","hubris:DoWhile","Ball Lightning","Genetic Algorithm","Steam","Steam","Steam","Buffer+1","FTL","jedi:gatheringstorm","jedi:locknload","jedi:markofdeath","infinitespire:Starlight+1","infinitespire:Fortify+1"],"relics":["Cracked Core","EVO:Axolotl","REME_ComplimentaryCards","jedi:HeartOfTheCards","StuffTheSpire:Barrel","hubris:Icosahedron","Iron Hammer","MealTicket","energizedSpire:OgreHead","Toxic Egg 2"],"acts_visited":["Exordium","TheCity"],"potions_floor_usage":[24,24],"damage_taken":[{"damage":12.0,"enemies":"Jaw Worm","floor":1.0,"turns":3.0},{"damage":0.0,"enemies":"Small Slimes","floor":2.0,"turns":2.0},{"damage":0.0,"enemies":"Cultist","floor":4.0,"turns":6.0},{"damage":4.0,"enemies":"Blue Slaver","floor":7.0,"turns":3.0},{"damage":0.0,"enemies":"Lagavulin","floor":8.0,"turns":6.0},{"damage":10.0,"enemies":"Exordium Wildlife","floor":10.0,"turns":5.0},{"damage":0.0,"enemies":"Large Slime","floor":12.0,"turns":4.0},{"damage":0.0,"enemies":"Blue Slaver","floor":14.0,"turns":3.0},{"damage":39.0,"enemies":"Fading Forest","floor":16.0,"turns":13.0},{"damage":22.0,"enemies":"Spheric Guardian","floor":18.0,"turns":5.0},{"damage":46,"enemies":"Shell Parasite","floor":19,"turns":8},{"damage":62,"enemies":"Gremlin Leader","floor":24,"turns":4}],"seed_played":"-576027867890673178","potions_obtained":[{"floor":7.0,"key":"blueLaboratory:ImpenetrablePotion"},{"floor":12.0,"key":"blueLaboratory:SystemWipe"},{"floor":16.0,"key":"GamblersBrew"},{"floor":19,"key":"SneckoOil"}],"is_trial":false,"path_per_floor":["M","M","?","M","?","R","M","E","T","M","?","M","$","M","R","B",null,"M","M","$","?","AVR","R","E"],"character_chosen":"DEFECT","items_purchased":["Iron Hammer","MealTicket"],"campfire_rested":2,"item_purchase_floors":[13,13],"current_hp_per_floor":[52,52,31,31,20,41,37,37,37,27,27,27,27,35,35,8,55,49,3,18,18,18,39,0,0],"gold":3,"neow_bonus":"ONE_RANDOM_RARE_CARD","is_daily":false,"chose_seed":false,"campfire_upgraded":1,"win_rate":0.0,"timestamp":1612959533,"path_taken":["M","M","?","M","?","R","M","E","T","M","?","?","?","M","R","BOSS","M","M","$","?","AVR","R","E"],"items_purchased_type":["Relic","Relic"],"build_version":"2020-12-22","purchased_purges":1,"victory":false,"max_hp_per_floor":[71,71,71,71,71,71,71,71,71,71,71,71,71,71,71,71,71,71,71,71,71,71,71,71,71],"card_choices":[{"not_picked":["Storm","Sweeping Beam"],"picked":"Ball Lightning","floor":1.0},{"not_picked":["Redo","REME_Whirling"],"picked":"Genetic Algorithm","floor":2.0},{"not_picked":["Conserve Battery","Hologram"],"picked":"Steam","floor":4.0},{"not_picked":["White Noise","StSpp:Pointer"],"picked":"Steam","floor":7.0},{"not_picked":["Static Discharge","Rebound","Heatsinks"],"picked":"SKIP","floor":8.0},{"not_picked":["Streamline","StuffTheSpire:SnapShoot"],"picked":"Steam","floor":10.0},{"not_picked":["BasicCrystalCard","Turbo"],"picked":"Buffer","floor":12.0},{"not_picked":["jedi:BurstFrost","Redo"],"picked":"FTL","floor":14.0},{"not_picked":["ReplayTheSpireMod:Omega Cannon","ReplayRNGCard"],"picked":"jedi:gatheringstorm","floor":16.0},{"not_picked":["Beam Cell","Turbo+1"],"picked":"jedi:locknload","floor":18.0},{"not_picked":["Darkness","jedi:overflow"],"picked":"jedi:markofdeath","floor":19}],"player_experience":749544,"relics_obtained":[{"floor":8.0,"key":"jedi:HeartOfTheCards"},{"floor":9.0,"key":"StuffTheSpire:Barrel"}],"event_choices":[{"damage_healed":0.0,"max_hp_gain":0.0,"max_hp_loss":0.0,"gold_gain":0.0,"event_name":"Shining Light","player_choice":"Entered Light","floor":3.0,"gold_loss":0.0,"damage_taken":21.0,"cards_upgraded":["Defend_B","Zap"]},{"damage_healed":0.0,"max_hp_gain":0.0,"max_hp_loss":0.0,"gold_gain":75.0,"event_name":"World of Goop","player_choice":"Gather Gold","floor":5.0,"gold_loss":0.0,"damage_taken":11.0},{"damage_healed":0,"gold_gain":0,"player_choice":"Obtained Relic","damage_taken":0,"relics_obtained":["Toxic Egg 2"],"max_hp_gain":0,"max_hp_loss":0,"event_name":"Addict","floor":21,"gold_loss":85}],"is_beta":false,"boss_relics":[{"not_picked":["ReplayTheSpireMod:DimensionalGlitch","Replay:Grab Bag"],"picked":"energizedSpire:OgreHead"}],"items_purged_floors":[20],"is_endless":false,"potions_floor_spawned":[7,12,16,19],"killed_by":"Gremlin Leader","ascension_level":20}}