{"host":"qy1e0kd24tpj3i2m","time":1612983095,"event":{"mods":["Act Like it!","BaseMod","Better Skull","Better Vampires","Colored Map","Colored Powertips","Custom Start","Faster Ascension Climbing","Friendly Minions","GifTheSpireLib","Gremlin Skip","Highlight Path","Minty Spire (QoL Compilation)","Permanent Neow","Poor People Problems","Quick Restart","Red Circlet Mod","Relic Filter Mod","Relic Sorter","Reorder Act Four","SacredBarkPlus","Shop Mod","StSLib","SuperFastMode","Transform Curses","没有小屋子和绿帽子啦"],"gold_per_floor":[119,119,44,44,44,44,80,80,80,94,94,109,109,130,130,219,219,244,244,244,260,310,341,341,372,372,372,392,42,60,101,101,101,101],"floor_reached":33,"language":"ZHS","playtime":802,"items_purged":[],"score":702,"play_id":"1d58998b-ad02-48ef-83ed-a9629301276e","local_time":"20210211035135","is_ascension_mode":true,"campfire_choices":[{"data":"Rampage","floor":6.0,"key":"SMITH"},{"data":"Whirlwind","floor":8.0,"key":"SMITH"},{"data":"Body Slam","floor":11.0,"key":"SMITH"},{"data":"Evolve","floor":13.0,"key":"SMITH"},{"data":"Flame Barrier","floor":15.0,"key":"SMITH"},{"floor":24.0,"key":"REST"},{"data":"Dark Embrace","floor":27.0,"key":"SMITH"},{"data":"Rage","floor":32.0,"key":"SMITH"}],"circlet_count":0,"master_deck":["AscendersBane","Strike_R","Strike_R","Strike_R","Strike_R","Strike_R","Defend_R+1","Defend_R","Defend_R","Defend_R+1","Rampage+1","Evolve+1","Flame Barrier+1","Whirlwind+1","Body Slam+1","Reckless Charge","Reckless Charge","Juggernaut","CurseOfTheBell","Metallicize","Seeing Red+1","Iron Wave+1","Dark Embrace+1","Rage+1","Pommel Strike"],"relics":["Burning Blood","NeowsBlessing","Mercury Hourglass","Golden Idol","Question Card","PreservedInsect","Kunai","Ginger","Pen Nib","Bronze Scales","Matryoshka","MerchantsRug","Vajra","Omamori"],"acts_visited":["Exordium","TheCity"],"potions_floor_usage":[],"damage_taken":[{"damage":0.0,"enemies":"2 Louse","floor":1.0,"turns":1.0},{"damage":0.0,"enemies":"3 Sentries","floor":7.0,"turns":1.0},{"damage":0.0,"enemies":"Jaw Worm","floor":10.0,"turns":1.0},{"damage":1.0,"enemies":"Small Slimes","floor":12.0,"turns":3.0},{"damage":0.0,"enemies":"2 Fungi Beasts","floor":14.0,"turns":3.0},{"damage":36.0,"enemies":"Slime Boss","floor":16.0,"turns":10.0},{"damage":0.0,"enemies":"3 Byrds","floor":18.0,"turns":2.0},{"damage":19.0,"enemies":"Chosen","floor":21.0,"turns":5.0},{"damage":58.0,"enemies":"Book of Stabbing","floor":23.0,"turns":5.0},{"damage":0.0,"enemies":"Slavers","floor":25.0,"turns":1.0},{"damage":33.0,"enemies":"Shelled Parasite and Fungi","floor":28.0,"turns":7.0},{"damage":3.0,"enemies":"Cultist and Chosen","floor":30.0,"turns":5.0},{"damage":21.0,"enemies":"Book of Stabbing","floor":31.0,"turns":4.0},{"damage":30,"enemies":"Automaton","floor":33,"turns":4}],"seed_played":"8530748039442217773","potions_obtained":[{"floor":7.0,"key":"Fruit Juice"},{"floor":16.0,"key":"SkillPotion"},{"floor":23.0,"key":"SteroidPotion"},{"floor":25.0,"key":"Fire Potion"},{"floor":30.0,"key":"ElixirPotion"},{"floor":31.0,"key":"BloodPotion"}],"is_trial":false,"path_per_floor":["M","?","$","?","?","R","E","R","T","M","R","M","R","M","R","B",null,"M","?","?","M","?","E","R","E","T","R","M","$","M","E","R","B"],"character_chosen":"IRONCLAD","items_purchased":["Evolve","MerchantsRug","Vajra","Rage"],"campfire_rested":1,"item_purchase_floors":[3,29,29,29],"current_hp_per_floor":[74,69,69,43,43,43,54,54,54,60,60,65,65,71,71,41,70,76,76,76,63,63,11,35,51,51,51,24,24,27,30,30,0,0],"gold":101,"neow_bonus":"THREE_ENEMY_KILL","is_daily":false,"chose_seed":false,"campfire_upgraded":7,"win_rate":0.0,"timestamp":1612983095,"path_taken":["M","?","?","?","?","R","E","R","T","M","R","?","R","M","R","BOSS","M","?","?","?","?","E","R","E","T","R","?","$","M","E","R","BOSS"],"items_purchased_type":["Card","Relic","Relic","Card"],"build_version":"2020-12-22","purchased_purges":0,"victory":false,"max_hp_per_floor":[75,75,75,75,75,75,80,80,80,80,80,80,80,80,80,80,80,80,80,80,80,80,80,80,90,90,90,90,90,90,90,90,90,90],"card_choices":[{"not_picked":["Armaments","Anger"],"picked":"Rampage","floor":1.0},{"not_picked":["Clash","Exhume"],"picked":"Whirlwind","floor":7.0},{"not_picked":["Intimidate","Clash","Heavy Blade"],"picked":"Body Slam","floor":10.0},{"not_picked":["Clash","Battle Trance","Sever Soul"],"picked":"Reckless Charge","floor":12.0},{"not_picked":["Anger","Inflame","Heavy Blade"],"picked":"Reckless Charge","floor":14.0},{"not_picked":["Impervious","Double Tap","Demon Form"],"picked":"Juggernaut","floor":16.0},{"not_picked":["Twin Strike+1","Headbutt","Combust"],"picked":"Metallicize","floor":18.0},{"not_picked":["Uppercut","Pummel","Second Wind+1"],"picked":"Seeing Red+1","floor":21.0},{"not_picked":["Intimidate","Evolve","Havoc"],"picked":"Iron Wave+1","floor":23.0},{"not_picked":["Reaper","Evolve","Anger"],"picked":"Dark Embrace","floor":25.0},{"not_picked":["Hemokinesis","Cleave","Thunderclap","Sword Boomerang+1"],"picked":"SKIP","floor":28.0},{"not_picked":["Twin Strike","Cleave","Dropkick"],"picked":"Pommel Strike","floor":30.0},{"not_picked":["Dual Wield","Heavy Blade","Whirlwind","Metallicize"],"picked":"SKIP","floor":31.0}],"player_experience":1015752,"relics_obtained":[{"floor":7.0,"key":"War Paint"},{"floor":9.0,"key":"Question Card"},{"floor":17.0,"key":"PreservedInsect"},{"floor":17.0,"key":"Kunai"},{"floor":17.0,"key":"Ginger"},{"floor":23.0,"key":"Bronze Scales"},{"floor":25.0,"key":"Pear"},{"floor":26.0,"key":"Matryoshka"},{"floor":31.0,"key":"Omamori"}],"event_choices":[{"damage_healed":0.0,"max_hp_gain":0.0,"max_hp_loss":0.0,"gold_gain":0.0,"event_name":"Scrap Ooze","player_choice":"Success","floor":2.0,"gold_loss":0.0,"damage_taken":5.0,"relics_obtained":["Mercury Hourglass"]},{"damage_healed":0.0,"max_hp_gain":0.0,"max_hp_loss":0.0,"gold_gain":0.0,"event_name":"Golden Idol","player_choice":"Take Damage","floor":4.0,"gold_loss":0.0,"damage_taken":26.0,"relics_obtained":["Golden Idol"]},{"damage_healed":0.0,"max_hp_gain":0.0,"max_hp_loss":0.0,"gold_gain":0.0,"cards_transformed":["Bash"],"event_name":"Transmorgrifier","player_choice":"Transformed","floor":5.0,"gold_loss":0.0,"damage_taken":0.0,"cards_obtained":["Flame Barrier"]},{"damage_healed":0.0,"max_hp_gain":0.0,"max_hp_loss":0.0,"gold_gain":0.0,"event_name":"Vampires","player_choice":"Ignored","floor":19.0,"gold_loss":0.0,"damage_taken":0.0},{"damage_healed":0.0,"max_hp_gain":0.0,"max_hp_loss":0.0,"gold_gain":0.0,"event_name":"WeMeetAgain","player_choice":"Gave Potion","floor":20.0,"gold_loss":0.0,"damage_taken":0.0,"relics_obtained":["Pen Nib"]},{"damage_healed":0.0,"max_hp_gain":0.0,"max_hp_loss":0.0,"gold_gain":100.0,"event_name":"The Joust","player_choice":"Bet on Murderer","floor":22.0,"gold_loss":50.0,"damage_taken":0.0}],"is_beta":false,"boss_relics":[{"not_picked":["Sozu","Fusion Hammer"],"picked":"Calling Bell"}],"items_purged_floors":[],"is_endless":false,"potions_floor_spawned":[7,16,23,25,30,31],"killed_by":"Automaton","ascension_level":20}}