{"host":"3po7ngt2j61s4rmj","time":1612927876,"event":{"mods":["Act Like it!","BaseMod","Elementarium","Minty Spire (QoL Compilation)","Relic Stats","Shade Mod","StSLib","The Cursed"],"gold_per_floor":[15,15,15,15,66,66,92,105,105,105,105,138,138,154,154,255,255,266,266,266,299,289,289,314,314,366,140,140,185,242,45,45,173,223,259,259,259,273,316,316,359,65,65,65,101,0,0,0,0,0,0,0,0,28,28],"floor_reached":56,"language":"ENG","playtime":5034,"items_purged":["TheCursedMod:Defend_TheCursed"],"score":1411,"play_id":"e551f3cf-8777-437a-a3d9-49a52d3a01b5","local_time":"20210209203116","is_ascension_mode":true,"campfire_choices":[{"floor":6.0,"key":"REST"},{"floor":10.0,"key":"REST"},{"data":"TheCursedMod:SpitefulPlan","floor":13.0,"key":"SMITH"},{"data":"TheCursedMod:CleanUpWorkshop","floor":15.0,"key":"SMITH"},{"data":"HandOfGreed","floor":23.0,"key":"SMITH"},{"data":"TheCursedMod:CircleOfFlame","floor":25.0,"key":"SMITH"},{"data":"TheCursedMod:CircleOfFocus","floor":28.0,"key":"SMITH"},{"data":"TheCursedMod:NeowsMight","floor":32.0,"key":"SMITH"},{"floor":40,"key":"RECALL"},{"floor":47,"key":"REST"},{"data":"TheCursedMod:CircleOfAbyss","floor":49,"key":"SMITH"},{"data":"TheCursedMod:DarkBarrier","floor":52,"key":"SMITH"}],"circlet_count":0,"master_deck":["TheCursedMod:Strike_TheCursed","TheCursedMod:Strike_TheCursed","TheCursedMod:Defend_TheCursed","TheCursedMod:Defend_TheCursed","TheCursedMod:CursedWand+1","TheCursedMod:CleanUpWorkshop+1","TheCursedMod:Dregs","Master of Strategy","TheCursedMod:LuckyCharm","TheCursedMod:Hemoplague","TheCursedMod:CircleOfFocus+1","TheCursedMod:CircleOfBlood","TheCursedMod:CursedAmulet","TheCursedMod:WearCloak","TheCursedMod:CircleOfFlame","TheCursedMod:DarkBarrier+1","TheCursedMod:WearCloak","Panache","HandOfGreed+1","TheCursedMod:CircleOfFlame+1","Elementarium:GildedEssence+1","TheCursedMod:CircleOfFlame+1","TheCursedMod:TacticalStrike","TheCursedMod:NeowsMight+1","TheCursedMod:CircleOfAbyss+1","TheCursedMod:CircleOfCorruption","TheCursedMod:Mangle+1","TheCursedMod:SpitefulPray+1","TheCursedMod:VitalStrike+1","TheCursedMod:Stigma"],"relics":["TheCursedMod:BlackMagic101","TheCursedMod:MagicCandle","Dream Catcher","TheCursedMod:DemonicMark","Pantograph","InkBottle","Runic Pyramid","Vajra","Regal Pillow","Lee\u0027s Waffle","Question Card","Elementarium:ElementariumTrophy","Tiny House","TheCursedMod:PinkPellets","Whetstone","Torii","Elementarium:GoldenMirage","Sundial"],"acts_visited":["Exordium","Exordium","TheBeyond","TheEnding"],"potions_floor_usage":[38,41,48,50,54,55,55,55,55],"damage_taken":[{"damage":2.0,"enemies":"Small Slimes","floor":1.0,"turns":3.0},{"damage":27.0,"enemies":"Lagavulin","floor":7.0,"turns":10.0},{"damage":7.0,"enemies":"2 Louse","floor":8.0,"turns":4.0},{"damage":42.0,"enemies":"Gremlin Nob","floor":12.0,"turns":7.0},{"damage":1.0,"enemies":"Jaw Worm","floor":14.0,"turns":4.0},{"damage":23.0,"enemies":"Hexaghost","floor":16.0,"turns":11.0},{"damage":0.0,"enemies":"Elementarium:VoidCorruption","floor":18.0,"turns":6.0},{"damage":5.0,"enemies":"Elementarium:2_ELEMENTALS","floor":21.0,"turns":6.0},{"damage":28.0,"enemies":"Elementarium:ElementalPortal","floor":24.0,"turns":9.0},{"damage":24.0,"enemies":"Elementarium:VoidBeast","floor":29.0,"turns":5.0},{"damage":19.0,"enemies":"Elementarium:FIRE_NOBILITY","floor":30.0,"turns":6.0},{"damage":18.0,"enemies":"Elementarium:GolemEmperor","floor":33.0,"turns":7.0},{"damage":0,"enemies":"Orb Walker","floor":35,"turns":3},{"damage":17,"enemies":"3 Darklings","floor":38,"turns":3},{"damage":0,"enemies":"Jaw Worm Horde","floor":39,"turns":4},{"damage":29,"enemies":"Writhing Mass","floor":41,"turns":5},{"damage":0,"enemies":"Sphere and 2 Shapes","floor":45,"turns":4},{"damage":0,"enemies":"Transient","floor":48,"turns":2},{"damage":21,"enemies":"Time Eater","floor":50,"turns":9},{"damage":12,"enemies":"Shield and Spear","floor":54,"turns":6},{"damage":44,"enemies":"The Heart","floor":55,"turns":9}],"seed_played":"5580142646676254900","potions_obtained":[{"floor":1.0,"key":"GamblersBrew"},{"floor":7.0,"key":"TheCursedMod:DregsPotion"},{"floor":18.0,"key":"Regen Potion"},{"floor":21.0,"key":"Regen Potion"},{"floor":30.0,"key":"Explosive Potion"},{"floor":34.0,"key":"DuplicationPotion"},{"floor":39,"key":"Fire Potion"},{"floor":41,"key":"SmokeBomb"},{"floor":54,"key":"EntropicBrew"}],"is_trial":false,"path_per_floor":["M","?","?","?","T","R","E","M","T","R","?","E","R","M","R","B",null,"M","?","?","M","?","R","E","R","T","$","R","M","E","$","R","B",null,"M","?","?","M","M","R","M","$","T","?","M","?","R","M","R","B",null,"R","$","E","B",null],"character_chosen":"THE_CURSED","items_purchased":["Lee\u0027s Waffle","TheCursedMod:NeowsMight","Explosive Potion","TheCursedMod:PinkPellets","Whetstone"],"campfire_rested":3,"item_purchase_floors":[27,31,31,42,42],"current_hp_per_floor":[66,66,59,34,34,56,29,22,22,44,69,31,31,32,32,38,66,70,70,57,54,54,54,77,77,77,87,87,67,48,48,48,61,86,88,88,88,73,75,75,46,46,46,46,46,46,88,90,90,71,87,87,87,79,63],"gold":28,"neow_bonus":"RANDOM_COLORLESS_2","is_daily":false,"chose_seed":false,"campfire_upgraded":8,"win_rate":0.0,"timestamp":1612927876,"path_taken":["M","?","?","?","?","R","E","M","T","R","?","E","R","M","R","BOSS","M","?","?","?","?","R","E","R","T","$","R","?","E","?","R","BOSS","M","?","?","?","M","R","?","$","T","?","?","?","R","M","R","BOSS","R","$","E","BOSS"],"items_purchased_type":["Relic","Card","Potion","Relic","Relic"],"build_version":"2020-12-22","purchased_purges":1,"victory":true,"max_hp_per_floor":[75,75,75,75,75,75,75,75,75,75,75,75,75,75,75,75,75,75,75,80,80,80,80,80,80,80,87,87,87,87,87,87,87,92,92,92,92,92,92,92,92,92,92,92,92,92,92,92,92,92,92,92,92,92,92],"relic_stats":{"Dream Catcher":3,"Regal Pillow":15,"Lee\u0027s Waffle":10,"Torii":1,"counters":[21,123],"Sundial":[0],"Pantograph":65,"Whetstone":["TheCursedMod:CursedWand","TheCursedMod:Mangle"],"Question Card":9,"obtain_stats":[{"TheCursedMod:BlackMagic101":0,"Regal Pillow":26,"Lee\u0027s Waffle":27,"Tiny House":34,"Torii":44,"Vajra":24,"TheCursedMod:PinkPellets":42,"Whetstone":42,"TheCursedMod:MagicCandle":4,"TheCursedMod:DemonicMark":7,"Question Card":30,"Elementarium:GoldenMirage":46,"Dream Catcher":5,"Elementarium:ElementariumTrophy":33,"Sundial":54,"Pantograph":9,"InkBottle":12,"Runic Pyramid":17},{"TheCursedMod:BlackMagic101":0,"Regal Pillow":9,"Lee\u0027s Waffle":9,"Tiny House":12,"Torii":16,"Vajra":9,"TheCursedMod:PinkPellets":16,"Whetstone":16,"TheCursedMod:MagicCandle":1,"TheCursedMod:DemonicMark":2,"Question Card":11,"Elementarium:GoldenMirage":17,"Dream Catcher":1,"Elementarium:ElementariumTrophy":12,"Sundial":20,"Pantograph":3,"InkBottle":4,"Runic Pyramid":6},{"TheCursedMod:BlackMagic101":0,"Regal Pillow":60,"Lee\u0027s Waffle":60,"Tiny House":78,"Torii":93,"Vajra":60,"TheCursedMod:PinkPellets":93,"Whetstone":93,"TheCursedMod:MagicCandle":3,"TheCursedMod:DemonicMark":13,"Question Card":71,"Elementarium:GoldenMirage":97,"Dream Catcher":3,"Elementarium:ElementariumTrophy":78,"Sundial":114,"Pantograph":17,"InkBottle":24,"Runic Pyramid":39}],"InkBottle":[38]},"card_choices":[{"not_picked":["Magnetism","Secret Technique"],"picked":"Master of Strategy","floor":0.0},{"not_picked":["TheCursedMod:Stretching","TheCursedMod:WearCloak"],"picked":"TheCursedMod:LuckyCharm","floor":1.0},{"not_picked":["TheCursedMod:RavingStaff","TheCursedMod:Evocation"],"picked":"TheCursedMod:CircleOfFocus","floor":6.0},{"not_picked":["TheCursedMod:VitalStrike","TheCursedMod:Stigma"],"picked":"TheCursedMod:SpitefulPlan","floor":7.0},{"not_picked":["TheCursedMod:HellfireBreathing","TheCursedMod:FleshFromBone"],"picked":"TheCursedMod:CircleOfBlood","floor":8.0},{"not_picked":["TheCursedMod:DarkBarrier","TheCursedMod:SmokeScreen"],"picked":"TheCursedMod:CursedAmulet","floor":10.0},{"not_picked":["TheCursedMod:RavingStaff","TheCursedMod:AshesToAshes"],"picked":"TheCursedMod:WearCloak","floor":12.0},{"not_picked":["TheCursedMod:RavingStaff","TheCursedMod:CursedAmulet"],"picked":"TheCursedMod:CircleOfFlame","floor":14.0},{"not_picked":["TheCursedMod:OutForBlood","TheCursedMod:ShockAndAwe"],"picked":"TheCursedMod:DarkBarrier","floor":16.0},{"not_picked":["TheCursedMod:Torture","TheCursedMod:ManaBullet"],"picked":"TheCursedMod:WearCloak","floor":18.0},{"not_picked":["Madness","Mayhem"],"picked":"Panache","floor":19.0},{"not_picked":["Secret Technique","Finesse"],"picked":"HandOfGreed","floor":19.0},{"not_picked":["TheCursedMod:CircleOfFocus+1","TheCursedMod:CursedBoomerang+1"],"picked":"TheCursedMod:CircleOfFlame+1","floor":21.0},{"not_picked":["TheCursedMod:VoidForm","TheCursedMod:ForbiddenAlchemy"],"picked":"TheCursedMod:CircleOfFlame","floor":24.0},{"not_picked":["TheCursedMod:WearCloak","TheCursedMod:ReleasedStrength"],"picked":"TheCursedMod:TacticalStrike","floor":29.0},{"not_picked":["TheCursedMod:VitalStrike+1","TheCursedMod:ManaBullet","TheCursedMod:CursedShiv"],"picked":"SKIP","floor":30.0},{"not_picked":["TheCursedMod:DemonSword","TheCursedMod:CollectTribute","TheCursedMod:ShockAndAwe"],"picked":"TheCursedMod:CircleOfAbyss","floor":33.0},{"not_picked":["TheCursedMod:WearCloak+1","TheCursedMod:FleshFromBone","TheCursedMod:RavingStaff"],"picked":"TheCursedMod:CircleOfCorruption","floor":34.0},{"not_picked":["TheCursedMod:CursedShiv+1","TheCursedMod:ReleasedKnowledge","TheCursedMod:CursedAmulet+1","TheCursedMod:CursedMace+1"],"picked":"SKIP","floor":35},{"not_picked":["TheCursedMod:CursedMace","TheCursedMod:AntiAging","TheCursedMod:Stretching+1","TheCursedMod:SmokeScreen"],"picked":"SKIP","floor":38},{"not_picked":["TheCursedMod:SurpriseAttack+1","TheCursedMod:AshesToAshes+1","TheCursedMod:FleshFromBone+1"],"picked":"TheCursedMod:SpitefulPray+1","floor":39},{"not_picked":["TheCursedMod:HellsGateOpen","TheCursedMod:CircleOfFlame","TheCursedMod:LuckyCharm","TheCursedMod:Obscuration"],"picked":"SKIP","floor":41},{"not_picked":["TheCursedMod:SmokeScreen","TheCursedMod:Evocation","TheCursedMod:SoulReap"],"picked":"TheCursedMod:VitalStrike+1","floor":45},{"not_picked":["TheCursedMod:VitalStrike","TheCursedMod:CircleOfCorruption","TheCursedMod:CursedSpellbook+1"],"picked":"TheCursedMod:Stigma","floor":47},{"not_picked":["TheCursedMod:CursedMace+1","TheCursedMod:CursedAmulet","TheCursedMod:FleshFromBone","TheCursedMod:SurpriseAttack"],"picked":"SKIP","floor":54}],"player_experience":1081445,"relics_obtained":[{"floor":5.0,"key":"Dream Catcher"},{"floor":7.0,"key":"TheCursedMod:DemonicMark"},{"floor":9.0,"key":"Pantograph"},{"floor":12.0,"key":"InkBottle"},{"floor":24.0,"key":"Vajra"},{"floor":26.0,"key":"Regal Pillow"},{"floor":30.0,"key":"Question Card"},{"floor":44,"key":"Torii"},{"floor":54,"key":"Sundial"}],"event_choices":[{"damage_healed":0.0,"max_hp_gain":0.0,"max_hp_loss":0.0,"gold_gain":0.0,"cards_transformed":["TheCursedMod:Strike_TheCursed"],"event_name":"Living Wall","player_choice":"Change","floor":2.0,"gold_loss":0.0,"damage_taken":0.0,"cards_obtained":["TheCursedMod:Hemoplague"]},{"cards_removed":["TheCursedMod:Defend_TheCursed"],"damage_healed":0.0,"max_hp_gain":0.0,"max_hp_loss":0.0,"gold_gain":0.0,"event_name":"Golden Wing","player_choice":"Card Removal","floor":3.0,"gold_loss":0.0,"damage_taken":7.0},{"damage_healed":0.0,"max_hp_gain":0.0,"max_hp_loss":0.0,"gold_gain":0.0,"event_name":"Scrap Ooze","player_choice":"Success","floor":4.0,"gold_loss":0.0,"damage_taken":25.0,"relics_obtained":["TheCursedMod:MagicCandle"]},{"damage_healed":25.0,"max_hp_gain":0.0,"max_hp_loss":0.0,"gold_gain":0.0,"event_name":"Big Fish","player_choice":"Banana","floor":11.0,"gold_loss":0.0,"damage_taken":0.0},{"damage_healed":0.0,"max_hp_gain":0.0,"max_hp_loss":0.0,"gold_gain":0.0,"event_name":"Elementarium:IncubationChamber","player_choice":"Machinery","floor":19.0,"gold_loss":0.0,"damage_taken":0.0},{"damage_healed":0.0,"max_hp_gain":5.0,"max_hp_loss":0.0,"gold_gain":0.0,"event_name":"Elementarium:RadiantAltar","player_choice":"Sacrifice","floor":20.0,"gold_loss":0.0,"damage_taken":18.0},{"damage_healed":0.0,"max_hp_gain":0.0,"max_hp_loss":0.0,"gold_gain":0.0,"event_name":"Elementarium:OnrushingOffering","player_choice":"Toss","floor":22.0,"gold_loss":10.0,"damage_taken":0.0,"cards_obtained":["Elementarium:GildedEssence"]},{"cards_removed":["TheCursedMod:SpitefulPlan"],"damage_healed":0,"gold_gain":0,"player_choice":"Removed Power","damage_taken":0,"max_hp_gain":0,"max_hp_loss":0,"event_name":"Falling","floor":36,"gold_loss":0},{"damage_healed":0,"gold_gain":0,"cards_transformed":["TheCursedMod:Strike_TheCursed"],"player_choice":"Transformed","damage_taken":0,"max_hp_gain":0,"max_hp_loss":0,"event_name":"Transmorgrifier","floor":37,"gold_loss":0,"cards_obtained":["TheCursedMod:Mangle"]},{"damage_healed":0,"gold_gain":0,"player_choice":"Relic","damage_taken":0,"max_hp_gain":0,"max_hp_loss":0,"event_name":"Wheel of Change","floor":44,"gold_loss":0},{"damage_healed":0,"gold_gain":0,"player_choice":"Offer","damage_taken":0,"relics_obtained":["Elementarium:GoldenMirage"],"max_hp_gain":0,"max_hp_loss":0,"event_name":"Elementarium:ChestOfTheGoldenMirage","floor":46,"gold_loss":101}],"is_beta":false,"boss_relics":[{"not_picked":["Runic Dome","SlaversCollar"],"picked":"Runic Pyramid"},{"not_picked":["Snecko Eye","TheCursedMod:FourLeafCloverCharm"],"picked":"Tiny House"}],"items_purged_floors":[27],"is_endless":false,"potions_floor_spawned":[1,7,18,21,30,39,41,48,54],"ascension_level":6}}