{"host":"8rgpnls124hwjv5t","time":1612944558,"event":{"mods":["BaseMod","Colored Map","Colored Powertips","DeckTracker","Highlight Path","Minty Spire (QoL Compilation)","Permanent Neow","Quick Restart","Relic Stats","Shop Mod","StSLib"],"gold_per_floor":[15,30,30,42,42,42,62,121,121,121,121,148,183,200,200,200,200],"floor_reached":16,"language":"ENG","playtime":27529,"items_purged":[],"score":184,"play_id":"2e0db693-4582-40ae-9c0a-696a3c1d2192","local_time":"20210210030918","is_ascension_mode":true,"campfire_choices":[{"data":"Magnetism","floor":6,"key":"SMITH"},{"floor":10,"key":"REST"},{"floor":15,"key":"REST"}],"circlet_count":0,"master_deck":["AscendersBane","Strike_B","Strike_B","Strike_B","Strike_B","Defend_B","Defend_B","Defend_B","Defend_B","Zap","Dualcast","Magnetism+1","Steam","BootSequence","Conserve Battery","Turbo","Consume+1","Chill+1"],"relics":["Cracked Core","Molten Egg 2","Toxic Egg 2","Toy Ornithopter"],"acts_visited":["Exordium"],"potions_floor_usage":[8,14],"damage_taken":[{"damage":6,"enemies":"Jaw Worm","floor":1,"turns":5},{"damage":5,"enemies":"Cultist","floor":2,"turns":4},{"damage":1,"enemies":"2 Louse","floor":4,"turns":4},{"damage":2,"enemies":"Exordium Wildlife","floor":7,"turns":5},{"damage":24,"enemies":"Lagavulin Event","floor":8,"turns":5},{"damage":31,"enemies":"3 Sentries","floor":12,"turns":8},{"damage":8,"enemies":"Large Slime","floor":13,"turns":3},{"damage":4,"enemies":"2 Fungi Beasts","floor":14,"turns":5},{"damage":36,"enemies":"Hexaghost","floor":16,"turns":9}],"seed_played":"7723676795243344049","potions_obtained":[{"floor":4,"key":"PowerPotion"},{"floor":7,"key":"Ancient Potion"},{"floor":14,"key":"Fruit Juice"}],"is_trial":false,"path_per_floor":["M","M","$","M","$","R","M","?","T","R","?","E","M","M","R","B"],"character_chosen":"DEFECT","items_purchased":[],"campfire_rested":2,"item_purchase_floors":[],"current_hp_per_floor":[58,53,53,52,52,52,50,26,26,47,47,16,8,14,36,0,0],"gold":200,"neow_bonus":"RANDOM_COLORLESS_2","is_daily":false,"chose_seed":false,"campfire_upgraded":1,"win_rate":0.0,"timestamp":1612944558,"path_taken":["M","M","$","M","$","R","M","?","T","R","?","E","M","M","R","BOSS"],"items_purchased_type":[],"build_version":"2020-12-22","purchased_purges":0,"victory":false,"max_hp_per_floor":[71,71,71,71,71,71,71,71,71,71,71,71,71,76,76,76,76],"relic_stats":{"counters":[9,48],"obtain_stats":[{"Molten Egg 2":8,"Toxic Egg 2":9,"Cracked Core":0,"Toy Ornithopter":12},{"Molten Egg 2":5,"Toxic Egg 2":5,"Cracked Core":0,"Toy Ornithopter":6},{"Molten Egg 2":23,"Toxic Egg 2":23,"Cracked Core":0,"Toy Ornithopter":31}],"Toy Ornithopter":5},"card_choices":[{"not_picked":["Violence","Metamorphosis"],"picked":"Magnetism","floor":0},{"not_picked":["Sweeping Beam","Coolheaded"],"picked":"Steam","floor":1},{"not_picked":["Cold Snap","Skim"],"picked":"BootSequence","floor":2},{"not_picked":["Cold Snap","Sweeping Beam"],"picked":"Conserve Battery","floor":4},{"not_picked":["Genetic Algorithm","Leap"],"picked":"Turbo","floor":7},{"not_picked":["Fission+1","Ball Lightning+1"],"picked":"Consume+1","floor":12},{"not_picked":["Rip and Tear+1","Force Field+1"],"picked":"Chill+1","floor":13},{"not_picked":["Melter+1","Force Field+1","Turbo+1"],"picked":"SKIP","floor":14}],"player_experience":542346,"relics_obtained":[{"floor":8,"key":"Molten Egg 2"},{"floor":9,"key":"Toxic Egg 2"},{"floor":12,"key":"Toy Ornithopter"}],"event_choices":[{"damage_healed":0,"gold_gain":30,"player_choice":"Searched \u00273\u0027 times","damage_taken":0,"max_hp_gain":0,"max_hp_loss":0,"event_name":"Dead Adventurer","floor":8,"gold_loss":0},{"damage_healed":0,"gold_gain":0,"player_choice":"0 cards matched","damage_taken":0,"max_hp_gain":0,"max_hp_loss":0,"event_name":"Match and Keep!","floor":11,"gold_loss":0,"cards_obtained":[]}],"is_beta":false,"boss_relics":[],"items_purged_floors":[],"is_endless":false,"potions_floor_spawned":[4,7,14],"killed_by":"Hexaghost","ascension_level":16}}