{"host":"at0t1xvvdwuey7rt","time":1612927492,"event":{"mods":["BaseMod","Downfall","Minty Spire (QoL Compilation)","StSLib"],"gold_per_floor":[119,135,135,135,135,135,168,168,168,179,189,222,235,247,247,345,345,365,365,365,379,390,390,406,406,430,30,48,64,64,64,64,163,213,223,223,238,249,249,249,268,268,268,31,59,59,59,59,59,59,59],"floor_reached":50,"language":"ENG","playtime":2884,"items_purged":["Sucker Punch"],"score":682,"play_id":"e94ceb0d-97eb-4d83-aa66-5a43e659a0c4","local_time":"20210209212452","daily_mods":["Draft","Heirloom"],"is_ascension_mode":false,"campfire_choices":[{"data":"Infinite Blades","floor":6,"key":"SMITH"},{"data":"Wraith Form v2","floor":8,"key":"SMITH"},{"floor":15,"key":"REST"},{"floor":23,"key":"REST"},{"data":"Infinite Blades","floor":25,"key":"SMITH"},{"floor":30,"key":"REST"},{"data":"Apotheosis","floor":32,"key":"SMITH"},{"floor":40,"key":"REST"},{"floor":42,"key":"REST"},{"data":"Blur","floor":49,"key":"SMITH"}],"circlet_count":0,"master_deck":["Skewer","Footwork","Blur+1","Accuracy+1","Crippling Poison","Blur","Flying Knee","Cloak And Dagger","Blade Dance","Poisoned Stab","Infinite Blades+1","Dodge and Roll+1","Blur","Blade Dance+1","Bane","Slice+1","Wraith Form v2+1","Blade Dance","Bane","Finisher","Envenom","Bane+1","Infinite Blades+1","Infinite Blades+1","Apotheosis+1","Crippling Poison","Wraith Form v2","A Thousand Cuts","Noxious Fumes","Prepared+1","Metamorphosis","Impatience+1","Storm of Steel+1"],"relics":["Ring of the Snake","Tough Bandages","Slimebound:StickyStick","Mummified Hand","War Paint","Philosopher\u0027s Stone","Smiling Mask","Lee\u0027s Waffle","Tiny House","MealTicket","Toxic Egg 2","Guardian:BottledAnomaly","The Specimen"],"acts_visited":["Exordium","TheCity","TheBeyond"],"potions_floor_usage":[12,12,21,21,22,33,35,38,41,45,50],"damage_taken":[{"damage":0,"enemies":"Small Slimes","floor":1,"turns":4},{"damage":0,"enemies":"2 Louse","floor":2,"turns":5},{"damage":6,"enemies":"Gremlin Nob","floor":7,"turns":3},{"damage":0,"enemies":"Jaw Worm","floor":10,"turns":3},{"damage":2,"enemies":"3 Louse","floor":11,"turns":3},{"damage":8,"enemies":"Lagavulin","floor":12,"turns":3},{"damage":0,"enemies":"Lots of Slimes","floor":13,"turns":2},{"damage":7,"enemies":"Red Slaver","floor":14,"turns":2},{"damage":0,"enemies":"Slime Boss","floor":16,"turns":5},{"damage":0,"enemies":"Shell Parasite","floor":18,"turns":4},{"damage":20,"enemies":"3 Byrds","floor":21,"turns":2},{"damage":0,"enemies":"Cultist and Chosen","floor":22,"turns":4},{"damage":8,"enemies":"Centurion and Healer","floor":24,"turns":3},{"damage":18,"enemies":"Snake Plant","floor":28,"turns":3},{"damage":1,"enemies":"Shelled Parasite and Fungi","floor":29,"turns":2},{"damage":8,"enemies":"Champ","floor":33,"turns":7},{"damage":30,"enemies":"3 Darklings","floor":35,"turns":3},{"damage":11,"enemies":"Orb Walker","floor":37,"turns":3},{"damage":2,"enemies":"Spire Growth","floor":38,"turns":3},{"damage":33,"enemies":"Maw","floor":41,"turns":5},{"damage":8,"enemies":"Giant Head","floor":45,"turns":6},{"damage":97,"enemies":"Awakened One","floor":50,"turns":8}],"seed_played":"-4774164504446169576","potions_obtained":[{"floor":7,"key":"CunningPotion"},{"floor":10,"key":"AttackPotion"},{"floor":13,"key":"Explosive Potion"},{"floor":14,"key":"FearPotion"},{"floor":16,"key":"Explosive Potion"},{"floor":21,"key":"bronze:BurnAndBuffPotion"},{"floor":28,"key":"Swift Potion"},{"floor":33,"key":"PowerPotion"},{"floor":34,"key":"Energy Potion"},{"floor":35,"key":"bronze:BurnAndBuffPotion"},{"floor":38,"key":"bronze:BurnAndBuffPotion"},{"floor":41,"key":"Slimebound:ThreeZeroPotion"}],"is_trial":true,"path_per_floor":["M","M","?","?","?","R","E","R","T","M","M","E","M","M","R","B",null,"M","?","?","M","M","R","M","R","T","$","M","M","R","$","R","B",null,"M","?","M","M","T","R","M","R","T","$","E","$","?","$","R","B"],"character_chosen":"THE_SILENT","items_purchased":["Apotheosis","Lee\u0027s Waffle","Crippling Poison","Guardian:BottledAnomaly","Impatience+1"],"campfire_rested":5,"item_purchase_floors":[27,27,27,44,44],"current_hp_per_floor":[70,70,70,70,70,70,64,64,64,64,62,54,54,47,68,68,70,70,70,70,50,50,70,62,62,62,77,59,58,77,77,77,69,82,52,52,41,39,39,63,30,54,54,69,61,76,76,78,78,0,0],"gold":59,"neow_bonus":"","is_daily":false,"chose_seed":false,"campfire_upgraded":5,"win_rate":0.0,"timestamp":1612927492,"path_taken":["M","M","?","?","?","R","E","R","T","M","M","E","M","M","R","BOSS","M","?","?","M","?","R","M","R","T","$","M","M","R","?","R","BOSS","M","?","M","M","?","R","?","R","T","$","E","$","?","$","R","BOSS"],"items_purchased_type":["Card","Relic","Card","Relic","Card"],"build_version":"2020-12-22","purchased_purges":1,"victory":false,"max_hp_per_floor":[70,70,70,70,70,70,70,70,70,70,70,70,70,70,70,70,70,70,70,70,70,70,70,70,70,70,77,77,77,77,77,77,77,82,82,82,82,82,82,82,82,82,82,82,82,82,78,78,78,78,78],"card_choices":[{"not_picked":["Acrobatics","Cloak And Dagger"],"picked":"Skewer","floor":0},{"not_picked":["Dagger Throw","Deadly Poison"],"picked":"Footwork","floor":0},{"not_picked":["Prepared","Finisher"],"picked":"Blur","floor":0},{"not_picked":["Masterful Stab","Dagger Spray"],"picked":"Sucker Punch","floor":0},{"not_picked":["Acrobatics","Noxious Fumes"],"picked":"Accuracy","floor":0},{"not_picked":["Caltrops","Leg Sweep"],"picked":"Crippling Poison","floor":0},{"not_picked":["Flying Knee","Setup"],"picked":"Blur","floor":0},{"not_picked":["Outmaneuver","Deflect"],"picked":"Flying Knee","floor":0},{"not_picked":["Dodge and Roll","Backflip"],"picked":"Cloak And Dagger","floor":0},{"not_picked":["Quick Slash","Backflip"],"picked":"Blade Dance","floor":0},{"not_picked":["Quick Slash","Slice"],"picked":"Poisoned Stab","floor":0},{"not_picked":["Cloak And Dagger","Prepared"],"picked":"Infinite Blades","floor":0},{"not_picked":["Underhanded Strike","Outmaneuver"],"picked":"Dodge and Roll","floor":0},{"not_picked":["Flying Knee","PiercingWail"],"picked":"Blur","floor":0},{"not_picked":["Dodge and Roll","Deadly Poison"],"picked":"Blade Dance","floor":0},{"not_picked":["Dagger Throw","Sucker Punch"],"picked":"Bane","floor":1},{"not_picked":["Prepared","Quick Slash"],"picked":"Slice","floor":2},{"not_picked":["Catalyst","Deflect"],"picked":"Wraith Form v2","floor":7},{"not_picked":["Backflip","Escape Plan","Underhanded Strike"],"picked":"SKIP","floor":10},{"not_picked":["Calculated Gamble","Flying Knee"],"picked":"Blade Dance","floor":11},{"not_picked":["Sucker Punch","PiercingWail"],"picked":"Bane","floor":12},{"not_picked":["Dagger Spray","Calculated Gamble","Leg Sweep"],"picked":"SKIP","floor":13},{"not_picked":["Dagger Spray","Heel Hook"],"picked":"Finisher","floor":14},{"not_picked":["Malaise","A Thousand Cuts"],"picked":"Envenom","floor":16},{"not_picked":["Sucker Punch","Eviscerate"],"picked":"Bane+1","floor":18},{"not_picked":["Backstab","Reflex+1"],"picked":"Infinite Blades","floor":21},{"not_picked":["Outmaneuver","Backflip+1"],"picked":"Infinite Blades+1","floor":22},{"not_picked":["Reflex","Quick Slash+1","Bane"],"picked":"SKIP","floor":24},{"not_picked":["Prepared","Escape Plan","All Out Attack+1"],"picked":"SKIP","floor":28},{"not_picked":["Quick Slash","Deadly Poison"],"picked":"Wraith Form v2","floor":29},{"not_picked":["Die Die Die","Doppelganger"],"picked":"A Thousand Cuts","floor":33},{"not_picked":["Caltrops+1","Tactician"],"picked":"Noxious Fumes","floor":34},{"not_picked":["Sucker Punch+1","Deflect"],"picked":"Prepared+1","floor":35},{"not_picked":["Madness","Forethought"],"picked":"Metamorphosis","floor":36},{"not_picked":["Acrobatics","Deadly Poison","Tactician"],"picked":"SKIP","floor":37},{"not_picked":["Deadly Poison","Leg Sweep","Quick Slash"],"picked":"SKIP","floor":38},{"not_picked":["Bouncing Flask","Outmaneuver+1","Cloak And Dagger"],"picked":"SKIP","floor":41},{"not_picked":["Noxious Fumes","Expertise+1"],"picked":"Storm of Steel+1","floor":45}],"player_experience":154093,"relics_obtained":[{"floor":7,"key":"Slimebound:StickyStick"},{"floor":9,"key":"Mummified Hand"},{"floor":12,"key":"War Paint"},{"floor":26,"key":"Smiling Mask"},{"floor":39,"key":"MealTicket"},{"floor":43,"key":"Toxic Egg 2"},{"floor":45,"key":"The Specimen"}],"event_choices":[{"damage_healed":0,"gold_gain":0,"player_choice":"Grow","damage_taken":0,"max_hp_gain":0,"max_hp_loss":0,"event_name":"Living Wall","floor":3,"gold_loss":0,"cards_upgraded":["Accuracy"]},{"damage_healed":0,"gold_gain":0,"player_choice":"Fled","damage_taken":0,"max_hp_gain":0,"max_hp_loss":0,"event_name":"Scrap Ooze","floor":4,"gold_loss":0},{"damage_healed":0,"gold_gain":0,"player_choice":"Ignored","damage_taken":0,"max_hp_gain":0,"max_hp_loss":0,"event_name":"Liars Game","floor":5,"gold_loss":0},{"damage_healed":0,"gold_gain":0,"player_choice":"Ignored","damage_taken":0,"max_hp_gain":0,"max_hp_loss":0,"event_name":"Cursed Tome","floor":19,"gold_loss":0},{"damage_healed":0,"gold_gain":0,"player_choice":"Bought 0 Potions","damage_taken":0,"max_hp_gain":0,"max_hp_loss":0,"event_name":"The Woman in Blue","floor":20,"gold_loss":0},{"damage_healed":0,"gold_gain":0,"player_choice":"Memory 1","damage_taken":0,"max_hp_gain":0,"max_hp_loss":0,"event_name":"SensoryStone","floor":36,"gold_loss":0},{"damage_healed":0,"gold_gain":0,"player_choice":"Max HP","damage_taken":0,"max_hp_gain":0,"max_hp_loss":4,"event_name":"Winding Halls","floor":47,"gold_loss":0}],"is_beta":false,"boss_relics":[{"not_picked":["SacredBark","HoveringKite"],"picked":"Philosopher\u0027s Stone"},{"not_picked":["Velvet Choker","bronze:MakeshiftBattery"],"picked":"Tiny House"}],"items_purged_floors":[27],"is_endless":true,"potions_floor_spawned":[7,10,13,14,16,21,28,33,35,38,41],"killed_by":"Awakened One","ascension_level":0}}