{"host":"ow66nzv2xecjoor3","time":1612932525,"event":{"mods":["BaseMod","Bestiary","Block Reminder","Colored Powertips","Curses Come First","Highlight Path","Keyboard Shortcuts","Minty Spire (QoL Compilation)","Permanent Neow","Relic Stats","StSLib","UnlockEverythingMod"],"gold_per_floor":[365,365,55,55,66,66,76,101,128,128,128,154,124,136,136,213,213,230,230,155,100,120,152,169,169,169,194,211,211,221,241,241,241,241],"floor_reached":33,"language":"ENG","playtime":1577,"items_purged":["Decay"],"score":640,"play_id":"c451600d-3c2e-4ffd-a53c-675beb0b6c43","local_time":"20210209224845","is_ascension_mode":true,"campfire_choices":[{"data":"All Out Attack","floor":6.0,"key":"SMITH"},{"data":"Crippling Poison","floor":11.0,"key":"SMITH"},{"floor":15.0,"key":"REST"},{"floor":29.0,"key":"REST"},{"data":"Burst","floor":32.0,"key":"SMITH"}],"circlet_count":0,"master_deck":["AscendersBane","Survivor","Neutralize","PiercingWail","Flying Knee","All Out Attack+1","Crippling Poison+1","Predator+1","Bane","Deadly Poison","Malaise","Burst+1","All Out Attack","Acrobatics","Endless Agony","Acrobatics","All Out Attack","Quick Slash","Corpse Explosion","After Image","Flying Knee+1","PiercingWail","Concentrate","Leg Sweep","Heel Hook","Setup+1","Venomology","Bouncing Flask"],"relics":["Ring of the Snake","Snake Skull","Bag of Marbles","Blood Vial","Ancient Tea Set","Pandora\u0027s Box","Bronze Scales","Potion Belt","Tiny Chest"],"acts_visited":["Exordium","TheCity"],"potions_floor_usage":[33,33],"damage_taken":[{"damage":11.0,"enemies":"Small Slimes","floor":1.0,"turns":7.0},{"damage":2.0,"enemies":"Jaw Worm","floor":5.0,"turns":6.0},{"damage":1.0,"enemies":"Cultist","floor":7.0,"turns":4.0},{"damage":20.0,"enemies":"3 Sentries","floor":8.0,"turns":6.0},{"damage":16.0,"enemies":"Lagavulin","floor":12.0,"turns":6.0},{"damage":4.0,"enemies":"Exordium Wildlife","floor":14.0,"turns":2.0},{"damage":33.0,"enemies":"Slime Boss","floor":16.0,"turns":8.0},{"damage":9.0,"enemies":"Chosen","floor":18.0,"turns":4.0},{"damage":3.0,"enemies":"3 Byrds","floor":22.0,"turns":3.0},{"damage":36.0,"enemies":"Slavers","floor":23.0,"turns":3.0},{"damage":7.0,"enemies":"Sentry and Sphere","floor":24.0,"turns":3.0},{"damage":0.0,"enemies":"Gremlin Leader","floor":27.0,"turns":4.0},{"damage":12.0,"enemies":"Cultist and Chosen","floor":28.0,"turns":4.0},{"damage":0.0,"enemies":"Snake Plant","floor":30.0,"turns":4.0},{"damage":8.0,"enemies":"3 Cultists","floor":31.0,"turns":4.0},{"damage":64,"enemies":"Champ","floor":33,"turns":10}],"seed_played":"363364151199801956","potions_obtained":[{"floor":5.0,"key":"Weak Potion"},{"floor":12.0,"key":"Poison Potion"},{"floor":13.0,"key":"Poison Potion"},{"floor":18.0,"key":"Strength Potion"},{"floor":25.0,"key":"Regen Potion"},{"floor":30.0,"key":"BlessingOfTheForge"}],"is_trial":false,"path_per_floor":["M","?","$","?","M","R","M","E","T","?","R","E","?","M","R","B",null,"M","?","?","$","M","E","M","?","T","E","M","R","M","M","R","B"],"character_chosen":"THE_SILENT","items_purchased":["Snake Skull","Flying Knee","Poison Potion","SkillPotion"],"campfire_rested":2,"item_purchase_floors":[3,3,3,21],"current_hp_per_floor":[48,53,53,53,51,51,50,30,30,30,30,16,16,14,35,4,54,47,47,47,47,46,12,7,7,7,23,13,34,36,30,30,0,0],"gold":241,"neow_bonus":"TWO_FIFTY_GOLD","is_daily":false,"chose_seed":false,"campfire_upgraded":3,"win_rate":0.0,"timestamp":1612932525,"path_taken":["M","?","$","?","M","R","M","E","T","?","R","E","?","?","R","BOSS","M","?","?","$","M","E","M","?","T","E","M","R","M","?","R","BOSS"],"items_purchased_type":["Relic","Card","Potion","Potion"],"build_version":"2020-12-22","purchased_purges":1,"victory":false,"max_hp_per_floor":[66,71,71,71,71,71,71,71,71,71,71,71,71,71,71,71,71,71,71,71,71,71,71,71,71,71,71,71,71,71,71,71,71,71],"relic_stats":{"Blood Vial":24,"counters":[16,78],"Bronze Scales":[57],"Pandora\u0027s Box":["Burst","Underhanded Strike","All Out Attack","Acrobatics","Endless Agony","Acrobatics","All Out Attack","Quick Slash","Corpse Explosion","After Image"],"Tiny Chest":0,"Snake Skull":[55],"obtain_stats":[{"Blood Vial":9,"Potion Belt":26,"Bronze Scales":23,"Pandora\u0027s Box":17,"Tiny Chest":27,"Snake Skull":3,"Bag of Marbles":8,"Ancient Tea Set":12,"Ring of the Snake":0},{"Blood Vial":4,"Potion Belt":11,"Bronze Scales":10,"Pandora\u0027s Box":7,"Tiny Chest":12,"Snake Skull":1,"Bag of Marbles":4,"Ancient Tea Set":5,"Ring of the Snake":0},{"Blood Vial":23,"Potion Belt":52,"Bronze Scales":49,"Pandora\u0027s Box":39,"Tiny Chest":56,"Snake Skull":7,"Bag of Marbles":23,"Ancient Tea Set":29,"Ring of the Snake":0}],"Ring of the Snake":[33]},"card_choices":[{"not_picked":["Underhanded Strike","Outmaneuver"],"picked":"PiercingWail","floor":1.0},{"not_picked":["Choke","Caltrops"],"picked":"All Out Attack","floor":5.0},{"not_picked":["Distraction","Bane"],"picked":"Crippling Poison","floor":7.0},{"not_picked":["Quick Slash","Bane"],"picked":"Predator","floor":8.0},{"not_picked":["Reflex","Backflip"],"picked":"Bane","floor":12.0},{"not_picked":["PiercingWail","Skewer"],"picked":"Deadly Poison","floor":14.0},{"not_picked":["Adrenaline","Phantasmal Killer"],"picked":"Malaise","floor":16.0},{"not_picked":["Riddle With Holes","Dagger Throw"],"picked":"Flying Knee+1","floor":18.0},{"not_picked":["Well Laid Plans","Bane"],"picked":"Concentrate","floor":22.0},{"not_picked":["Backstab","Slice"],"picked":"Leg Sweep","floor":23.0},{"not_picked":["Calculated Gamble","Caltrops"],"picked":"Heel Hook","floor":24.0},{"not_picked":["Cloak And Dagger","Sucker Punch","Backstab"],"picked":"SKIP","floor":27.0},{"not_picked":["Underhanded Strike","Flechettes"],"picked":"Setup+1","floor":28.0},{"not_picked":["Dash+1","Cloak And Dagger"],"picked":"Venomology","floor":30.0},{"not_picked":["Quick Slash","Concentrate"],"picked":"Bouncing Flask","floor":31.0}],"player_experience":2826767,"relics_obtained":[{"floor":8.0,"key":"Bag of Marbles"},{"floor":9.0,"key":"Blood Vial"},{"floor":12.0,"key":"Ancient Tea Set"},{"floor":23.0,"key":"Bronze Scales"},{"floor":26.0,"key":"Potion Belt"},{"floor":27.0,"key":"Tiny Chest"}],"event_choices":[{"damage_healed":0.0,"max_hp_gain":5.0,"max_hp_loss":0.0,"gold_gain":0.0,"event_name":"Big Fish","player_choice":"Donut","floor":2.0,"gold_loss":0.0,"damage_taken":0.0},{"damage_healed":0.0,"max_hp_gain":0.0,"max_hp_loss":0.0,"gold_gain":0.0,"event_name":"Shining Light","player_choice":"Ignored","floor":4.0,"gold_loss":0.0,"damage_taken":0.0},{"damage_healed":0.0,"max_hp_gain":0.0,"max_hp_loss":0.0,"gold_gain":0.0,"event_name":"Living Wall","player_choice":"Grow","floor":10.0,"gold_loss":0.0,"damage_taken":0.0,"cards_upgraded":["Predator"]},{"damage_healed":0.0,"max_hp_gain":0.0,"max_hp_loss":0.0,"gold_gain":0.0,"event_name":"The Woman in Blue","player_choice":"Bought 2 Potions","floor":13.0,"gold_loss":0.0,"damage_taken":0.0},{"damage_healed":0.0,"max_hp_gain":0.0,"max_hp_loss":0.0,"gold_gain":0.0,"event_name":"The Library","player_choice":"Read","floor":19.0,"gold_loss":0.0,"damage_taken":0.0,"cards_obtained":["PiercingWail"]},{"cards_removed":["Underhanded Strike"],"damage_healed":0.0,"max_hp_gain":0.0,"max_hp_loss":0.0,"gold_gain":0.0,"event_name":"Beggar","player_choice":"Gave Gold","floor":20.0,"gold_loss":75.0,"damage_taken":0.0},{"damage_healed":0.0,"max_hp_gain":0.0,"max_hp_loss":0.0,"gold_gain":0.0,"event_name":"Lab","player_choice":"Got Potions","floor":25.0,"gold_loss":0.0,"damage_taken":0.0}],"is_beta":false,"boss_relics":[{"not_picked":["Velvet Choker","SacredBark"],"picked":"Pandora\u0027s Box"}],"items_purged_floors":[3],"is_endless":false,"potions_floor_spawned":[5,12,14,18,22,23,30],"killed_by":"Champ","ascension_level":20}}