{"host":"6pgtslebjnyv5xmi","time":1612936807,"event":{"mods":["AchievementEnabler","BaseMod","Colored Map","Minty Spire (QoL Compilation)","Rare Cards Sparkle","StSLib","SuperFastMode","The Cursed","everything is the same but u backflip on backflip"],"gold_per_floor":[113,113,113,134,134,134,170,186,186,217,217,217,217,231,231,329,329,353,353,371,396,396,396,420,458,458,458,478,478,521,537,537,626,626,641,220,245,245,245,245,259,96,96,139,162,162,171,186,186,186,186],"floor_reached":50,"language":"KOR","playtime":3758,"items_purged":["Bash"],"score":1083,"play_id":"ba433b77-6c76-4363-a285-54f16e549342","local_time":"20210210150007","is_ascension_mode":true,"campfire_choices":[{"data":"Flex","floor":6.0,"key":"SMITH"},{"floor":11.0,"key":"REST"},{"floor":13.0,"key":"REST"},{"data":"Shockwave","floor":15.0,"key":"SMITH"},{"data":"Perfected Strike","floor":23.0,"key":"SMITH"},{"floor":27.0,"key":"REST"},{"floor":29.0,"key":"REST"},{"data":"Perfected Strike","floor":32.0,"key":"SMITH"},{"data":"Limit Break","floor":40.0,"key":"SMITH"},{"data":"Double Tap","floor":46.0,"key":"SMITH"},{"floor":49.0,"key":"REST"}],"circlet_count":0,"master_deck":["AscendersBane","Strike_R+1","Strike_R+1","Strike_R+1","Strike_R+1","Strike_R+1","Defend_R+1","Defend_R+1","Defend_R+1","Defend_R+1","Flex+1","Shockwave+1","Twin Strike+1","Wild Strike","Limit Break+1","Twin Strike","Perfected Strike+1","Double Tap+1","Perfected Strike+1","Spot Weakness+1","Pommel Strike","Wild Strike","Bandage Up+1"],"relics":["Burning Blood","Oddly Smooth Stone","Golden Idol","StrikeDummy","Calipers","HornCleat","Mercury Hourglass","SlaversCollar","Centennial Puzzle","FossilizedHelix","StoneCalendar","Runic Dome","Toxic Egg 2","Lantern","Pear","CeramicFish"],"acts_visited":["Exordium","TheCity","TheBeyond"],"potions_floor_usage":[50],"damage_taken":[{"damage":7.0,"enemies":"2 Louse","floor":1.0,"turns":3.0},{"damage":1.0,"enemies":"Jaw Worm","floor":4.0,"turns":3.0},{"damage":26.0,"enemies":"Gremlin Nob","floor":7.0,"turns":4.0},{"damage":4.0,"enemies":"Small Slimes","floor":8.0,"turns":2.0},{"damage":26.0,"enemies":"3 Sentries","floor":10.0,"turns":9.0},{"damage":0.0,"enemies":"3 Louse","floor":14.0,"turns":2.0},{"damage":0.0,"enemies":"Slime Boss","floor":16.0,"turns":4.0},{"damage":26.0,"enemies":"3 Byrds","floor":18.0,"turns":6.0},{"damage":13.0,"enemies":"2 Thieves","floor":20.0,"turns":3.0},{"damage":0.0,"enemies":"Snecko","floor":21.0,"turns":3.0},{"damage":18.0,"enemies":"Cultist and Chosen","floor":24.0,"turns":4.0},{"damage":24.0,"enemies":"Book of Stabbing","floor":25.0,"turns":4.0},{"damage":6.0,"enemies":"Shelled Parasite and Fungi","floor":28.0,"turns":3.0},{"damage":15.0,"enemies":"Slavers","floor":30.0,"turns":3.0},{"damage":0.0,"enemies":"3 Cultists","floor":31.0,"turns":4.0},{"damage":29.0,"enemies":"Collector","floor":33.0,"turns":4.0},{"damage":9.0,"enemies":"3 Darklings","floor":35.0,"turns":2.0},{"damage":0.0,"enemies":"Orb Walker","floor":37.0,"turns":2.0},{"damage":0.0,"enemies":"4 Shapes","floor":41.0,"turns":3.0},{"damage":12.0,"enemies":"Reptomancer","floor":44.0,"turns":4.0},{"damage":30.0,"enemies":"3 Darklings","floor":45.0,"turns":4.0},{"damage":25.0,"enemies":"Transient","floor":48.0,"turns":6.0},{"damage":70,"enemies":"Time Eater","floor":50,"turns":5}],"seed_played":"-192344823995474975","potions_obtained":[{"floor":4.0,"key":"Block Potion"},{"floor":10.0,"key":"Ancient Potion"},{"floor":14.0,"key":"GamblersBrew"},{"floor":16.0,"key":"Weak Potion"},{"floor":21.0,"key":"Swift Potion"},{"floor":25.0,"key":"Regen Potion"},{"floor":31.0,"key":"SpeedPotion"},{"floor":33.0,"key":"Explosive Potion"},{"floor":35.0,"key":"Explosive Potion"},{"floor":37.0,"key":"Explosive Potion"},{"floor":45.0,"key":"PowerPotion"}],"is_trial":false,"path_per_floor":["M","?","?","M","$","R","E","M","T","E","R","?","R","M","R","B",null,"M","?","M","M","?","R","M","E","T","R","M","R","E","M","R","B",null,"M","$","M","?","?","R","M","$","T","E","M","R","?","M","R","B"],"character_chosen":"IRONCLAD","items_purchased":["Toxic Egg 2","Spot Weakness+1","Lantern"],"campfire_rested":5,"item_purchase_floors":[36,36,42],"current_hp_per_floor":[67,67,56,61,61,61,41,43,43,23,43,23,43,49,49,55,65,45,45,38,44,44,44,32,14,14,34,34,54,54,60,60,37,60,57,57,63,63,63,63,68,68,78,72,48,48,48,35,58,0,0],"gold":186,"neow_bonus":"RANDOM_COMMON_RELIC","is_daily":false,"chose_seed":false,"campfire_upgraded":6,"win_rate":0.0,"timestamp":1612936807,"path_taken":["M","?","?","M","?","R","E","M","T","E","R","?","R","M","R","BOSS","M","?","M","M","?","R","?","E","T","R","?","R","E","M","R","BOSS","M","$","M","?","?","R","M","?","T","E","M","R","?","M","R","BOSS"],"items_purchased_type":["Relic","Card","Relic"],"build_version":"2020-12-22","purchased_purges":1,"victory":false,"max_hp_per_floor":[75,68,68,68,68,68,68,68,68,68,68,68,68,68,68,68,68,68,68,68,68,68,68,68,68,68,68,68,68,68,68,68,68,68,68,68,68,68,68,68,68,68,78,78,78,78,78,78,78,78,78],"card_choices":[{"not_picked":["Armaments","Wild Strike"],"picked":"Flex","floor":1.0},{"not_picked":["Flex","Body Slam"],"picked":"Shockwave","floor":4.0},{"not_picked":["Shrug It Off","Cleave"],"picked":"Twin Strike","floor":7.0},{"not_picked":["Headbutt","Shrug It Off","Metallicize"],"picked":"SKIP","floor":8.0},{"not_picked":["Headbutt","Shrug It Off","Metallicize"],"picked":"SKIP","floor":8.0},{"not_picked":["Iron Wave","Thunderclap"],"picked":"Wild Strike","floor":10.0},{"not_picked":["Dropkick","Wild Strike","Carnage"],"picked":"SKIP","floor":14.0},{"not_picked":["Double Tap","Feed"],"picked":"Limit Break","floor":16.0},{"not_picked":["Havoc","Heavy Blade"],"picked":"Twin Strike","floor":18.0},{"not_picked":["Reckless Charge","Searing Blow","Iron Wave"],"picked":"SKIP","floor":20.0},{"not_picked":["Armaments","Disarm","Sentinel"],"picked":"SKIP","floor":21.0},{"not_picked":["Headbutt","Anger","Havoc"],"picked":"SKIP","floor":24.0},{"not_picked":["Flex","Rampage","Feel No Pain"],"picked":"SKIP","floor":25.0},{"not_picked":["True Grit","Shockwave","Shrug It Off"],"picked":"SKIP","floor":28.0},{"not_picked":["Bludgeon","Rupture","Exhume"],"picked":"SKIP","floor":30.0},{"not_picked":["Shrug It Off","Fire Breathing"],"picked":"Perfected Strike","floor":31.0},{"not_picked":["Juggernaut","Barricade"],"picked":"Double Tap","floor":33.0},{"not_picked":["Clash","Wild Strike"],"picked":"Perfected Strike+1","floor":35.0},{"not_picked":["Flame Barrier+1","Pommel Strike","Iron Wave"],"picked":"SKIP","floor":37.0},{"not_picked":["Entrench+1","Sword Boomerang","Cleave+1"],"picked":"SKIP","floor":41.0},{"not_picked":["Wild Strike","Clash"],"picked":"Pommel Strike","floor":44.0},{"not_picked":["Dual Wield+1","Burning Pact+1"],"picked":"Wild Strike","floor":45.0},{"not_picked":["Mayhem","Mind Blast"],"picked":"Bandage Up+1","floor":47.0},{"not_picked":["Fire Breathing","Sever Soul+1","Sword Boomerang+1"],"picked":"SKIP","floor":48.0}],"player_experience":1083822,"relics_obtained":[{"floor":7.0,"key":"Calipers"},{"floor":9.0,"key":"HornCleat"},{"floor":10.0,"key":"Mercury Hourglass"},{"floor":25.0,"key":"Centennial Puzzle"},{"floor":26.0,"key":"FossilizedHelix"},{"floor":30.0,"key":"StoneCalendar"},{"floor":43.0,"key":"Pear"},{"floor":44.0,"key":"CeramicFish"}],"event_choices":[{"damage_healed":0.0,"max_hp_gain":0.0,"max_hp_loss":7.0,"gold_gain":0.0,"event_name":"Golden Idol","player_choice":"Lose Max HP","floor":2.0,"gold_loss":0.0,"damage_taken":0.0,"relics_obtained":["Golden Idol"]},{"damage_healed":0.0,"max_hp_gain":0.0,"max_hp_loss":0.0,"gold_gain":0.0,"event_name":"Scrap Ooze","player_choice":"Success","floor":3.0,"gold_loss":0.0,"damage_taken":11.0,"relics_obtained":["StrikeDummy"]},{"damage_healed":0.0,"max_hp_gain":0.0,"max_hp_loss":0.0,"gold_gain":0.0,"event_name":"Shining Light","player_choice":"Entered Light","floor":12.0,"gold_loss":0.0,"damage_taken":20.0,"cards_upgraded":["Strike_R","Twin Strike"]},{"damage_healed":0.0,"max_hp_gain":0.0,"max_hp_loss":0.0,"gold_gain":0.0,"event_name":"The Library","player_choice":"Read","floor":19.0,"gold_loss":0.0,"damage_taken":0.0,"cards_obtained":["Perfected Strike"]},{"damage_healed":0.0,"max_hp_gain":0.0,"max_hp_loss":0.0,"gold_gain":0.0,"event_name":"Back to Basics","player_choice":"Simplicity","floor":22.0,"gold_loss":0.0,"damage_taken":0.0,"cards_upgraded":["Strike_R","Strike_R","Strike_R","Strike_R","Defend_R","Defend_R","Defend_R","Defend_R"]},{"damage_healed":0.0,"max_hp_gain":0.0,"max_hp_loss":0.0,"gold_gain":0.0,"event_name":"Tomb of Lord Red Mask","player_choice":"Ignored","floor":38.0,"gold_loss":0.0,"damage_taken":0.0},{"cards_removed":["Perfected Strike"],"damage_healed":0.0,"max_hp_gain":0.0,"max_hp_loss":0.0,"gold_gain":0.0,"event_name":"Falling","player_choice":"Removed Attack","floor":39.0,"gold_loss":0.0,"damage_taken":0.0},{"damage_healed":0.0,"max_hp_gain":0.0,"max_hp_loss":0.0,"gold_gain":0.0,"event_name":"SensoryStone","player_choice":"Memory 1","floor":47.0,"gold_loss":0.0,"damage_taken":0.0}],"is_beta":false,"boss_relics":[{"not_picked":["Pandora\u0027s Box","Ectoplasm"],"picked":"SlaversCollar"},{"not_picked":["Tiny House","Philosopher\u0027s Stone"],"picked":"Runic Dome"}],"items_purged_floors":[36],"is_endless":false,"potions_floor_spawned":[4,10,14,16,21,25,31,33,35,37,45],"killed_by":"Time Eater","ascension_level":18}}