{"host":"c3lc60y5x60jlt1y","time":1612967556,"event":{"mods":["AchievementEnabler","BaseMod","Bestiary","Colored Map","Minty Spire (QoL Compilation)","Quick Restart","StSLib","ojb\u0027s Info Mod"],"gold_per_floor":[117,117,128,128,141,175,192,219,219,219,246,246,246,262,262,334,334,351,369,369,383,65,97,108,139,139,158,158,171,206,72,72,149,149,164,183,183,8,8,39,51,96,108,146,169,201,242,34,34,34,34,34],"floor_reached":51,"language":"ENG","playtime":5842,"items_purged":["Strike_P"],"score":1945,"play_id":"27573690-fbf1-4888-8fb0-bad7a68d0158","local_time":"20210210163236","is_ascension_mode":true,"campfire_choices":[{"data":"Eruption","floor":10.0,"key":"SMITH"},{"data":"TalkToTheHand","floor":15.0,"key":"SMITH"},{"floor":32.0,"key":"REST"},{"floor":49.0,"key":"RECALL"}],"circlet_count":0,"master_deck":["AscendersBane","Eruption+1","Vigilance","WheelKick+1","Consecrate+1","ThirdEye+1","Wallop","FearNoEvil","Vengeance+1","Halt","SpiritShield","TalkToTheHand+1","FlyingSleeves","Ragnarok","Indignation","Meditate","Tantrum","CutThroughFate","Dramatic Entrance","FlurryOfBlows","Sanctity","InnerPeace+1","FlurryOfBlows","Blasphemy","CutThroughFate+1","FlurryOfBlows","Flash of Steel","Swivel+1","ReachHeaven","Wallop","MentalFortress","Tantrum","EmptyBody","Panacea"],"relics":["Astrolabe","Bag of Marbles","Orichalcum","The Courier","Ancient Tea Set","Boot","Fusion Hammer","Anchor","Juzu Bracelet","Letter Opener","Singing Bowl","Shuriken","War Paint","Black Star","Frozen Eye","MawBank","Bag of Preparation","Gremlin Horn","Strawberry","Blood Vial","Mercury Hourglass","TeardropLocket","Omamori"],"acts_visited":["Exordium","TheCity","TheBeyond"],"potions_floor_usage":[],"damage_taken":[{"damage":2.0,"enemies":"Jaw Worm","floor":1.0,"turns":3.0},{"damage":0.0,"enemies":"Cultist","floor":3.0,"turns":2.0},{"damage":0.0,"enemies":"2 Louse","floor":5.0,"turns":2.0},{"damage":0.0,"enemies":"Gremlin Nob","floor":6.0,"turns":3.0},{"damage":0.0,"enemies":"2 Fungi Beasts","floor":7.0,"turns":3.0},{"damage":20.0,"enemies":"3 Sentries","floor":11.0,"turns":5.0},{"damage":6.0,"enemies":"3 Louse","floor":14.0,"turns":3.0},{"damage":51.0,"enemies":"Hexaghost","floor":16.0,"turns":9.0},{"damage":0.0,"enemies":"Chosen","floor":18.0,"turns":2.0},{"damage":8.0,"enemies":"3 Byrds","floor":19.0,"turns":4.0},{"damage":14.0,"enemies":"Cultist and Chosen","floor":21.0,"turns":6.0},{"damage":12.0,"enemies":"Slavers","floor":23.0,"turns":2.0},{"damage":0.0,"enemies":"Chosen and Byrds","floor":24.0,"turns":3.0},{"damage":0.0,"enemies":"Gremlin Leader","floor":25.0,"turns":2.0},{"damage":0.0,"enemies":"Snecko","floor":27.0,"turns":2.0},{"damage":2.0,"enemies":"Snake Plant","floor":29.0,"turns":2.0},{"damage":0.0,"enemies":"Slavers","floor":30.0,"turns":1.0},{"damage":11.0,"enemies":"Champ","floor":33.0,"turns":5.0},{"damage":5.0,"enemies":"3 Shapes","floor":35.0,"turns":4.0},{"damage":0.0,"enemies":"3 Darklings","floor":36.0,"turns":2.0},{"damage":0.0,"enemies":"Reptomancer","floor":40.0,"turns":2.0},{"damage":0.0,"enemies":"Nemesis","floor":42.0,"turns":3.0},{"damage":0.0,"enemies":"Reptomancer","floor":44.0,"turns":2.0},{"damage":0.0,"enemies":"Transient","floor":45.0,"turns":6.0},{"damage":0.0,"enemies":"Writhing Mass","floor":46.0,"turns":4.0},{"damage":0.0,"enemies":"Nemesis","floor":47.0,"turns":2.0},{"damage":32.0,"enemies":"Donu and Deca","floor":50.0,"turns":4.0},{"damage":31,"enemies":"Time Eater","floor":51,"turns":4}],"seed_played":"6496125008913075808","potions_obtained":[{"floor":2.0,"key":"Block Potion"},{"floor":2.0,"key":"EssenceOfSteel"},{"floor":3.0,"key":"ColorlessPotion"},{"floor":5.0,"key":"GamblersBrew"},{"floor":7.0,"key":"Dexterity Potion"},{"floor":11.0,"key":"GamblersBrew"},{"floor":18.0,"key":"StancePotion"},{"floor":23.0,"key":"Block Potion"},{"floor":29.0,"key":"Block Potion"},{"floor":33.0,"key":"Explosive Potion"},{"floor":44.0,"key":"BottledMiracle"},{"floor":45.0,"key":"SteroidPotion"},{"floor":47.0,"key":"BlessingOfTheForge"}],"is_trial":false,"path_per_floor":["M","?","M","?","M","E","M","T","T","R","E","T","?","M","R","B",null,"M","M","?","M","$","E","M","E","T","M","?","M","E","$","R","B",null,"M","M","?","$","?","E","?","E","T","E","M","M","E","$","R","B","B"],"character_chosen":"WATCHER","items_purchased":["Anchor","CutThroughFate","Dramatic Entrance","War Paint","FlurryOfBlows","Frozen Eye","MentalFortress","Tantrum","EmptyBody","Panacea"],"campfire_rested":1,"item_purchase_floors":[22,22,22,31,38,38,48,48,48,48],"current_hp_per_floor":[59,59,59,59,59,59,59,59,59,59,39,39,61,55,55,4,52,52,44,44,30,30,18,18,18,18,18,18,16,16,16,36,27,59,56,56,46,46,40,40,40,47,47,49,51,55,59,59,59,29,0,0],"gold":34,"neow_bonus":"BOSS_RELIC","is_daily":false,"chose_seed":false,"campfire_upgraded":2,"win_rate":0.0,"timestamp":1612967556,"path_taken":["M","?","?","?","M","E","?","?","T","R","E","?","?","M","R","BOSS","M","M","?","M","$","E","M","E","T","M","?","M","E","$","R","BOSS","M","M","?","$","?","E","?","E","T","E","M","M","E","?","R","BOSS","BOSS"],"items_purchased_type":["Relic","Card","Card","Relic","Card","Relic","Card","Card","Card","Card"],"build_version":"2020-12-22","purchased_purges":1,"victory":false,"max_hp_per_floor":[68,68,68,68,68,68,68,68,68,68,68,68,68,68,68,68,68,68,68,68,68,68,68,68,68,68,68,68,68,68,68,68,70,70,72,72,72,72,76,76,76,83,83,85,85,87,89,89,89,89,89,89],"card_choices":[{"not_picked":["Protect","Consecrate"],"picked":"Wallop","floor":1.0},{"not_picked":["EmptyBody","InnerPeace"],"picked":"FearNoEvil","floor":3.0},{"not_picked":["JustLucky","CrushJoints"],"picked":"Vengeance","floor":5.0},{"not_picked":["Swivel","CarveReality"],"picked":"Halt","floor":6.0},{"not_picked":["Consecrate","Weave"],"picked":"SpiritShield","floor":7.0},{"not_picked":["InnerPeace","Crescendo"],"picked":"TalkToTheHand","floor":11.0},{"not_picked":["Evaluate","Conclude"],"picked":"FlyingSleeves","floor":14.0},{"not_picked":["Scrawl","Brilliance"],"picked":"Ragnarok","floor":16.0},{"not_picked":["Vengeance","Evaluate","Consecrate"],"picked":"SKIP","floor":18.0},{"not_picked":["Crescendo+1","Wallop"],"picked":"Indignation","floor":19.0},{"not_picked":["Protect","ClearTheMind"],"picked":"Tantrum","floor":21.0},{"not_picked":["ClearTheMind","EmptyBody"],"picked":"FlurryOfBlows","floor":23.0},{"not_picked":["ReachHeaven","EmptyFist","Halt"],"picked":"SKIP","floor":24.0},{"not_picked":["FollowUp+1","Evaluate"],"picked":"Sanctity","floor":25.0},{"not_picked":["Consecrate","Weave+1"],"picked":"InnerPeace","floor":27.0},{"not_picked":["ClearTheMind","Swivel"],"picked":"FlurryOfBlows","floor":29.0},{"not_picked":["BattleHymn","SashWhip"],"picked":"Blasphemy","floor":30.0},{"not_picked":["MasterReality","Brilliance","SpiritShield"],"picked":"Singing Bowl","floor":33.0},{"not_picked":["FearNoEvil","FollowUp","BowlingBash"],"picked":"Singing Bowl","floor":35.0},{"not_picked":["Vengeance","FollowUp"],"picked":"CutThroughFate+1","floor":36.0},{"not_picked":["Sadistic Nature","Chrysalis"],"picked":"Flash of Steel","floor":39.0},{"not_picked":["Madness","Transmutation","Forethought"],"picked":"Singing Bowl","floor":39.0},{"not_picked":["Purity","Chrysalis","Mind Blast"],"picked":"Singing Bowl","floor":39.0},{"not_picked":["MasterReality","FlyingSleeves"],"picked":"Swivel+1","floor":40.0},{"not_picked":["ThirdEye","FollowUp"],"picked":"ReachHeaven","floor":42.0},{"not_picked":["EmptyFist+1","SignatureMove","Prostrate"],"picked":"Singing Bowl","floor":44.0},{"not_picked":["Crescendo","Protect"],"picked":"Wallop","floor":45.0},{"not_picked":["Pray","FollowUp+1","Wish"],"picked":"Singing Bowl","floor":46.0},{"not_picked":["FlyingSleeves","EmptyBody","CutThroughFate"],"picked":"Singing Bowl","floor":47.0}],"player_experience":9194718,"relics_obtained":[{"floor":6.0,"key":"Bag of Marbles"},{"floor":8.0,"key":"Orichalcum"},{"floor":9.0,"key":"The Courier"},{"floor":11.0,"key":"Ancient Tea Set"},{"floor":12.0,"key":"Boot"},{"floor":23.0,"key":"Juzu Bracelet"},{"floor":25.0,"key":"Letter Opener"},{"floor":26.0,"key":"Singing Bowl"},{"floor":30.0,"key":"Shuriken"},{"floor":40.0,"key":"MawBank"},{"floor":40.0,"key":"Bag of Preparation"},{"floor":42.0,"key":"Gremlin Horn"},{"floor":42.0,"key":"Strawberry"},{"floor":44.0,"key":"Blood Vial"},{"floor":44.0,"key":"Mercury Hourglass"},{"floor":47.0,"key":"TeardropLocket"},{"floor":47.0,"key":"Omamori"}],"event_choices":[{"damage_healed":0.0,"max_hp_gain":0.0,"max_hp_loss":0.0,"gold_gain":0.0,"event_name":"Lab","player_choice":"Got Potions","floor":2.0,"gold_loss":0.0,"damage_taken":0.0},{"cards_removed":["Strike_P"],"damage_healed":0.0,"max_hp_gain":0.0,"max_hp_loss":0.0,"gold_gain":0.0,"event_name":"Bonfire Elementals","player_choice":"Offered Basic","floor":4.0,"gold_loss":0.0,"damage_taken":0.0},{"damage_healed":22.0,"max_hp_gain":0.0,"max_hp_loss":0.0,"gold_gain":0.0,"event_name":"Big Fish","player_choice":"Banana","floor":13.0,"gold_loss":0.0,"damage_taken":0.0},{"damage_healed":0.0,"max_hp_gain":0.0,"max_hp_loss":0.0,"gold_gain":0.0,"cards_transformed":["Strike_P","Defend_P"],"event_name":"Drug Dealer","player_choice":"Became Test Subject","floor":20.0,"gold_loss":0.0,"damage_taken":0.0,"cards_obtained":["BowlingBash","Meditate"]},{"cards_removed":["Defend_P"],"damage_healed":0.0,"max_hp_gain":0.0,"max_hp_loss":0.0,"gold_gain":0.0,"event_name":"Wheel of Change","player_choice":"Card Removal","floor":28.0,"gold_loss":0.0,"damage_taken":0.0},{"damage_healed":0.0,"max_hp_gain":0.0,"max_hp_loss":0.0,"gold_gain":0.0,"event_name":"Wheel of Change","player_choice":"Damaged","floor":37.0,"gold_loss":0.0,"damage_taken":10.0},{"damage_healed":0.0,"max_hp_gain":0.0,"max_hp_loss":0.0,"gold_gain":0.0,"event_name":"SensoryStone","player_choice":"Memory 3","floor":39.0,"gold_loss":0.0,"damage_taken":10.0},{"cards_removed":["BowlingBash"],"damage_healed":0.0,"max_hp_gain":0.0,"max_hp_loss":0.0,"gold_gain":0.0,"event_name":"Purifier","player_choice":"Purged","floor":41.0,"gold_loss":0.0,"damage_taken":0.0}],"is_beta":false,"boss_relics":[{"not_picked":["VioletLotus","Busted Crown"],"picked":"Fusion Hammer"},{"not_picked":["Sozu","Empty Cage"],"picked":"Black Star"}],"items_purged_floors":[22],"is_endless":false,"potions_floor_spawned":[3,5,7,11,18,19,23,29,33,44,45,47],"killed_by":"Time Eater","ascension_level":20}}