{"host":"5f8yr5jxnqok2jdo","time":1612960519,"event":{"mods":["AchievementEnabler","BaseMod","Better Altar","Better Match","Better Note","Better Skull","Better Third Choice","Block Reminder","Colored Map","Colored Powertips","DeckTracker","Displayed Cursed Tome","Filter the Spire","Googly Eyes","Highlight Path","Key Reminder","Minty Spire (QoL Compilation)","Quick Restart","Rare Cards Sparkle","Relic Sorter","Relic Stats","ShortenTheSpire","Spire Arcade","Spire Birthday Party","StSLib","Steal the Spire","SuperFastMode","Uncapped","Unceasing Turn Reminder","everything is the same but u backflip on backflip","slay the spire mod where everything is the same but ironclad has a cowboy hat"],"gold_per_floor":[111,111,111,122,176,176,187,187,214,240,165,196,212,62,62,162,162,180,215,215,140,150,150,150],"floor_reached":23,"language":"ENG","playtime":689,"items_purged":["Strike_G"],"score":315,"play_id":"4f84a2f5-7030-4204-ac36-da1ef87419da","local_time":"20210210133519","is_ascension_mode":true,"campfire_choices":[{"data":"Crippling Poison","floor":6,"key":"SMITH"},{"data":"Deadly Poison","floor":8,"key":"SMITH"},{"data":"Cloak And Dagger","floor":15,"key":"SMITH"}],"circlet_count":0,"master_deck":["AscendersBane","Strike_G","Strike_G","Strike_G","Defend_G","Defend_G","Defend_G","Defend_G+1","Survivor+1","Neutralize","Dodge and Roll","Underhanded Strike","Crippling Poison+1","Die Die Die","Backstab","Deadly Poison+1","Master of Strategy","Infinite Blades","Glass Knife","Cloak And Dagger+1","Blur","Acrobatics","Blade Dance","Backflip"],"relics":["Ring of the Snake","Boot","Shuriken","Strawberry","Vajra","Black Star","Red Mask","CultistMask"],"acts_visited":["Exordium","TheCity"],"potions_floor_usage":[23],"damage_taken":[{"damage":0,"enemies":"Small Slimes","floor":1,"turns":4},{"damage":0,"enemies":"Jaw Worm","floor":4,"turns":4},{"damage":0,"enemies":"2 Louse","floor":7,"turns":2},{"damage":10,"enemies":"Lagavulin","floor":10,"turns":6},{"damage":13,"enemies":"Gremlin Nob","floor":12,"turns":3},{"damage":0,"enemies":"Red Slaver","floor":13,"turns":2},{"damage":9,"enemies":"Hexaghost","floor":16,"turns":7},{"damage":35,"enemies":"Spheric Guardian","floor":18,"turns":6},{"damage":17,"enemies":"Masked Bandits","floor":19,"turns":3},{"damage":20,"enemies":"Shell Parasite","floor":22,"turns":4},{"damage":24,"enemies":"Slavers","floor":23,"turns":3}],"seed_played":"839291791245851177","potions_obtained":[{"floor":7,"key":"SkillPotion"},{"floor":10,"key":"Block Potion"},{"floor":16,"key":"FairyPotion"}],"is_trial":false,"path_per_floor":["M","?","?","M","?","R","M","R","T","E","?","E","M","$","R","B",null,"M","?","?","$","M","E"],"character_chosen":"THE_SILENT","items_purchased":["Vajra"],"campfire_rested":0,"item_purchase_floors":[14],"current_hp_per_floor":[63,50,50,50,50,50,50,50,50,40,40,34,34,34,34,25,59,24,7,7,7,21,0,0],"gold":150,"neow_bonus":"TRANSFORM_TWO_CARDS","is_daily":false,"chose_seed":false,"campfire_upgraded":3,"win_rate":0.0,"timestamp":1612960519,"path_taken":["M","?","?","M","?","R","M","R","T","E","?","E","M","$","R","BOSS","M","?","?","$","?","E"],"items_purchased_type":["Relic"],"build_version":"2020-12-22","purchased_purges":1,"victory":false,"max_hp_per_floor":[63,63,63,63,63,63,63,63,63,63,63,70,70,70,70,70,70,70,70,70,70,70,70,70],"relic_stats":{"counters":[11,44],"Shuriken":[13],"Black Star":0,"Boot":[28],"obtain_stats":[{"Shuriken":10,"Strawberry":12,"Vajra":14,"CultistMask":20,"Black Star":17,"Red Mask":19,"Boot":9,"Ring of the Snake":0},{"Shuriken":4,"Strawberry":5,"Vajra":6,"CultistMask":9,"Black Star":7,"Red Mask":9,"Boot":3,"Ring of the Snake":0},{"Shuriken":16,"Strawberry":19,"Vajra":21,"CultistMask":37,"Black Star":28,"Red Mask":37,"Boot":10,"Ring of the Snake":0}],"Ring of the Snake":[22]},"card_choices":[{"not_picked":["Prepared","Heel Hook"],"picked":"Crippling Poison","floor":1},{"not_picked":["Backflip","PiercingWail"],"picked":"Backstab","floor":4},{"not_picked":["Cloak And Dagger","Flying Knee"],"picked":"Deadly Poison","floor":7},{"not_picked":["Calculated Gamble","Finisher","Sucker Punch"],"picked":"SKIP","floor":10},{"not_picked":["Chrysalis","HandOfGreed"],"picked":"Master of Strategy","floor":11},{"not_picked":["Crippling Poison","Caltrops"],"picked":"Infinite Blades","floor":11},{"not_picked":["Adrenaline","Doppelganger"],"picked":"Glass Knife","floor":11},{"not_picked":["Flying Knee","Dodge and Roll"],"picked":"Cloak And Dagger","floor":11},{"not_picked":["Grand Finale","PiercingWail"],"picked":"Blur","floor":12},{"not_picked":["Dagger Spray","Deadly Poison"],"picked":"Acrobatics","floor":13},{"not_picked":["Cloak And Dagger+1","Deflect"],"picked":"Blade Dance","floor":18},{"not_picked":["PiercingWail","Backflip","Flying Knee"],"picked":"SKIP","floor":22},{"not_picked":["PiercingWail","Flying Knee"],"picked":"Backflip","floor":22}],"player_experience":364631,"relics_obtained":[{"floor":9,"key":"Boot"},{"floor":10,"key":"Shuriken"},{"floor":12,"key":"Strawberry"},{"floor":19,"key":"Red Mask"}],"event_choices":[{"damage_healed":63,"gold_gain":0,"player_choice":"Upgrade","damage_taken":13,"max_hp_gain":0,"max_hp_loss":63,"event_name":"betterThird:BetterShining","floor":2,"gold_loss":0,"cards_upgraded":["Defend_G","Survivor"]},{"damage_healed":0,"gold_gain":54,"player_choice":"Gained Gold","damage_taken":0,"max_hp_gain":0,"max_hp_loss":0,"event_name":"Golden Wing","floor":5,"gold_loss":0},{"damage_healed":0,"gold_gain":0,"player_choice":"1","damage_taken":0,"max_hp_gain":0,"max_hp_loss":0,"event_name":"betterMatch:BetterMatch","floor":11,"gold_loss":0,"cards_obtained":["betterMatch:ColorlessRareCard","betterMatch:UncommonCard","betterMatch:RareCard","betterMatch:CommonCard"]},{"damage_healed":0,"gold_gain":0,"player_choice":"Fought Bandits","damage_taken":0,"max_hp_gain":0,"max_hp_loss":0,"event_name":"Masked Bandits","floor":19,"gold_loss":0},{"damage_healed":0,"gold_gain":0,"player_choice":"Trade","damage_taken":0,"relics_obtained":["CultistMask"],"max_hp_gain":0,"max_hp_loss":0,"event_name":"FaceTrader","floor":20,"gold_loss":0}],"is_beta":false,"boss_relics":[{"not_picked":["SacredBark","Fusion Hammer"],"picked":"Black Star"}],"items_purged_floors":[21],"is_endless":false,"potions_floor_spawned":[7,10,16,18],"killed_by":"Slavers","ascension_level":12}}