{"host":"qy1e0kd24tpj3i2m","time":1612981274,"event":{"mods":["Act Like it!","BaseMod","Better Skull","Better Vampires","Colored Map","Colored Powertips","Custom Start","Faster Ascension Climbing","Friendly Minions","GifTheSpireLib","Gremlin Skip","Highlight Path","Minty Spire (QoL Compilation)","Permanent Neow","Poor People Problems","Quick Restart","Red Circlet Mod","Relic Filter Mod","Relic Sorter","Reorder Act Four","SacredBarkPlus","Shop Mod","StSLib","SuperFastMode","Transform Curses","没有小屋子和绿帽子啦"],"gold_per_floor":[115,115,115,126,126,126,51,84,109,109,109,142,65,80,80,157,157,177,177,192,39,39,39,52,52,52,52,52,62,76,76,76,76,76],"floor_reached":33,"language":"ZHS","playtime":1233,"items_purged":["Bash"],"score":502,"play_id":"6d7d67a1-4314-4ed1-9941-05227ed36146","local_time":"20210211032114","is_ascension_mode":true,"campfire_choices":[{"data":"Searing Blow","floor":6.0,"key":"SMITH"},{"floor":10.0,"key":"REST"},{"data":"Entrench","floor":15.0,"key":"SMITH"},{"data":"Searing Blow+1","floor":23.0,"key":"SMITH"},{"data":"Berserk","floor":25.0,"key":"SMITH"},{"data":"Double Tap","floor":27.0,"key":"SMITH"},{"floor":32.0,"key":"REST"}],"circlet_count":0,"master_deck":["AscendersBane","Strike_R","Strike_R","Strike_R","Strike_R","Strike_R+1","Defend_R","Defend_R","Defend_R","Defend_R","Impervious+1","Shrug It Off","Entrench+1","Searing Blow+2","Double Tap+1","Burning Pact","Headbutt","Berserk+1","Pommel Strike+1","Evolve","Dark Embrace"],"relics":["Burning Blood","WarpedTongs","Bag of Marbles","Lantern","Mark of Pain","MerchantsRug","Blood Vial"],"acts_visited":["Exordium","TheCity"],"potions_floor_usage":[33,33],"damage_taken":[{"damage":7.0,"enemies":"Jaw Worm","floor":1.0,"turns":5.0},{"damage":3.0,"enemies":"2 Louse","floor":4.0,"turns":4.0},{"damage":43.0,"enemies":"Lagavulin","floor":8.0,"turns":6.0},{"damage":10.0,"enemies":"3 Sentries","floor":12.0,"turns":10.0},{"damage":0.0,"enemies":"Cultist","floor":14.0,"turns":2.0},{"damage":27.0,"enemies":"The Guardian","floor":16.0,"turns":17.0},{"damage":10.0,"enemies":"Chosen","floor":18.0,"turns":6.0},{"damage":5.0,"enemies":"Spheric Guardian","floor":20.0,"turns":6.0},{"damage":23.0,"enemies":"Shelled Parasite and Fungi","floor":24.0,"turns":5.0},{"damage":17.0,"enemies":"Centurion and Healer","floor":29.0,"turns":5.0},{"damage":30.0,"enemies":"Snake Plant","floor":30.0,"turns":4.0},{"damage":12,"enemies":"Collector","floor":33,"turns":6}],"seed_played":"-8439912476897334372","potions_obtained":[{"floor":8.0,"key":"Block Potion"},{"floor":16.0,"key":"HeartOfIron"},{"floor":18.0,"key":"FearPotion"},{"floor":24.0,"key":"Explosive Potion"},{"floor":29.0,"key":"Energy Potion"}],"is_trial":false,"path_per_floor":["M","?","?","M","?","R","$","E","T","R","?","E","$","M","R","B",null,"M","?","M","$","?","R","M","R","T","R","$","M","M","?","R","B"],"character_chosen":"IRONCLAD","items_purchased":["Burning Pact","MerchantsRug"],"campfire_rested":2,"item_purchase_floors":[13,21],"current_hp_per_floor":[67,44,44,47,47,47,47,20,20,45,45,41,41,47,47,26,70,66,66,67,67,67,67,50,50,50,50,50,41,19,19,44,34,34],"gold":76,"neow_bonus":"ONE_RANDOM_RARE_CARD","is_daily":false,"chose_seed":false,"campfire_upgraded":5,"win_rate":0.0,"timestamp":1612981274,"path_taken":["M","?","?","?","?","R","$","E","T","R","?","E","$","M","R","BOSS","M","?","?","$","?","R","M","R","T","R","?","?","M","?","R","BOSS"],"items_purchased_type":["Card","Relic"],"build_version":"2020-12-22","purchased_purges":1,"victory":false,"max_hp_per_floor":[75,75,75,75,75,75,75,85,85,85,85,85,85,85,85,85,85,85,85,85,85,85,85,85,85,85,85,85,85,85,85,85,85,85],"card_choices":[{"not_picked":["Anger","Pummel"],"picked":"Shrug It Off","floor":1.0},{"not_picked":["Pummel","Anger"],"picked":"Entrench","floor":4.0},{"not_picked":["Sword Boomerang","Clash","Warcry"],"picked":"SKIP","floor":8.0},{"not_picked":["Ghostly Armor","Clothesline"],"picked":"Double Tap","floor":12.0},{"not_picked":["Sword Boomerang","Blood for Blood"],"picked":"Headbutt","floor":14.0},{"not_picked":["Offering","Bludgeon"],"picked":"Berserk","floor":16.0},{"not_picked":["Clothesline","Combust","Pummel"],"picked":"SKIP","floor":18.0},{"not_picked":["Warcry","Intimidate+1"],"picked":"Pommel Strike+1","floor":20.0},{"not_picked":["Dual Wield","Havoc","Perfected Strike"],"picked":"SKIP","floor":24.0},{"not_picked":["Combust","Sentinel"],"picked":"Evolve","floor":29.0},{"not_picked":["Pummel","Sword Boomerang+1"],"picked":"Dark Embrace","floor":30.0}],"player_experience":1014156,"relics_obtained":[{"floor":8.0,"key":"Pear"},{"floor":9.0,"key":"Bag of Marbles"},{"floor":12.0,"key":"Lantern"},{"floor":26.0,"key":"Blood Vial"}],"event_choices":[{"damage_healed":0.0,"max_hp_gain":0.0,"max_hp_loss":0.0,"gold_gain":0.0,"event_name":"Shining Light","player_choice":"Entered Light","floor":2.0,"gold_loss":0.0,"damage_taken":23.0,"cards_upgraded":["Impervious","Strike_R"]},{"damage_healed":0.0,"max_hp_gain":0.0,"max_hp_loss":0.0,"gold_gain":0.0,"event_name":"Accursed Blacksmith","player_choice":"Rummage","floor":3.0,"gold_loss":0.0,"damage_taken":0.0,"relics_obtained":["WarpedTongs"],"cards_obtained":["Pain"]},{"damage_healed":0.0,"max_hp_gain":0.0,"max_hp_loss":0.0,"gold_gain":0.0,"cards_transformed":["Pain"],"event_name":"Living Wall","player_choice":"Change","floor":5.0,"gold_loss":0.0,"damage_taken":0.0,"cards_obtained":["Searing Blow"]},{"damage_healed":0.0,"max_hp_gain":0.0,"max_hp_loss":0.0,"gold_gain":0.0,"event_name":"Dead Adventurer","player_choice":"Searched \u00270\u0027 times","floor":11.0,"gold_loss":0.0,"damage_taken":0.0},{"damage_healed":0.0,"max_hp_gain":0.0,"max_hp_loss":0.0,"gold_gain":0.0,"event_name":"Transmorgrifier","player_choice":"Ignored","floor":19.0,"gold_loss":0.0,"damage_taken":0.0},{"damage_healed":0.0,"max_hp_gain":0.0,"max_hp_loss":0.0,"gold_gain":0.0,"event_name":"Ghosts","player_choice":"Ignored","floor":22.0,"gold_loss":0.0,"damage_taken":0.0},{"damage_healed":0.0,"max_hp_gain":0.0,"max_hp_loss":0.0,"gold_gain":0.0,"event_name":"The Mausoleum","player_choice":"Ignored","floor":31.0,"gold_loss":0.0,"damage_taken":0.0}],"is_beta":false,"boss_relics":[{"not_picked":["Sozu","Black Blood"],"picked":"Mark of Pain"}],"items_purged_floors":[7],"is_endless":false,"potions_floor_spawned":[8,16,18,24,29],"killed_by":"Collector","ascension_level":20}}