{"host":"neeznpvpgo0qgfkd","time":1612995959,"event":{"mods":["AchievementEnabler","BaseMod","BetterRewards","Colored Map","Colored Powertips","Exacting","Minty Spire (QoL Compilation)","Permanent Neow","Quick Restart","Shop Mod"],"gold_per_floor":[115,95,106,122,151,182,199,228,228,258,305,305,480,497,497,597,597,616,616,616,616,626,655,655,684,984,1000,1013,1045,1045,1074,1074,1074,1074],"floor_reached":33,"language":"ENG","playtime":1789,"items_purged":[],"score":460,"play_id":"0487ee01-b0bc-409c-ac8e-1192d02ed493","local_time":"20210210172559","is_ascension_mode":true,"campfire_choices":[{"floor":12,"key":"RECALL"},{"data":"Metallicize","floor":15,"key":"SMITH"},{"data":"Reaper","floor":24,"key":"SMITH"},{"floor":30,"key":"REST"},{"data":"Flame Barrier","floor":32,"key":"SMITH"}],"circlet_count":0,"master_deck":["Strike_R+1","Strike_R+1","Strike_R+1","Strike_R+1","Strike_R+1","Defend_R+1","Defend_R+1","Defend_R+1","Defend_R+1","Bash","Thunderclap","Metallicize","Heavy Blade","Sword Boomerang","Reaper+1","Twin Strike","Metallicize+1","Cleave","Double Tap","Sword Boomerang","Armaments","Flame Barrier+1"],"relics":["Burning Blood","StoneCalendar","Meat on the Bone","Eternal Feather","Omamori","Anchor","Toy Ornithopter","Busted Crown","MutagenicStrength","Kunai","Old Coin","Ornamental Fan","Question Card"],"acts_visited":["Exordium","TheCity"],"potions_floor_usage":[6,8,8,8,16,23,23,27,28,29,31],"damage_taken":[{"damage":12.0,"enemies":"Jaw Worm","floor":1.0,"turns":3.0},{"damage":10.0,"enemies":"Cultist","floor":3.0,"turns":4.0},{"damage":0.0,"enemies":"Small Slimes","floor":4.0,"turns":3.0},{"damage":10.0,"enemies":"Exordium Thugs","floor":5.0,"turns":5.0},{"damage":21,"enemies":"3 Sentries","floor":6,"turns":7},{"damage":6,"enemies":"2 Fungi Beasts","floor":7,"turns":3},{"damage":26,"enemies":"Lagavulin","floor":8,"turns":7},{"damage":31,"enemies":"Gremlin Nob","floor":10,"turns":5},{"damage":7,"enemies":"3 Louse","floor":11,"turns":5},{"damage":7,"enemies":"Exordium Wildlife","floor":14,"turns":6},{"damage":47,"enemies":"Slime Boss","floor":16,"turns":7},{"damage":26,"enemies":"Shell Parasite","floor":18,"turns":6},{"damage":7,"enemies":"3 Byrds","floor":22,"turns":3},{"damage":0,"enemies":"Slavers","floor":23,"turns":1},{"damage":45,"enemies":"Shelled Parasite and Fungi","floor":25,"turns":5},{"damage":18,"enemies":"Snecko","floor":27,"turns":4},{"damage":5,"enemies":"Cultist and Chosen","floor":28,"turns":4},{"damage":57,"enemies":"Gremlin Leader","floor":29,"turns":7},{"damage":34,"enemies":"Slavers","floor":31,"turns":6},{"damage":85,"enemies":"Champ","floor":33,"turns":13}],"seed_played":"-2592757332777729162","potions_obtained":[{"floor":2.0,"key":"PowerPotion"},{"floor":5.0,"key":"BlessingOfTheForge"},{"floor":6,"key":"Ancient Potion"},{"floor":7,"key":"SpeedPotion"},{"floor":10,"key":"SkillPotion"},{"floor":14,"key":"SteroidPotion"},{"floor":22,"key":"AttackPotion"},{"floor":22,"key":"AttackPotion"},{"floor":25,"key":"DistilledChaos"},{"floor":28,"key":"Block Potion"},{"floor":29,"key":"LiquidMemories"}],"is_trial":false,"path_per_floor":["M","?","M","M","M","E","M","E","T","E","M","R","?","M","R","B",null,"M","?","?","?","M","E","R","M","T","M","M","E","R","E","R","B"],"character_chosen":"IRONCLAD","items_purchased":["Meat on the Bone","Eternal Feather","Thunderclap"],"campfire_rested":1,"item_purchase_floors":[0,0,0],"current_hp_per_floor":[66,66,62,68,64,49,58,56,56,47,58,67,67,80,80,49,72,58,58,43,43,52,80,85,58,58,63,85,51,85,60,72,0,0],"gold":1074,"neow_bonus":"","is_daily":false,"chose_seed":false,"campfire_upgraded":3,"win_rate":0.0,"timestamp":1612995959,"path_taken":["M","?","?","M","M","E","M","E","T","E","M","R","?","M","R","BOSS","M","?","?","?","M","E","R","M","T","M","M","E","R","E","R","BOSS"],"items_purchased_type":["Relic","Relic","Card"],"build_version":"2020-12-22","purchased_purges":0,"victory":false,"max_hp_per_floor":[80,80,80,80,80,80,80,80,80,80,80,80,80,80,80,80,80,80,80,85,85,85,85,85,85,85,85,85,85,85,85,85,85,85],"card_choices":[{"not_picked":["Sword Boomerang","Cleave"],"picked":"Metallicize","floor":1.0},{"not_picked":["Clash","Power Through"],"picked":"Heavy Blade","floor":3.0},{"not_picked":["Anger","Pommel Strike"],"picked":"Sword Boomerang","floor":4.0},{"not_picked":["Perfected Strike","Body Slam","Blood for Blood"],"picked":"SKIP","floor":5.0},{"not_picked":["Carnage","Spot Weakness"],"picked":"Reaper","floor":6},{"not_picked":["Blood for Blood","Body Slam"],"picked":"Twin Strike","floor":7},{"not_picked":["Pommel Strike","Infernal Blade","Thunderclap"],"picked":"SKIP","floor":8},{"not_picked":["Sentinel","Battle Trance","Whirlwind"],"picked":"SKIP","floor":10},{"not_picked":["Heavy Blade","Reckless Charge"],"picked":"Metallicize","floor":11},{"not_picked":["Ghostly Armor","Wild Strike"],"picked":"Cleave","floor":14},{"not_picked":["Barricade","Brutality"],"picked":"Double Tap","floor":16},{"not_picked":[],"picked":"Sword Boomerang","floor":18},{"not_picked":["True Grit"],"picked":"SKIP","floor":22},{"not_picked":["Brutality"],"picked":"SKIP","floor":23},{"not_picked":["Perfected Strike"],"picked":"SKIP","floor":25},{"not_picked":["Perfected Strike"],"picked":"SKIP","floor":27},{"not_picked":[],"picked":"Armaments","floor":28},{"not_picked":[],"picked":"Flame Barrier","floor":29},{"not_picked":["Sentinel"],"picked":"SKIP","floor":31}],"player_experience":1351205,"relics_obtained":[{"floor":6,"key":"Omamori"},{"floor":8,"key":"Anchor"},{"floor":10,"key":"Toy Ornithopter"},{"floor":23,"key":"Kunai"},{"floor":26,"key":"Old Coin"},{"floor":29,"key":"Ornamental Fan"},{"floor":31,"key":"Question Card"}],"event_choices":[{"damage_healed":0.0,"max_hp_gain":0.0,"max_hp_loss":0.0,"gold_gain":0.0,"event_name":"The Woman in Blue","player_choice":"Bought 1 Potion","floor":2.0,"gold_loss":0.0,"damage_taken":0.0},{"damage_healed":0,"gold_gain":175,"player_choice":"AGREE","damage_taken":0,"max_hp_gain":0,"max_hp_loss":0,"event_name":"Liars Game","floor":13,"gold_loss":0,"cards_obtained":["Doubt"]},{"damage_healed":0,"gold_gain":0,"player_choice":"Inject Mutagens","damage_taken":0,"relics_obtained":["MutagenicStrength"],"max_hp_gain":0,"max_hp_loss":0,"event_name":"Drug Dealer","floor":19,"gold_loss":0},{"damage_healed":0,"gold_gain":0,"player_choice":"Shed Blood","damage_taken":20,"max_hp_gain":5,"max_hp_loss":0,"event_name":"Forgotten Altar","floor":20,"gold_loss":0},{"damage_healed":0,"gold_gain":0,"player_choice":"Simplicity","damage_taken":0,"max_hp_gain":0,"max_hp_loss":0,"event_name":"Back to Basics","floor":21,"gold_loss":0,"cards_upgraded":["Strike_R","Strike_R","Strike_R","Strike_R","Strike_R","Defend_R","Defend_R","Defend_R","Defend_R"]}],"is_beta":false,"boss_relics":[{"not_picked":["Fusion Hammer","Ectoplasm"],"picked":"Busted Crown"}],"items_purged_floors":[],"is_endless":false,"potions_floor_spawned":[5,6,7,10,14,22,25,28,29],"killed_by":"Champ","ascension_level":6}}