{"host":"ydh61a5ftgdajrbo","time":1612933722,"event":{"mods":["BaseMod","Colored Map","Colored Powertips","DeckTracker","Downfall","HololiveMod","Minty Spire (QoL Compilation)","Prisma Mod","Relic Stats","Replay The Spire","Spire Arcade","StSLib","The Cursed","The Jungle","The Mystic","The Runesmith","The Servant 0.9.4","WarShipGirlsR/??¤Ö¤kR mod"],"gold_per_floor":[112,123,198,52,65,65,99,99,99,99,109,124,124,141,141,242,242,258,258,274,364,381,381,381,381],"floor_reached":24,"language":"ZHS","playtime":986,"items_purged":[],"score":360,"play_id":"517f52fb-8123-4827-9c1b-bc6f65c3a8f8","local_time":"20210210130842","is_ascension_mode":true,"campfire_choices":[{"data":"Eruption","floor":6.0,"key":"SMITH"},{"data":"LessonLearned","floor":8.0,"key":"SMITH"},{"floor":10.0,"key":"REST"},{"data":"BattleHymn","floor":15.0,"key":"SMITH"},{"floor":23,"key":"REST"}],"circlet_count":0,"master_deck":["Defend_P+1","Defend_P","Defend_P","Defend_P","Eruption+1","Vigilance","CurseOfTheBell","SashWhip+1","Protect","LessonLearned+1","Establishment+1","FlyingSleeves","SashWhip+1","BattleHymn+1","DeusExMachina","JustLucky","Brilliance","FollowUp+1","Slimebound:Tackle+1","Slimebound:Tackle+1","Slimebound:Tackle+1","Consecrate","Alpha"],"relics":["Calling Bell","Strawberry","Sundial","Thread and Needle","Quantum Egg","Blue Doll","VioletLotus"],"acts_visited":["Exordium","TheCity"],"potions_floor_usage":[],"damage_taken":[{"damage":0.0,"enemies":"Jaw Worm","floor":1.0,"turns":3.0},{"damage":1.0,"enemies":"Cultist","floor":2.0,"turns":4.0},{"damage":0.0,"enemies":"Small Slimes","floor":5.0,"turns":3.0},{"damage":46.0,"enemies":"3 Sentries","floor":7.0,"turns":15.0},{"damage":1.0,"enemies":"Gremlin Gang","floor":11.0,"turns":3.0},{"damage":0.0,"enemies":"Large Slime","floor":12.0,"turns":3.0},{"damage":2.0,"enemies":"2 Fungi Beasts","floor":14.0,"turns":6.0},{"damage":0.0,"enemies":"Slime Boss","floor":16.0,"turns":3.0},{"damage":23.0,"enemies":"2 Thieves","floor":18.0,"turns":4.0},{"damage":7,"enemies":"3 Byrds","floor":20,"turns":4},{"damage":17,"enemies":"Centurion and Healer","floor":22,"turns":4},{"damage":0,"enemies":"Chosen and Byrds","floor":24,"turns":1}],"seed_played":"-4949453129277598638","potions_obtained":[{"floor":5.0,"key":"Regen Potion"},{"floor":7.0,"key":"Energy Potion"},{"floor":11.0,"key":"Energy Potion"},{"floor":14.0,"key":"Elixir"},{"floor":20,"key":"Reflective Coating"}],"is_trial":false,"path_per_floor":["M","M","?","$","M","R","E","R","T","R","M","M","?","M","R","B",null,"M","?","M","?","M","R","M"],"character_chosen":"WATCHER","items_purchased":["LessonLearned"],"campfire_rested":2,"item_purchase_floors":[4],"current_hp_per_floor":[72,71,60,60,60,60,29,29,29,52,51,51,51,49,49,49,72,49,49,42,30,13,36,36,36],"gold":381,"neow_bonus":"BOSS_RELIC","is_daily":false,"chose_seed":false,"campfire_upgraded":3,"win_rate":0.0,"timestamp":1612933722,"path_taken":["M","M","?","?","M","R","E","R","T","R","M","M","?","?","R","BOSS","M","?","M","?","M","R","?"],"items_purchased_type":["Card"],"build_version":"2020-12-22","purchased_purges":0,"victory":false,"max_hp_per_floor":[79,79,79,79,79,79,79,79,79,79,79,79,79,79,79,79,79,79,79,79,79,79,79,79,79],"relic_stats":{"counters":[12,53],"Sundial":[4],"VioletLotus":[1],"obtain_stats":[{"Calling Bell":0,"Sundial":0,"Strawberry":0,"Quantum Egg":7,"Thread and Needle":0,"Blue Doll":9,"VioletLotus":17,"PureWater":0},{"Calling Bell":0,"Sundial":0,"Strawberry":0,"Quantum Egg":4,"Thread and Needle":0,"Blue Doll":4,"VioletLotus":8,"PureWater":0},{"Calling Bell":0,"Sundial":0,"Strawberry":0,"Quantum Egg":25,"Thread and Needle":0,"Blue Doll":25,"VioletLotus":40,"PureWater":0}]},"card_choices":[{"not_picked":["Replay:ManipulateFuture","PathToVictory"],"picked":"SashWhip","floor":1.0},{"not_picked":["ThirdEye","Replay:AtTheReady"],"picked":"Protect","floor":2.0},{"not_picked":["Halt","Vengeance"],"picked":"Establishment","floor":5.0},{"not_picked":["Replay:AtTheReady","EmptyFist"],"picked":"FlyingSleeves","floor":7.0},{"not_picked":["InnerPeace","ClearTheMind"],"picked":"SashWhip","floor":11.0},{"not_picked":["DeceiveReality","Replay:Anticipation"],"picked":"BattleHymn","floor":12.0},{"not_picked":["MentalFortress","Worship"],"picked":"JustLucky","floor":14.0},{"not_picked":["Vault","Replay:AllIn"],"picked":"Brilliance","floor":16.0},{"not_picked":["CarveReality","ThirdEye"],"picked":"FollowUp+1","floor":18.0},{"not_picked":["Perseverance","Halt+1"],"picked":"Consecrate","floor":20},{"not_picked":["Weave","Consecrate"],"picked":"Alpha","floor":22}],"player_experience":376553,"relics_obtained":[{"floor":0.0,"key":"Strawberry"},{"floor":0.0,"key":"Sundial"},{"floor":0.0,"key":"Thread and Needle"},{"floor":7.0,"key":"Quantum Egg"},{"floor":9.0,"key":"Blue Doll"}],"event_choices":[{"damage_healed":0.0,"max_hp_gain":0.0,"max_hp_loss":0.0,"gold_gain":75.0,"event_name":"World of Goop","player_choice":"Gather Gold","floor":3.0,"gold_loss":0.0,"damage_taken":11.0},{"damage_healed":0.0,"max_hp_gain":0.0,"max_hp_loss":0.0,"gold_gain":0.0,"cards_transformed":["Strike_P"],"event_name":"Transmorgrifier","player_choice":"Transformed","floor":13.0,"gold_loss":0.0,"damage_taken":0.0,"cards_obtained":["DeusExMachina"]},{"damage_healed":0,"gold_gain":90,"player_choice":"GOLD ","damage_taken":12,"max_hp_gain":0,"max_hp_loss":0,"event_name":"Knowing Skull","floor":21,"potions_obtained":[],"gold_loss":0,"cards_obtained":[]}],"is_beta":false,"boss_relics":[{"not_picked":["SlaversCollar","Runic Pyramid"],"picked":"VioletLotus"}],"items_purged_floors":[],"is_endless":false,"potions_floor_spawned":[5,7,11,14,20],"killed_by":"Chosen and Byrds","ascension_level":9}}