{"host":"4kmvpqjeiacgn1pr","time":1612979254,"event":{"mods":["A Penny For Your Troubles","AchievementEnabler","AlwaysNeverKeys","Aspiration","BaseMod","Bestiary","Better Altar","Better Match","Better Note","Better Sensory Stone","Better Skull","Better Third Choice","Better Vampires","BetterRewards","Colored Map","Colored Powertips","Conspire","Curses Come First","Downfall","Halation","Highlight Path","Infinite Spire","Minty Spire (QoL Compilation)","Permanent Neow","Quick Restart","Rare Cards Sparkle","Relic Sorter","Relic Stats","Replay The Spire","Reworked Bosses","Shop Mod","Smile Girya","Spicy Shops","Spikes Relics","StSLib","Waifu the Spire"],"gold_per_floor":[115,130,305,305,305,305,316,347,373,396,396,424,45,60,60,61,61],"floor_reached":16,"language":"ENG","playtime":1041,"items_purged":["Doubt"],"score":153,"play_id":"b39708de-8aa2-4c01-a5ef-97802cdc0baa","local_time":"20210210124734","is_ascension_mode":true,"campfire_choices":[],"circlet_count":0,"master_deck":["AscendersBane","Strike_G","Strike_G","Strike_G","Strike_G","Defend_G","Defend_G","Defend_G","Defend_G","Defend_G","Survivor","Neutralize","infinitespire:Neurotoxin","Masterful Stab","Infinite Blades","ReplayTheSpireMod:Necrosis","Sucker Punch","Flying Knee","Deadly Poison","Noxious Fumes","Dagger Spray"],"relics":["halation:IllGainedPizza","Sizzling Blood","aspiration:ArtOfWarUpgrade","Gambling Chip","PreservedInsect","TungstenRod"],"acts_visited":["Exordium"],"potions_floor_usage":[12,16],"damage_taken":[{"damage":1,"enemies":"2 Louse","floor":1,"turns":4},{"damage":12,"enemies":"Small Slimes","floor":2,"turns":5},{"damage":0,"enemies":"Cultist","floor":7,"turns":3},{"damage":16,"enemies":"Lots of Slimes","floor":8,"turns":7},{"damage":20,"enemies":"Large Slime","floor":10,"turns":6},{"damage":28,"enemies":"Gremlin Nob","floor":12,"turns":5},{"damage":0,"enemies":"Looter","floor":14,"turns":3},{"damage":17,"enemies":"The Guardian","floor":16,"turns":2}],"seed_played":"-4596138407700502213","potions_obtained":[{"floor":10,"key":"SteroidPotion"},{"floor":14,"key":"Toxic Potion"}],"is_trial":false,"path_per_floor":["M","M","?","?","?","?","M","M","T","M","R","E","$","M","R","B"],"character_chosen":"THE_SILENT","items_purchased":["PreservedInsect","TungstenRod"],"campfire_rested":0,"item_purchase_floors":[13,13],"current_hp_per_floor":[62,50,50,50,54,54,58,46,46,30,30,6,6,10,10,0,0],"gold":61,"neow_bonus":"THREE_RARE_CARDS","is_daily":false,"chose_seed":false,"campfire_upgraded":0,"win_rate":0.0,"timestamp":1612979254,"path_taken":["M","M","?","?","?","?","?","M","T","?","R","E","$","M","R","BOSS"],"items_purchased_type":["Relic","Relic"],"build_version":"2020-12-22","purchased_purges":1,"victory":false,"max_hp_per_floor":[63,63,63,63,67,67,67,67,67,67,67,67,67,67,67,67,67],"relic_stats":{"counters":[8,35],"Gambling Chip":[4],"PreservedInsect":0,"obtain_stats":[{"Gambling Chip":12,"halation:IllGainedPizza":4,"aspiration:ArtOfWarUpgrade":15,"PreservedInsect":13,"Sizzling Blood":5,"Art of War":9,"TungstenRod":13,"Ring of the Snake":0},{"Gambling Chip":6,"halation:IllGainedPizza":2,"aspiration:ArtOfWarUpgrade":7,"PreservedInsect":6,"Sizzling Blood":2,"Art of War":4,"TungstenRod":6,"Ring of the Snake":0},{"Gambling Chip":30,"halation:IllGainedPizza":9,"aspiration:ArtOfWarUpgrade":33,"PreservedInsect":30,"Sizzling Blood":9,"Art of War":19,"TungstenRod":30,"Ring of the Snake":0}],"TungstenRod":1},"card_choices":[{"not_picked":["Adrenaline","Burst"],"picked":"infinitespire:Neurotoxin","floor":0},{"not_picked":["Footwork","Pace"],"picked":"Masterful Stab","floor":1},{"not_picked":["Dodge and Roll","Blade Dance"],"picked":"Infinite Blades","floor":2},{"not_picked":["ShadowRift","Pace"],"picked":"Sucker Punch","floor":7},{"not_picked":["Outmaneuver","Dagger Throw"],"picked":"Flying Knee","floor":8},{"not_picked":["Backflip","PiercingWail"],"picked":"Deadly Poison","floor":10},{"not_picked":["Quick Slash","Hidden Blade"],"picked":"Noxious Fumes","floor":12},{"not_picked":["Noxious Fumes","ReplayTheSpireMod:Scrap Shanks"],"picked":"Dagger Spray","floor":14}],"player_experience":460346,"relics_obtained":[{"floor":4,"key":"halation:IllGainedPizza"},{"floor":9,"key":"Art of War"},{"floor":12,"key":"Gambling Chip"}],"event_choices":[{"damage_healed":0,"gold_gain":175,"player_choice":"AGREE","damage_taken":130,"max_hp_gain":0,"max_hp_loss":0,"event_name":"betterThird:BetterSerpent","floor":3,"gold_loss":0},{"damage_healed":0,"gold_gain":0,"cards_transformed":["Strike_G"],"player_choice":"Transformed","damage_taken":0,"max_hp_gain":0,"max_hp_loss":0,"event_name":"Transmorgrifier","floor":6,"gold_loss":0,"cards_obtained":["ReplayTheSpireMod:Necrosis"]}],"is_beta":false,"boss_relics":[],"items_purged_floors":[13],"is_endless":false,"potions_floor_spawned":[10,14],"killed_by":"The Guardian","ascension_level":10}}