{"host":"rs1c3lkx7vj3kohb","time":1612952537,"event":{"mods":["Act Like it!","BaseMod","BetterRewards","Chen","Colored Map","Colored Powertips","Downfall","Friendly Minions","Gensokyo","Gremlin Mod","Hermit","Hero for Fun","KinomotoSakuraMod(木之本樱)","Koishi","KomeijiMod","Luminous","Marisa（F雨　魔理沙）","Minty Spire (QoL Compilation)","Onozuka Komachi Mod","Prisma Mod","Quick Restart","Reimu（博丽灵梦）","Remilia（蕾米莉亚）","SOS（斯巴达之子）","Shop Mod","StSLib","The Administrix","The Alterego","The Cursed","The Senshi","The Servant 0.9.4","Waifu the Spire","WarShipGirlsR/战舰少女R mod","Yakumo Yukari mod","Yohane!","Youmu（魂魄妖梦）","Yuri Mod","Yuyuko"],"gold_per_floor":[116,116,38,50,60,85,85,120,172,172,187,201,201,218,218,322,322,334,345,364,71,71,71,106,106,158,168,168,200,220,235,235,336,336,348,348,52,0,19,54,65,65,141,141,141,160,189,209,209,209,209,209,37,70,70],"floor_reached":56,"language":"ZHS","playtime":5263,"items_purged":["rmod:defend","Parasite"],"score":1284,"play_id":"63c776a3-fa9f-43e4-b84b-ea105e927903","local_time":"20210210182217","is_ascension_mode":false,"campfire_choices":[{"data":"rmod:openingtorpedo","floor":7.0,"key":"SMITH"},{"data":"rmod:chargemoney","floor":10.0,"key":"SMITH"},{"data":"rmod:expedition","floor":13.0,"key":"SMITH"},{"data":"rmod:expedition+1","floor":15.0,"key":"SMITH"},{"data":"rmod:ridicule","floor":23.0,"key":"SMITH"},{"floor":32.0,"key":"REST"},{"data":"rmod:mineteam","floor":42.0,"key":"SMITH"},{"floor":45,"key":"RECALL"},{"data":"rmod:rockthrower","floor":49,"key":"SMITH"},{"data":"rmod:aviationdawn","floor":52,"key":"SMITH"}],"circlet_count":0,"master_deck":["rmod:basicallowance+1","rmod:maingunfire+1","rmod:openingtorpedo+1","rmod:expedition+3","rmod:unsinkable+1","rmod:chargemoney+1","rmod:luckystar+1","rmod:ridicule+1","rmod:wife+1","rmod:wolves+1","rmod:abidefaith+1","rmod:desperatesituation+1","rmod:firesupport+1","rmod:bulid+1","rmod:fuelsupply+1","rmod:ammunitionsupply+1","rmod:ammunitionsupply+1","rmod:maintain+1","rmod:maintain+1","rmod:luckystar+1","rmod:mineteam+1","rmod:selfconfidence+1","rmod:supportaircraftcarrier+1","rmod:rockthrower+1","rmod:aviationdawn+1","rmod:timeschanged"],"relics":["rmod:firstchargereward","Torii","Orichalcum","rmod:quickrepair","Darkstone Periapt","rmod:extraamm","Potion Belt","Pandora\u0027s Box","Bird Faced Urn","Pear","Bronze Scales","Philosopher\u0027s Stone","Mummified Hand","Red Mask","PreservedInsect","HornCleat","Gambling Chip","Ancient Tea Set","Bag of Marbles"],"acts_visited":["Exordium","TheCity","TheBeyond","TheEnding"],"potions_floor_usage":[54,55,55],"damage_taken":[{"damage":0.0,"enemies":"Small Slimes","floor":1.0,"turns":2.0},{"damage":0.0,"enemies":"Cultist","floor":4.0,"turns":2.0},{"damage":0.0,"enemies":"Jaw Worm","floor":5.0,"turns":3.0},{"damage":1.0,"enemies":"Lagavulin","floor":6.0,"turns":7.0},{"damage":4.0,"enemies":"3 Sentries","floor":8.0,"turns":8.0},{"damage":2.0,"enemies":"Large Slime","floor":11.0,"turns":5.0},{"damage":1.0,"enemies":"Exordium Thugs","floor":12.0,"turns":4.0},{"damage":0.0,"enemies":"2 Fungi Beasts","floor":14.0,"turns":3.0},{"damage":5.0,"enemies":"Hexaghost","floor":16.0,"turns":7.0},{"damage":13.0,"enemies":"2 Thieves","floor":18.0,"turns":4.0},{"damage":0.0,"enemies":"Spheric Guardian","floor":19.0,"turns":2.0},{"damage":23.0,"enemies":"Cultist and Chosen","floor":20.0,"turns":7.0},{"damage":0.0,"enemies":"Gremlin Leader","floor":24.0,"turns":4.0},{"damage":8.0,"enemies":"Chosen and Byrds","floor":27.0,"turns":4.0},{"damage":10.0,"enemies":"Book of Stabbing","floor":29.0,"turns":5.0},{"damage":30.0,"enemies":"Snake Plant","floor":30.0,"turns":3.0},{"damage":6.0,"enemies":"Centurion and Healer","floor":31.0,"turns":3.0},{"damage":12.0,"enemies":"Champ","floor":33.0,"turns":7.0},{"damage":0.0,"enemies":"Orb Walker","floor":35.0,"turns":2.0},{"damage":81.0,"enemies":"Orb Walker","floor":36.0,"turns":24.0},{"damage":1.0,"enemies":"3 Darklings","floor":39.0,"turns":4.0},{"damage":8.0,"enemies":"Reptomancer","floor":40.0,"turns":4.0},{"damage":0.0,"enemies":"Writhing Mass","floor":41.0,"turns":2.0},{"damage":3,"enemies":"Sphere and 2 Shapes","floor":46,"turns":3},{"damage":17,"enemies":"Giant Head","floor":47,"turns":4},{"damage":15,"enemies":"4 Shapes","floor":48,"turns":2},{"damage":26,"enemies":"Donu and Deca","floor":50,"turns":4},{"damage":0,"enemies":"Shield and Spear","floor":54,"turns":2},{"damage":90,"enemies":"The Heart","floor":55,"turns":7}],"seed_played":"2821754526026754776","potions_obtained":[{"floor":1.0,"key":"Fire Potion"},{"floor":2.0,"key":"Weak Potion"},{"floor":2.0,"key":"JyouchiReiPotion"},{"floor":11.0,"key":"Fire Potion"},{"floor":16.0,"key":"SneckoOil"},{"floor":24.0,"key":"BlessingOfTheForge"},{"floor":29.0,"key":"DuplicationPotion"},{"floor":31.0,"key":"Energy Potion"},{"floor":33.0,"key":"Strength Potion"},{"floor":40.0,"key":"Weak Potion"},{"floor":41.0,"key":"Explosive Potion"},{"floor":47,"key":"bronze:BurnAndBuffPotion"},{"floor":48,"key":"LiquidMemories"},{"floor":54,"key":"Fire Potion"}],"is_trial":false,"path_per_floor":["M","?","$","M","M","E","R","E","T","R","M","M","R","M","R","B",null,"M","M","M","$","?","R","E","?","T","M","?","E","M","M","R","B",null,"M","?","$","?","M","E","M","R","T","?","R","M","E","M","R","B",null,"R","$","E","B",null],"character_chosen":"PRAEFECT","items_purchased":["Orichalcum","rmod:openingtorpedo","rmod:expedition","rmod:quickrepair","rmod:unsinkable","rmod:chargemoney","Bird Faced Urn","Mummified Hand","rmod:mineteam","rmod:timeschanged"],"campfire_rested":1,"item_purchase_floors":[0,0,0,0,0,3,21,37,37,53],"current_hp_per_floor":[40,40,40,40,40,39,39,35,35,35,33,32,32,32,32,27,75,62,62,39,39,39,39,55,39,39,39,39,33,5,5,32,30,90,90,90,90,90,90,84,96,96,96,96,96,96,83,74,74,60,96,96,93,93,13],"gold":70,"neow_bonus":"","is_daily":false,"chose_seed":false,"campfire_upgraded":8,"win_rate":0.0,"timestamp":1612952537,"path_taken":["M","?","?","M","M","E","R","E","T","R","M","M","R","M","R","BOSS","M","M","?","$","?","R","E","?","T","M","?","E","M","M","R","BOSS","M","?","$","?","M","E","M","R","T","?","R","M","E","?","R","BOSS","R","$","E","BOSS"],"items_purchased_type":["Relic","Card","Card","Relic","Card","Card","Relic","Relic","Card","Card"],"build_version":"2020-12-22","purchased_purges":2,"victory":true,"max_hp_per_floor":[75,75,75,75,75,75,75,75,75,75,75,75,75,75,75,75,75,75,75,75,75,75,75,85,90,90,90,90,90,90,90,90,90,90,90,90,90,90,90,90,96,96,96,96,96,96,96,96,96,96,96,96,93,93,93],"card_choices":[{"not_picked":["rmod:aluminumsupply","rmod:robin","rmod:capitalist"],"picked":"SKIP","floor":1.0},{"not_picked":["rmod:steelsupply","rmod:lonelyqueen","rmod:tearstotiara"],"picked":"SKIP","floor":4.0},{"not_picked":["rmod:aluminumsupply","rmod:diamondstrike","rmod:firesupport"],"picked":"SKIP","floor":5.0},{"not_picked":["rmod:garrisonisland","rmod:victimresponsibility","rmod:aggressivemary"],"picked":"SKIP","floor":6.0},{"not_picked":["rmod:supportescort","rmod:combined","rmod:garrisonisland"],"picked":"SKIP","floor":8.0},{"not_picked":["rmod:expedition","rmod:generalist","rmod:luckystar"],"picked":"SKIP","floor":11.0},{"not_picked":["rmod:combined","rmod:lonelyqueen"],"picked":"rmod:luckystar","floor":12.0},{"not_picked":["rmod:tearstotiara","rmod:victimresponsibility","rmod:overbreakdown"],"picked":"SKIP","floor":14.0},{"not_picked":["rmod:fletcher","rmod:windflower"],"picked":"rmod:ridicule","floor":16.0},{"not_picked":["rmod:unsinkable","rmod:aggressivemary"],"picked":"rmod:fuelsupply","floor":18.0},{"not_picked":["rmod:overbreakdown","rmod:luckystar"],"picked":"rmod:ammunitionsupply","floor":19.0},{"not_picked":["rmod:aluminumsupply","rmod:diamondstrike","rmod:combined"],"picked":"SKIP","floor":20.0},{"not_picked":["rmod:diaomin","rmod:unsinkable"],"picked":"rmod:ammunitionsupply","floor":24.0},{"not_picked":["rmod:combined","rmod:victimresponsibility","rmod:expedition"],"picked":"SKIP","floor":27.0},{"not_picked":["rmod:desperatesituation","rmod:diamondstrike","rmod:steelsupply"],"picked":"SKIP","floor":29.0},{"not_picked":["rmod:openingtorpedo+1","rmod:circuitoustactics"],"picked":"rmod:maintain+1","floor":30.0},{"not_picked":["rmod:royalracing","rmod:selfconfidence"],"picked":"rmod:maintain","floor":31.0},{"not_picked":["rmod:fletcherpendant+1","rmod:generalist+1","rmod:victimresponsibility+1"],"picked":"SKIP","floor":35.0},{"not_picked":["rmod:diamondstrike+1","rmod:circuitoustactics+1"],"picked":"rmod:luckystar+1","floor":36.0},{"not_picked":["rmod:aluminumsupply+1","rmod:combined","rmod:ammunitionsupply+1"],"picked":"SKIP","floor":39.0},{"not_picked":["rmod:circuitoustactics","rmod:diamondstrike","rmod:aluminumsupply"],"picked":"SKIP","floor":40.0},{"not_picked":["rmod:victimresponsibility+1","rmod:tearstotiara+1"],"picked":"rmod:selfconfidence+1","floor":41.0},{"not_picked":["rmod:supportescort+1","rmod:overbreakdown+1"],"picked":"rmod:supportaircraftcarrier+1","floor":46},{"not_picked":["rmod:ammunitionsupply","rmod:victimresponsibility+1"],"picked":"rmod:rockthrower","floor":47},{"not_picked":["rmod:supportescort","rmod:garrisonisland"],"picked":"rmod:aviationdawn","floor":48},{"not_picked":["rmod:gendarmerie","rmod:firesupport","rmod:luckystar"],"picked":"SKIP","floor":54}],"player_experience":450570,"relics_obtained":[{"floor":6.0,"key":"Darkstone Periapt"},{"floor":8.0,"key":"rmod:extraamm"},{"floor":9.0,"key":"Potion Belt"},{"floor":24.0,"key":"Pear"},{"floor":29.0,"key":"Bronze Scales"},{"floor":40.0,"key":"PreservedInsect"},{"floor":43.0,"key":"HornCleat"},{"floor":47,"key":"Ancient Tea Set"},{"floor":54,"key":"Bag of Marbles"}],"event_choices":[{"damage_healed":0.0,"max_hp_gain":0.0,"max_hp_loss":0.0,"gold_gain":0.0,"event_name":"Lab","player_choice":"Got Potions","floor":2.0,"gold_loss":0.0,"damage_taken":0.0},{"damage_healed":0.0,"max_hp_gain":0.0,"max_hp_loss":0.0,"gold_gain":0.0,"event_name":"Vampires","player_choice":"Ignored","floor":22.0,"gold_loss":0.0,"damage_taken":0.0},{"damage_healed":0.0,"max_hp_gain":5.0,"max_hp_loss":0.0,"gold_gain":0.0,"event_name":"Forgotten Altar","player_choice":"Shed Blood","floor":25.0,"gold_loss":0.0,"damage_taken":21.0},{"cards_removed":["rmod:lastglory"],"damage_healed":0.0,"max_hp_gain":0.0,"max_hp_loss":0.0,"gold_gain":0.0,"event_name":"Purifier","player_choice":"Purged","floor":28.0,"gold_loss":0.0,"damage_taken":0.0},{"damage_healed":0.0,"max_hp_gain":0.0,"max_hp_loss":0.0,"gold_gain":0.0,"event_name":"Tomb of Lord Red Mask","player_choice":"Paid","floor":38.0,"gold_loss":52.0,"damage_taken":0.0,"relics_obtained":["Red Mask"]},{"damage_healed":0,"gold_gain":0,"player_choice":"Gave Potion","damage_taken":0,"relics_obtained":["Gambling Chip"],"max_hp_gain":0,"max_hp_loss":0,"event_name":"WeMeetAgain","floor":44,"gold_loss":0}],"is_beta":false,"boss_relics":[{"not_picked":["Snecko Eye","Empty Cage"],"picked":"Pandora\u0027s Box"},{"not_picked":["Calling Bell","rmod:monthlycard"],"picked":"Philosopher\u0027s Stone"}],"items_purged_floors":[0,53],"is_endless":false,"potions_floor_spawned":[1,5,8,11,16,24,29,31,33,40,41,47,48,54],"ascension_level":0}}