{"host":"djoj10dqzzvtkauc","time":1612989914,"event":{"mods":["2.2 Compatiblity","BaseMod","Colored Map","DeckTracker","Highlight Path","Keyboard Shortcuts","Marisa£¨Ùöéë¡¡Øª×âÞÞ£©","Minty Spire (QoL Compilation)","Permanent Neow","Quick Restart","Random Character Button","StSLib","SuperFastMode","everything is the same but u backflip on backflip"],"gold_per_floor":[115,39,52,72,90,122,122,142,142,162,192,203,213,226,226,303,303,322,334,334,334,344,344,379,396,443,443,54,54,73,83,83,83,83],"floor_reached":33,"language":"KOR","playtime":1301,"items_purged":["Strike_G"],"score":495,"play_id":"a26d87fc-e87e-4fc0-8d6e-8b99821f5b7a","local_time":"20210211054514","is_ascension_mode":true,"campfire_choices":[{"floor":7.0,"key":"REST"},{"floor":15.0,"key":"REST"},{"data":"Wraith Form v2","floor":23.0,"key":"SMITH"},{"floor":32,"key":"REST"}],"circlet_count":0,"master_deck":["AscendersBane","Strike_G","Strike_G","Strike_G","Defend_G","Defend_G","Defend_G","Defend_G","Survivor","Neutralize","Crippling Poison","Poisoned Stab","PiercingWail","Glass Knife","Dagger Throw","Wraith Form v2+1","Escape Plan","Leg Sweep","Underhanded Strike","Acrobatics","Footwork","Dodge and Roll","Cloak And Dagger","Slice","Burst","Backflip","Blade Dance","RitualDagger","Backstab","Blur","Accuracy","Cloak And Dagger","Masterful Stab","Endless Agony","Envenom","PiercingWail"],"relics":["Ring of the Snake","Du-Vu Doll","Eternal Feather","Kunai","HoveringKite","Pear","Anchor","Vajra"],"acts_visited":["Exordium","TheCity"],"potions_floor_usage":[31,33],"damage_taken":[{"damage":3.0,"enemies":"2 Louse","floor":1.0,"turns":3.0},{"damage":4.0,"enemies":"Small Slimes","floor":3.0,"turns":3.0},{"damage":0.0,"enemies":"Cultist","floor":4.0,"turns":3.0},{"damage":3.0,"enemies":"3 Louse","floor":5.0,"turns":4.0},{"damage":14.0,"enemies":"Gremlin Nob","floor":6.0,"turns":5.0},{"damage":1.0,"enemies":"Blue Slaver","floor":8.0,"turns":3.0},{"damage":7.0,"enemies":"Gremlin Gang","floor":10.0,"turns":4.0},{"damage":7.0,"enemies":"Lagavulin","floor":11.0,"turns":9.0},{"damage":0.0,"enemies":"Looter","floor":12.0,"turns":3.0},{"damage":1.0,"enemies":"Large Slime","floor":13.0,"turns":5.0},{"damage":0.0,"enemies":"Blue Slaver","floor":14.0,"turns":3.0},{"damage":12.0,"enemies":"The Guardian","floor":16.0,"turns":15.0},{"damage":1.0,"enemies":"3 Byrds","floor":18.0,"turns":6.0},{"damage":14.0,"enemies":"Spheric Guardian","floor":19.0,"turns":10.0},{"damage":24.0,"enemies":"Cultist and Chosen","floor":22.0,"turns":8.0},{"damage":31.0,"enemies":"Slavers","floor":24.0,"turns":6.0},{"damage":1.0,"enemies":"Centurion and Healer","floor":25.0,"turns":7.0},{"damage":6.0,"enemies":"Snake Plant","floor":30.0,"turns":6.0},{"damage":1,"enemies":"Shelled Parasite and Fungi","floor":31,"turns":4},{"damage":55,"enemies":"Champ","floor":33,"turns":17}],"seed_played":"2988129609418067893","potions_obtained":[{"floor":3.0,"key":"Swift Potion"},{"floor":10.0,"key":"Energy Potion"},{"floor":11.0,"key":"SpeedPotion"},{"floor":13.0,"key":"Block Potion"},{"floor":14.0,"key":"Strength Potion"},{"floor":18.0,"key":"SteroidPotion"},{"floor":30.0,"key":"DuplicationPotion"},{"floor":31,"key":"Swift Potion"}],"is_trial":false,"path_per_floor":["M","$","M","M","M","E","R","M","T","M","E","M","M","M","R","B",null,"M","M","?","?","M","R","E","M","T","?","$","?","M","M","R","B"],"character_chosen":"THE_SILENT","items_purchased":["Glass Knife","Accuracy","Cloak And Dagger","Masterful Stab","Vajra"],"campfire_rested":3,"item_purchase_floors":[2,28,28,28,28],"current_hp_per_floor":[42,42,38,38,35,21,42,41,41,34,27,27,26,26,62,50,65,64,50,50,44,20,38,17,16,16,16,16,16,10,9,54,0,0],"gold":83,"neow_bonus":"TRANSFORM_TWO_CARDS","is_daily":false,"chose_seed":false,"campfire_upgraded":1,"win_rate":0.0,"timestamp":1612989914,"path_taken":["M","$","M","M","M","E","R","M","T","M","E","M","M","M","R","BOSS","M","M","?","?","M","R","E","M","T","?","$","?","M","?","R","BOSS"],"items_purchased_type":["Card","Card","Card","Card","Relic"],"build_version":"2020-12-22","purchased_purges":1,"victory":false,"max_hp_per_floor":[70,70,70,70,70,70,70,70,70,70,70,70,70,70,70,70,70,70,70,70,70,70,70,80,80,80,80,80,80,80,80,80,80,80],"card_choices":[{"not_picked":["Bane","Deflect"],"picked":"PiercingWail","floor":1.0},{"not_picked":["Poisoned Stab","Outmaneuver"],"picked":"Dagger Throw","floor":3.0},{"not_picked":["Tactician","Poisoned Stab"],"picked":"Wraith Form v2","floor":4.0},{"not_picked":["Flying Knee","Heel Hook"],"picked":"Escape Plan","floor":5.0},{"not_picked":["Finisher","Quick Slash"],"picked":"Leg Sweep","floor":6.0},{"not_picked":["Noxious Fumes","Prepared"],"picked":"Underhanded Strike","floor":8.0},{"not_picked":["Reflex","Dagger Throw"],"picked":"Acrobatics","floor":10.0},{"not_picked":["After Image","Choke"],"picked":"Footwork","floor":11.0},{"not_picked":["Choke","Skewer"],"picked":"Dodge and Roll","floor":12.0},{"not_picked":["Flying Knee","Acrobatics"],"picked":"Cloak And Dagger","floor":13.0},{"not_picked":["Escape Plan","Accuracy"],"picked":"Slice","floor":14.0},{"not_picked":["Unload","After Image"],"picked":"Burst","floor":16.0},{"not_picked":["Concentrate","Acrobatics"],"picked":"Backflip","floor":18.0},{"not_picked":["Poisoned Stab","Backstab"],"picked":"Blade Dance","floor":19.0},{"not_picked":["Expertise","Outmaneuver+1"],"picked":"Backstab","floor":22.0},{"not_picked":["Riddle With Holes","Dagger Throw"],"picked":"Blur","floor":24.0},{"not_picked":["Setup","Bane","Heel Hook"],"picked":"SKIP","floor":25.0},{"not_picked":["Deadly Poison+1","Sucker Punch"],"picked":"Envenom","floor":30.0},{"not_picked":["Quick Slash","Sucker Punch+1"],"picked":"PiercingWail","floor":31}],"player_experience":219965,"relics_obtained":[{"floor":6.0,"key":"Du-Vu Doll"},{"floor":9.0,"key":"Eternal Feather"},{"floor":11.0,"key":"Kunai"},{"floor":24.0,"key":"Pear"},{"floor":26.0,"key":"Anchor"}],"event_choices":[{"damage_healed":0.0,"max_hp_gain":0.0,"max_hp_loss":0.0,"gold_gain":0.0,"event_name":"Vampires","player_choice":"Ignored","floor":20.0,"gold_loss":0.0,"damage_taken":0.0},{"damage_healed":0.0,"max_hp_gain":0.0,"max_hp_loss":0.0,"gold_gain":0.0,"event_name":"Nest","player_choice":"Joined the Cult","floor":21.0,"gold_loss":0.0,"damage_taken":6.0,"cards_obtained":["RitualDagger"]},{"damage_healed":0.0,"max_hp_gain":0.0,"max_hp_loss":0.0,"gold_gain":0.0,"event_name":"Ghosts","player_choice":"Ignored","floor":27.0,"gold_loss":0.0,"damage_taken":0.0},{"damage_healed":0.0,"max_hp_gain":0.0,"max_hp_loss":0.0,"gold_gain":0.0,"event_name":"Match and Keep!","player_choice":"1 cards matched","floor":29.0,"gold_loss":0.0,"damage_taken":0.0,"cards_obtained":["Endless Agony"]}],"is_beta":false,"boss_relics":[{"not_picked":["Busted Crown","SlaversCollar"],"picked":"HoveringKite"}],"items_purged_floors":[28],"is_endless":false,"potions_floor_spawned":[3,10,11,13,14,18,30,31],"killed_by":"Champ","ascension_level":13}}