{"host":"zjc1tzo4ovig5lll","time":1612974466,"event":{"mods":["AchievementEnabler","Aspiration","BaseMod","Beaked The Cultist","Better Altar","Better Match","Better Note","Better Sensory Stone","Colored Map","Colored Powertips","Conspire","Energized Spire","Friendly Minions","GifTheSpireLib","Halation","Hermit","Hubris","Minty Spire (QoL Compilation)","Rare Cards Sparkle","Reliquary","Replay The Spire","StSLib","The Blue Laboratory","The Bug Knight","The Construct","The Jungle","everything is the same but u backflip on backflip"],"gold_per_floor":[109,34,34,34,34,53,53,78,104,104,120,145,145,145,145],"floor_reached":14,"language":"ENG","playtime":278,"items_purged":[],"score":133,"play_id":"918203ca-1517-4b0b-a65c-d87223bdaf72","local_time":"20210210182746","is_ascension_mode":true,"campfire_choices":[{"data":"hermit:LoneWolf","floor":7,"key":"SMITH"},{"data":"hermit:Quickdraw","floor":10,"key":"SMITH"}],"circlet_count":0,"master_deck":["hermit:Strike_Hermit","hermit:Strike_Hermit","hermit:Strike_Hermit","hermit:Strike_Hermit","hermit:Defend_Hermit","hermit:Defend_Hermit","hermit:Defend_Hermit","hermit:Defend_Hermit","hermit:Snapshot","hermit:Covet","hermit:LoneWolf+1","Madness+1","Regret","Doubt","hermit:Quickdraw+1","hermit:BodyArmor","hermit:LoneWolf"],"relics":["hermit:Momento","NeowsBlessing","aspiration:FetidBarrel","Omamori","Odd Mushroom"],"acts_visited":["Exordium"],"potions_floor_usage":[],"damage_taken":[{"damage":0,"enemies":"Jaw Worm","floor":1,"turns":1},{"damage":0,"enemies":"Cultist","floor":6,"turns":1},{"damage":0,"enemies":"Replay:BlueRogue","floor":8,"turns":1},{"damage":4,"enemies":"Small Slimes","floor":11,"turns":3},{"damage":29,"enemies":"The Mushroom Lair","floor":12,"turns":6},{"damage":45,"enemies":"Gremlin Nob","floor":14,"turns":4}],"seed_played":"5161939428028773733","potions_obtained":[],"is_trial":false,"path_per_floor":["M","?","?","?","$","M","R","E","T","R","M","?","?","E"],"character_chosen":"HERMIT","items_purchased":[],"campfire_rested":0,"item_purchase_floors":[],"current_hp_per_floor":[75,75,75,75,75,75,75,75,75,75,71,42,42,0,0],"gold":145,"neow_bonus":"THREE_ENEMY_KILL","is_daily":false,"chose_seed":false,"campfire_upgraded":2,"win_rate":0.0,"timestamp":1612974466,"path_taken":["M","?","?","?","$","M","R","E","T","R","?","?","?","E"],"items_purchased_type":[],"build_version":"2020-12-22","purchased_purges":0,"victory":false,"max_hp_per_floor":[75,75,75,75,75,75,75,75,75,75,75,75,75,75,75],"card_choices":[{"not_picked":["hermit:Quickdraw","hermit:Malice"],"picked":"hermit:LoneWolf","floor":1},{"not_picked":["Replay:Sssssssssstrike+1","Replay:BasicMightCard+1"],"picked":"Madness+1","floor":2},{"not_picked":["hermit:Glare","hermit:Headshot","hermit:CalledShot"],"picked":"SKIP","floor":6},{"not_picked":["hermit:TakeAim","hermit:Dissolve"],"picked":"hermit:Quickdraw","floor":8},{"not_picked":["hermit:Headshot","hermit:Coalescence","hermit:WideOpen"],"picked":"SKIP","floor":11},{"not_picked":["hermit:Dive","hermit:Desperado"],"picked":"hermit:BodyArmor","floor":12}],"player_experience":715380,"relics_obtained":[{"floor":8,"key":"Omamori"},{"floor":12,"key":"Odd Mushroom"}],"event_choices":[{"damage_healed":0,"gold_gain":0,"player_choice":"2","damage_taken":0,"max_hp_gain":0,"max_hp_loss":0,"event_name":"betterMatch:BetterMatch","floor":2,"gold_loss":0,"cards_obtained":["betterMatch:ColorlessUncommonCard"]},{"damage_healed":0,"gold_gain":0,"player_choice":"Box","damage_taken":0,"relics_obtained":["aspiration:FetidBarrel"],"max_hp_gain":0,"max_hp_loss":0,"event_name":"Big Fish","floor":3,"gold_loss":0,"cards_obtained":["Regret"]},{"damage_healed":0,"gold_gain":0,"player_choice":"Fought Mushrooms","damage_taken":0,"max_hp_gain":0,"max_hp_loss":0,"event_name":"Mushrooms","floor":12,"gold_loss":0}],"is_beta":false,"boss_relics":[],"items_purged_floors":[],"is_endless":false,"potions_floor_spawned":[8,12],"killed_by":"Gremlin Nob","ascension_level":4}}