{"host":"mw3dmj42qtkbha4b","time":1612964810,"event":{"mods":["BaseMod","Colored Map","Colored Powertips","DeckTracker","Minty Spire (QoL Compilation)","StSLib","SuperFastMode"],"gold_per_floor":[115,115,129,129,129,129,162,162,162,197,197,241,261,280,280,360,360,379,379,294,294,322,322,322,337,337,337,377,401,33,66,66,66,66],"floor_reached":33,"language":"KOR","playtime":810,"items_purged":["Strike_P+1"],"score":798,"play_id":"749a75f8-4d03-4fc9-a703-ed992ec879b6","local_time":"20210210224650","is_ascension_mode":true,"campfire_choices":[{"data":"Eruption","floor":6.0,"key":"SMITH"},{"data":"Vigilance","floor":8.0,"key":"SMITH"},{"floor":15.0,"key":"REST"},{"floor":23.0,"key":"REST"},{"floor":32.0,"key":"REST"}],"circlet_count":0,"master_deck":["AscendersBane","Strike_P+1","Strike_P+1","Defend_P+1","Defend_P+1","Eruption+1","Vigilance+1","Consecrate","Indignation","ReachHeaven","Brilliance","Tantrum","FlurryOfBlows+1","Wallop+1"],"relics":["PureWater","NeowsBlessing","Toy Ornithopter","CeramicFish","Vajra","PreservedInsect","Whetstone","Odd Mushroom","Empty Cage","MutagenicStrength","Potion Belt","Molten Egg 2","Question Card","Membership Card","Shovel","HornCleat"],"acts_visited":["Exordium","TheCity"],"potions_floor_usage":[33,33],"damage_taken":[{"damage":0.0,"enemies":"Cultist","floor":1.0,"turns":1.0},{"damage":0.0,"enemies":"Jaw Worm","floor":3.0,"turns":1.0},{"damage":0.0,"enemies":"Gremlin Nob","floor":7.0,"turns":1.0},{"damage":37.0,"enemies":"Lagavulin","floor":10.0,"turns":9.0},{"damage":5.0,"enemies":"3 Sentries","floor":12.0,"turns":7.0},{"damage":0.0,"enemies":"The Mushroom Lair","floor":13.0,"turns":2.0},{"damage":0.0,"enemies":"2 Louse","floor":14.0,"turns":2.0},{"damage":0.0,"enemies":"Slime Boss","floor":16.0,"turns":5.0},{"damage":10.0,"enemies":"2 Thieves","floor":18.0,"turns":2.0},{"damage":25.0,"enemies":"3 Byrds","floor":22.0,"turns":4.0},{"damage":52.0,"enemies":"Shelled Parasite and Fungi","floor":25.0,"turns":2.0},{"damage":4.0,"enemies":"Gremlin Leader","floor":28.0,"turns":3.0},{"damage":0.0,"enemies":"Snake Plant","floor":29.0,"turns":2.0},{"damage":0.0,"enemies":"Book of Stabbing","floor":31.0,"turns":2.0},{"damage":53,"enemies":"Champ","floor":33,"turns":5}],"seed_played":"-591681379656832491","potions_obtained":[{"floor":3.0,"key":"SkillPotion"},{"floor":10.0,"key":"FearPotion"},{"floor":14.0,"key":"Explosive Potion"},{"floor":22.0,"key":"FairyPotion"},{"floor":28.0,"key":"StancePotion"},{"floor":31.0,"key":"SteroidPotion"}],"is_trial":false,"path_per_floor":["M","$","M","$","?","R","E","R","T","E","?","E","?","M","R","B",null,"M","?","?","?","M","R","?","M","T","?","E","M","$","E","R","B"],"character_chosen":"WATCHER","items_purchased":["Membership Card","Shovel"],"campfire_rested":3,"item_purchase_floors":[30,30],"current_hp_per_floor":[61,61,61,61,35,35,35,35,35,3,3,3,3,3,23,23,57,52,52,52,33,8,29,29,21,21,21,17,17,17,17,38,0,0],"gold":66,"neow_bonus":"THREE_ENEMY_KILL","is_daily":false,"chose_seed":false,"campfire_upgraded":2,"win_rate":0.0,"timestamp":1612964810,"path_taken":["M","?","M","$","?","R","E","R","T","E","?","E","?","M","R","BOSS","M","?","?","?","?","R","?","M","T","?","E","M","$","E","R","BOSS"],"items_purchased_type":["Relic","Relic"],"build_version":"2020-12-22","purchased_purges":1,"victory":false,"max_hp_per_floor":[68,68,68,68,68,68,68,68,68,68,68,68,68,68,68,68,68,68,68,68,73,73,73,73,73,73,73,73,73,73,73,73,73,73],"card_choices":[{"not_picked":["CutThroughFate","PathToVictory","FlurryOfBlows"],"picked":"SKIP","floor":1.0},{"not_picked":["PathToVictory","Omniscience","FearNoEvil"],"picked":"SKIP","floor":3.0},{"not_picked":["InnerPeace","Worship","Blasphemy"],"picked":"SKIP","floor":7.0},{"not_picked":["ThirdEye","FollowUp"],"picked":"Consecrate","floor":10.0},{"not_picked":["FollowUp","Protect"],"picked":"Indignation","floor":12.0},{"not_picked":["Evaluate","FlyingSleeves"],"picked":"ReachHeaven","floor":14.0},{"not_picked":["Scrawl","Ragnarok"],"picked":"Brilliance","floor":16.0},{"not_picked":["Perseverance","CutThroughFate","FollowUp"],"picked":"SKIP","floor":18.0},{"not_picked":["Indignation","Evaluate"],"picked":"Tantrum","floor":22.0},{"not_picked":["PathToVictory","CrushJoints","Consecrate+1"],"picked":"SKIP","floor":25.0},{"not_picked":["Protect","Sanctity+1"],"picked":"FlurryOfBlows+1","floor":28.0},{"not_picked":["JustLucky+1","Vengeance","Evaluate+1"],"picked":"Wallop+1","floor":29.0},{"not_picked":["FlyingSleeves+1","Collect","Prostrate","Tantrum+1"],"picked":"SKIP","floor":31.0}],"player_experience":1811998,"relics_obtained":[{"floor":7.0,"key":"CeramicFish"},{"floor":9.0,"key":"Vajra"},{"floor":10.0,"key":"PreservedInsect"},{"floor":12.0,"key":"Whetstone"},{"floor":13.0,"key":"Odd Mushroom"},{"floor":26.0,"key":"Molten Egg 2"},{"floor":28.0,"key":"Question Card"},{"floor":31.0,"key":"HornCleat"}],"event_choices":[{"damage_healed":0.0,"max_hp_gain":0.0,"max_hp_loss":0.0,"gold_gain":0.0,"event_name":"Scrap Ooze","player_choice":"Success","floor":5.0,"gold_loss":0.0,"damage_taken":26.0,"relics_obtained":["Toy Ornithopter"]},{"cards_removed":["Defend_P"],"damage_healed":0.0,"max_hp_gain":0.0,"max_hp_loss":0.0,"gold_gain":0.0,"event_name":"Living Wall","player_choice":"Forget","floor":11.0,"gold_loss":0.0,"damage_taken":0.0},{"damage_healed":0.0,"max_hp_gain":0.0,"max_hp_loss":0.0,"gold_gain":0.0,"event_name":"Mushrooms","player_choice":"Fought Mushrooms","floor":13.0,"gold_loss":0.0,"damage_taken":0.0},{"damage_healed":0.0,"max_hp_gain":0.0,"max_hp_loss":0.0,"gold_gain":0.0,"event_name":"Drug Dealer","player_choice":"Inject Mutagens","floor":19.0,"gold_loss":0.0,"damage_taken":0.0,"relics_obtained":["MutagenicStrength"]},{"damage_healed":0.0,"max_hp_gain":0.0,"max_hp_loss":0.0,"gold_gain":0.0,"event_name":"Addict","player_choice":"Obtained Relic","floor":20.0,"gold_loss":85.0,"damage_taken":0.0,"relics_obtained":["Potion Belt"]},{"damage_healed":0.0,"max_hp_gain":5.0,"max_hp_loss":0.0,"gold_gain":0.0,"event_name":"Forgotten Altar","player_choice":"Shed Blood","floor":21.0,"gold_loss":0.0,"damage_taken":24.0},{"damage_healed":0.0,"max_hp_gain":0.0,"max_hp_loss":0.0,"gold_gain":0.0,"event_name":"Back to Basics","player_choice":"Simplicity","floor":24.0,"gold_loss":0.0,"damage_taken":0.0,"cards_upgraded":["Strike_P","Defend_P","Defend_P"]},{"damage_healed":0.0,"max_hp_gain":0.0,"max_hp_loss":0.0,"gold_gain":0.0,"event_name":"The Mausoleum","player_choice":"Ignored","floor":27.0,"gold_loss":0.0,"damage_taken":0.0}],"is_beta":false,"boss_relics":[{"not_picked":["Ectoplasm","Snecko Eye"],"picked":"Empty Cage"}],"items_purged_floors":[30],"is_endless":false,"potions_floor_spawned":[3,10,14,22,28,31],"killed_by":"Champ","ascension_level":20}}