{"host":"a1eatafr7pisesky","time":1612955451,"event":{"mods":["AchievementEnabler","BaseMod","Colored Map","Keyboard Shortcuts","Minty Spire (QoL Compilation)","Say the Spire","StSLib","SuperFastMode","everything is the same but u backflip on backflip"],"gold_per_floor":[19,19,33,33,48,76,93,93,145,165,165,165],"floor_reached":11,"language":"KOR","playtime":301,"items_purged":[],"score":143,"play_id":"6fb1cd15-fdf9-43c9-85ba-475c179a3ec3","local_time":"20210210201051","is_ascension_mode":true,"campfire_choices":[{"data":"Feed","floor":8.0,"key":"SMITH"}],"circlet_count":0,"master_deck":["AscendersBane","Strike_R","Strike_R","Strike_R","Strike_R","Strike_R","Defend_R","Defend_R","Defend_R","Defend_R","Bash","Feed+1","Ghostly Armor","Power Through","Burning Pact","Thunderclap","Dual Wield","Blood for Blood"],"relics":["Burning Blood","Mummified Hand","Happy Flower"],"acts_visited":["Exordium"],"potions_floor_usage":[],"damage_taken":[{"damage":22.0,"enemies":"Small Slimes","floor":1.0,"turns":6.0},{"damage":13.0,"enemies":"Cultist","floor":3.0,"turns":5.0},{"damage":1.0,"enemies":"2 Louse","floor":5.0,"turns":6.0},{"damage":35.0,"enemies":"Gremlin Nob","floor":6.0,"turns":5.0},{"damage":25.0,"enemies":"Red Slaver","floor":7.0,"turns":7.0},{"damage":34.0,"enemies":"Gremlin Gang","floor":10.0,"turns":6.0},{"damage":31,"enemies":"Lagavulin","floor":11,"turns":7}],"seed_played":"-7356224589924760376","potions_obtained":[{"floor":4.0,"key":"Block Potion"},{"floor":4.0,"key":"CultistPotion"},{"floor":6.0,"key":"Weak Potion"},{"floor":7.0,"key":"Dexterity Potion"}],"is_trial":false,"path_per_floor":["M","?","M","?","M","E","M","R","T","M","E"],"character_chosen":"IRONCLAD","items_purchased":[],"campfire_rested":0,"item_purchase_floors":[],"current_hp_per_floor":[55,78,74,74,82,56,40,40,40,16,0,0],"gold":165,"neow_bonus":"THREE_RARE_CARDS","is_daily":false,"chose_seed":false,"campfire_upgraded":1,"win_rate":0.0,"timestamp":1612955451,"path_taken":["M","?","?","?","?","E","?","R","T","M","E"],"items_purchased_type":[],"build_version":"2020-12-22","purchased_purges":0,"victory":false,"max_hp_per_floor":[78,78,81,81,84,87,90,90,90,94,94,94],"card_choices":[{"not_picked":["Reaper","Bludgeon"],"picked":"Feed","floor":0.0},{"not_picked":["True Grit","Headbutt"],"picked":"Ghostly Armor","floor":1.0},{"not_picked":["Ghostly Armor","Cleave"],"picked":"Power Through","floor":3.0},{"not_picked":["Shrug It Off","True Grit"],"picked":"Burning Pact","floor":5.0},{"not_picked":["Cleave","Juggernaut"],"picked":"Thunderclap","floor":6.0},{"not_picked":["Armaments","Body Slam"],"picked":"Dual Wield","floor":7.0},{"not_picked":["Pummel","Sentinel"],"picked":"Blood for Blood","floor":10.0}],"player_experience":438712,"relics_obtained":[{"floor":6.0,"key":"Mummified Hand"},{"floor":9.0,"key":"Happy Flower"}],"event_choices":[{"damage_healed":23.0,"max_hp_gain":0.0,"max_hp_loss":0.0,"gold_gain":0.0,"event_name":"Wheel of Change","player_choice":"Full Heal","floor":2.0,"gold_loss":0.0,"damage_taken":0.0},{"damage_healed":0.0,"max_hp_gain":0.0,"max_hp_loss":0.0,"gold_gain":0.0,"event_name":"Lab","player_choice":"Got Potions","floor":4.0,"gold_loss":0.0,"damage_taken":0.0}],"is_beta":false,"boss_relics":[],"items_purged_floors":[],"is_endless":false,"potions_floor_spawned":[6,7],"killed_by":"Lagavulin","ascension_level":18}}