{"host":"cnq91ghfhf6lz0gv","time":1612920828,"event":{"mods":["BaseMod","Clockwork Mod","Colored Map","Colored Powertips","Conspire","Downfall","Googly Eyes","Highlight Path","Minty Spire (QoL Compilation)","Replay The Spire","StSLib","SuperFastMode","The IronCluck","The Showman","slay the spire mod where everything is the same but ironclad has a cowboy hat"],"gold_per_floor":[119,133,133,83,8,8,8,8,8,27,56,56,131,31,31,130,130,130,130,130,130,130,5,5,5,5,5,5,5,5,5,5,5,5,5,5,5,5,5,5,5,5,5,5,5,5,5,5,5,5,5,5,5,5,5,5,5],"floor_reached":58,"language":"ENG","playtime":1974,"items_purged":["Strike_G","Strike_G+1","Strike_G+1"],"score":1470,"play_id":"9911061a-bbb8-44da-b881-f0ec0692d946","local_time":"20210209203348","is_ascension_mode":true,"campfire_choices":[{"data":"Draining Mist","floor":6.0,"key":"SMITH"},{"data":"Neutralize","floor":8.0,"key":"SMITH"},{"data":"Poisoned Stab","floor":12.0,"key":"SMITH"},{"data":"Dagger Spray","floor":15.0,"key":"SMITH"},{"data":"Deadly Poison","floor":24.0,"key":"SMITH"},{"data":"Noxious Fumes","floor":30.0,"key":"SMITH"},{"floor":32.0,"key":"DIG"},{"floor":40,"key":"RECALL"},{"data":"ReplayTheSpireMod:Tripwire","floor":42,"key":"SMITH"},{"data":"ReplayTheSpireMod:From All Sides","floor":51,"key":"SMITH"},{"data":"Survivor","floor":54,"key":"SMITH"}],"circlet_count":0,"master_deck":["Defend_G","Defend_G","Survivor+1","Neutralize+1","Dagger Spray+1","Draining Mist+1","Poisoned Stab+1","After Image","After Image","Deadly Poison+1","Venomology+1","PiercingWail+1","ReplayTheSpireMod:Tripwire+1","Noxious Fumes+1","Replay:Poison Smokescreen+1","After Image","Noxious Fumes+1","Noxious Fumes+1","ReplayTheSpireMod:From All Sides+1","Dodge and Roll+1"],"relics":["Kintsugi","Paper Crane","Tiny Chest","Ectoplasm","Nloth\u0027s Gift","conspire:GlowingRock","MawBank","Mercury Hourglass","Art of War","conspire:SpecialSausage","Lantern","War Paint","downfall:ExtraCursedKey","Replay:Baseball","Bronze Scales"],"acts_visited":["Exordium","TheCity","TheBeyond","TheEnding"],"potions_floor_usage":[37,39,41,41,45,48,49,52,52,57,57,57,57],"damage_taken":[{"damage":4.0,"enemies":"Jaw Worm","floor":1.0,"turns":6.0},{"damage":0.0,"enemies":"Small Slimes","floor":2.0,"turns":2.0},{"damage":0.0,"enemies":"2 Louse","floor":10.0,"turns":2.0},{"damage":7.0,"enemies":"Gremlin Nob","floor":11.0,"turns":4.0},{"damage":2.0,"enemies":"Hexaghost","floor":16.0,"turns":9.0},{"damage":4.0,"enemies":"Chosen","floor":18.0,"turns":4.0},{"damage":5.0,"enemies":"3 Byrds","floor":20.0,"turns":5.0},{"damage":3.0,"enemies":"Shelled Parasite and Fungi","floor":21.0,"turns":6.0},{"damage":3.0,"enemies":"Book of Stabbing","floor":25.0,"turns":5.0},{"damage":0.0,"enemies":"Snecko","floor":27.0,"turns":5.0},{"damage":18.0,"enemies":"Slavers","floor":28.0,"turns":6.0},{"damage":0.0,"enemies":"Snake Plant","floor":29.0,"turns":3.0},{"damage":7,"enemies":"Pondfish","floor":33,"turns":9},{"damage":0,"enemies":"Orb Walker","floor":35,"turns":4},{"damage":0,"enemies":"3 Shapes","floor":37,"turns":5},{"damage":11,"enemies":"Jaw Worm Horde","floor":39,"turns":5},{"damage":2,"enemies":"4 Shapes","floor":41,"turns":6},{"damage":5,"enemies":"Sphere and 2 Shapes","floor":45,"turns":4},{"damage":14,"enemies":"Spire Growth","floor":48,"turns":5},{"damage":2,"enemies":"Writhing Mass","floor":49,"turns":5},{"damage":0,"enemies":"R_Hoarder","floor":50,"turns":8},{"damage":28,"enemies":"Time Eater","floor":52,"turns":12},{"damage":31,"enemies":"Shield and Spear","floor":56,"turns":6},{"damage":0,"enemies":"The Heart","floor":57,"turns":9}],"seed_played":"4682051117095758761","potions_obtained":[{"floor":1.0,"key":"Milkshake"},{"floor":11.0,"key":"Explosive Potion"},{"floor":16.0,"key":"ColorlessPotion"},{"floor":21.0,"key":"ColorlessPotion"},{"floor":27.0,"key":"Fire Potion"},{"floor":33,"key":"EntropicBrew"},{"floor":35,"key":"Adrenaline Potion"},{"floor":41,"key":"Fruit Juice"},{"floor":45,"key":"Reflective Coating"},{"floor":56,"key":"Reflective Coating"}],"is_trial":false,"path_per_floor":["M","M","?","?","$","R","?","R","T","M","E","R","?","$","R","B",null,"M","?","M","M","T","$","R","E","T","M","E","M","R","$","R_BF","B",null,"M","T","M","$","M","R","M","R","T","?","M","PTL","PTL","M","M","E","R","B",null,"R","$","E","B",null],"character_chosen":"THE_SILENT","items_purchased":[],"campfire_rested":0,"item_purchase_floors":[],"current_hp_per_floor":[66,66,66,66,66,66,66,66,66,66,59,59,48,48,48,46,70,66,66,61,58,58,58,58,55,55,55,37,37,37,37,37,30,70,70,70,70,70,59,59,57,57,57,57,57,57,57,43,41,49,49,21,75,75,75,44,44],"gold":5,"neow_bonus":"BOSS_RELIC","is_daily":false,"chose_seed":false,"campfire_upgraded":9,"win_rate":0.0,"timestamp":1612920828,"path_taken":["M","M","?","?","$","R","?","R","T","M","E","R","?","$","R","BOSS","M","?","?","M","?","?","R","E","T","M","E","?","R","?","R_BF","BOSS","M","?","M","?","M","R","M","R","T","?","M","PTL","PTL","M","M","E","R","BOSS","R","$","E","BOSS"],"items_purchased_type":[],"build_version":"2020-12-22","purchased_purges":3,"victory":true,"max_hp_per_floor":[70,70,70,70,70,70,70,70,70,70,70,70,70,70,70,70,70,70,70,70,70,70,70,70,70,70,70,70,70,70,70,70,70,70,70,70,70,70,70,70,70,70,70,70,75,75,75,75,75,75,75,75,75,75,75,75,75],"card_choices":[{"not_picked":["Noxious Fumes","Dagger Throw"],"picked":"Dagger Spray","floor":1.0},{"not_picked":["Underhanded Strike","Flechettes"],"picked":"Draining Mist","floor":2.0},{"not_picked":["Underhanded Strike","Acrobatics"],"picked":"Poisoned Stab","floor":10.0},{"not_picked":["All Out Attack","Tactician"],"picked":"After Image","floor":11.0},{"not_picked":["Storm of Steel","Night Terror"],"picked":"After Image","floor":16.0},{"not_picked":["PiercingWail+1","Deflect"],"picked":"Deadly Poison","floor":18.0},{"not_picked":["Riddle With Holes","Deflect+1"],"picked":"Venomology","floor":20.0},{"not_picked":["Backflip","Flechettes"],"picked":"PiercingWail","floor":21.0},{"not_picked":["Phantasmal Killer","Deflect+1"],"picked":"ReplayTheSpireMod:Tripwire","floor":25.0},{"not_picked":["Backstab","Backflip"],"picked":"Noxious Fumes","floor":27.0},{"not_picked":["Acrobatics","Underhanded Strike+1","Endless Agony"],"picked":"SKIP","floor":28.0},{"not_picked":["Flying Knee","Masterful Stab"],"picked":"Replay:Poison Smokescreen+1","floor":29.0},{"not_picked":["Die Die Die","Doppelganger"],"picked":"After Image","floor":33},{"not_picked":["Dodge and Roll+1","Hidden Blade"],"picked":"Noxious Fumes+1","floor":35},{"not_picked":["Tactician+1","Prepared+1","Hidden Blade"],"picked":"SKIP","floor":37},{"not_picked":["Reflex","Bane+1","Finisher"],"picked":"SKIP","floor":39},{"not_picked":["Distraction+1","Deadly Poison","conspire:PoisonWeapons"],"picked":"SKIP","floor":41},{"not_picked":["Distraction+1","Deadly Poison","conspire:PoisonWeapons"],"picked":"SKIP","floor":41},{"not_picked":["Glass Knife","Setup+1"],"picked":"Noxious Fumes+1","floor":45},{"not_picked":["Blade Dance","Slice","Flying Knee"],"picked":"SKIP","floor":48},{"not_picked":["Quick Slash","Blade Dance+1","Sucker Punch+1"],"picked":"SKIP","floor":49},{"not_picked":["Escape Plan+1","Quick Slash+1"],"picked":"ReplayTheSpireMod:From All Sides","floor":50},{"not_picked":["Sucker Punch+1","Glass Knife"],"picked":"Dodge and Roll+1","floor":56}],"player_experience":219902,"relics_obtained":[{"floor":9.0,"key":"Paper Crane"},{"floor":11.0,"key":"Tiny Chest"},{"floor":25.0,"key":"conspire:GlowingRock"},{"floor":26.0,"key":"MawBank"},{"floor":28.0,"key":"Mercury Hourglass"},{"floor":32.0,"key":"Art of War"},{"floor":36,"key":"Lantern"},{"floor":43,"key":"War Paint"},{"floor":50,"key":"Replay:Baseball"},{"floor":56,"key":"Bronze Scales"}],"event_choices":[{"cards_removed":["ReplayTheSpireMod:Restless Dread"],"damage_healed":0.0,"max_hp_gain":0.0,"max_hp_loss":0.0,"gold_gain":0.0,"event_name":"Living Wall","player_choice":"Forget","floor":3.0,"gold_loss":0.0,"damage_taken":0.0},{"cards_removed":["ReplayTheSpireMod:Doomed"],"damage_healed":0.0,"max_hp_gain":0.0,"max_hp_loss":0.0,"gold_gain":0.0,"event_name":"The Cleric","player_choice":"Card Removal","floor":4.0,"gold_loss":50.0,"damage_taken":0.0},{"damage_healed":0.0,"max_hp_gain":0.0,"max_hp_loss":0.0,"gold_gain":0.0,"event_name":"Dead Adventurer","player_choice":"Searched \u00271\u0027 times","floor":7.0,"gold_loss":0.0,"damage_taken":0.0,"relics_obtained":["Simple Rune"]},{"damage_healed":0.0,"max_hp_gain":0.0,"max_hp_loss":0.0,"gold_gain":75.0,"event_name":"World of Goop","player_choice":"Gather Gold","floor":13.0,"gold_loss":0.0,"damage_taken":11.0},{"damage_healed":0.0,"max_hp_gain":0.0,"max_hp_loss":0.0,"gold_gain":0.0,"event_name":"N\u0027loth","player_choice":"Traded Relic","floor":19.0,"relics_lost":["Simple Rune"],"gold_loss":0.0,"damage_taken":0.0,"relics_obtained":["Nloth\u0027s Gift"]}],"is_beta":false,"boss_relics":[{"not_picked":["SacredBark","conspire:RoyalGoblet"],"picked":"Ectoplasm"},{"not_picked":["Runic Dome","HoveringKite"],"picked":"conspire:SpecialSausage"}],"items_purged_floors":[5,14,23],"is_endless":false,"potions_floor_spawned":[1,11,16,20,21,27,33,35,37,41,45,48,56],"ascension_level":4}}