{"host":"hfxahm4y1ssattqc","time":1612918671,"event":{"mods":["2.2 Compatiblity","Act Like it!","Aspiration","BaseMod","Beaked The Cultist","Better Third Choice","BetterRewards","Colored Map","Colored Powertips","Custom Start","Downfall","Googly Eyes","Halation","Hallownest","Hermit","Highlight Path","Hubris","Infinite Spire","Mimic Mod","Minty Spire (QoL Compilation)","Reorder Act Four","Replay The Spire","Shop Mod","Spikes Relics","StSLib","The Bug Knight","The IronCluck","The Jungle","Unknown Chances","slay the spire mod where everything is the same but ironclad has a cowboy hat"],"gold_per_floor":[99,199,135,135,135,135,135,149,52,66,91,109,9,26,44,140,140,140,159,144,156,156,256,293,328,346,346,346,346,360,360,370,475,475,375,392,408,425,425,425,425,425,457,457,469,519,519,359,375,375],"floor_reached":51,"language":"ENG","playtime":2627,"items_purged":[],"score":720,"play_id":"0153ad68-2243-4a91-9ae1-c981066276ee","local_time":"20210209165751","is_ascension_mode":false,"campfire_choices":[{"data":"champ:TripleStrike","floor":1,"key":"SMITH"},{"data":"champ:Taunt","floor":6,"key":"SMITH"},{"data":"champ:ShieldWall","floor":13,"key":"SMITH"},{"data":"champ:HoldFirm","floor":18,"key":"SMITH"},{"data":"champ:TornadoPunch","floor":27,"key":"SMITH"},{"floor":35,"key":"RECALL"},{"data":"champ:Improvising","floor":44,"key":"SMITH"},{"data":"beaked:AwakenedForm","floor":47,"key":"SMITH"}],"circlet_count":0,"master_deck":["champ:Strike","champ:Strike","champ:Strike","champ:Strike","champ:Defend","champ:Defend","champ:Defend","champ:Defend","champ:Execute","champ:Taunt+1","Hallucinations","champ:TripleStrike+1","champ:HoldFirm+1","champ:TornadoPunch+1","champ:FlashCut+1","champ:ShieldWall+1","champ:FocusedDefense","beaked:AwakenedForm+1","champ:ShieldWall+1","expansioncontent:Hexaburn","champ:Improvising+1","beaked:AwakenedForm+1"],"relics":["champ:ChampionCrown","WristBlade","aspiration:BabyByrd","halation:AfternoonTea","downfall:HeartBlessingBlue","Sozu","hubris:TinFlute","champ:FightingForDummies","BicycleWheel","beaked:SacredDeck","downfall:HeartBlessingGreen","hubris:Teleporter","hubris:PeanutButter","Regal Pillow","Pocketwatch","DollysMirror"],"acts_visited":["Exordium","TheCity","TheBeyond"],"potions_floor_usage":[],"damage_taken":[{"damage":89,"floor":2,"turns":8},{"damage":25,"enemies":"downfall:FleeingMerchant","floor":3,"turns":4},{"damage":0,"enemies":"2 Louse","floor":8,"turns":1},{"damage":0,"enemies":"downfall:FleeingMerchant","floor":9,"turns":4},{"damage":7,"enemies":"Small Slimes","floor":10,"turns":3},{"damage":25,"enemies":"Gremlin Nob","floor":11,"turns":5},{"damage":0,"enemies":"Cultist","floor":12,"turns":2},{"damage":5,"enemies":"Exordium Thugs","floor":14,"turns":4},{"damage":0,"enemies":"2 Fungi Beasts","floor":15,"turns":3},{"damage":17,"enemies":"DF_ARCHETYPE_STREAMLINE","floor":16,"turns":8},{"damage":0,"enemies":"Shell Parasite","floor":19,"turns":2},{"damage":0,"enemies":"downfall:FleeingMerchant","floor":20,"turns":4},{"damage":10,"enemies":"3 Byrds","floor":21,"turns":5},{"damage":6,"enemies":"Sentry and Sphere","floor":24,"turns":5},{"damage":15,"enemies":"HollowMod:Nosk","floor":25,"turns":7},{"damage":10,"enemies":"Sentry and Sphere","floor":26,"turns":5},{"damage":0,"enemies":"Centurion and Healer","floor":30,"turns":4},{"damage":36,"enemies":"Shelled Parasite and Fungi","floor":32,"turns":5},{"damage":50,"enemies":"IC_MUSHROOM_ARCHETYPE","floor":33,"turns":10},{"damage":22,"enemies":"3 Shapes","floor":36,"turns":5},{"damage":4,"enemies":"3 Darklings","floor":37,"turns":3},{"damage":3,"enemies":"4 Shapes","floor":38,"turns":4},{"damage":0,"enemies":"HollowMod:StalkingDevout","floor":43,"turns":7},{"damage":0,"enemies":"Jaw Worm Horde","floor":45,"turns":5},{"damage":0,"enemies":"Jaw Worm Horde","floor":46,"turns":5},{"damage":0,"enemies":"downfall:FleeingMerchant","floor":48,"turns":4},{"damage":12,"enemies":"3 Darklings","floor":49,"turns":3},{"damage":44,"enemies":"WA_ARCHETYPE_DIVINITY","floor":50,"turns":9}],"seed_played":"8667184991924003328","potions_obtained":[{"floor":8,"key":"Explosive Potion"},{"floor":11,"key":"Adrenaline Potion"},{"floor":14,"key":"FearPotion"},{"floor":16,"key":"SkillPotion"}],"is_trial":false,"path_per_floor":["R","?","$","?","?","R","T","M","$","M","E","M","R","M","M","B",null,"R","M","$","M","?","?","MIM","E","M","R","AVR","?","M","?","M","B",null,"R_BF","M","M","M","?","?","T","AVR","E","R","M","?","R","$","M","B",null],"character_chosen":"THE_CHAMP","items_purchased":["champ:TornadoPunch","champ:ShieldWall","DollysMirror"],"campfire_rested":0,"item_purchase_floors":[3,9,48],"current_hp_per_floor":[90,32,22,22,90,90,90,90,90,83,58,58,68,63,63,46,100,100,100,100,100,100,100,94,89,79,79,79,79,79,79,43,18,100,100,78,74,71,71,81,81,81,81,81,81,81,81,81,69,25],"gold":375,"neow_bonus":"THREE_RARE_CARDS","is_daily":false,"chose_seed":false,"campfire_upgraded":7,"win_rate":0.0,"timestamp":1612918671,"path_taken":["R","?","$","?","?","R","T","?","$","M","E","M","R","M","M","BOSS","R","M","$","M","?","?","MIM","E","M","R","AVR","?","M","?","M","BOSS","R_BF","M","M","M","?","?","T","AVR","E","R","?","?","R","$","M","BOSS"],"items_purchased_type":["Card","Card","Relic"],"build_version":"2020-12-22","purchased_purges":0,"victory":true,"max_hp_per_floor":[90,90,90,90,90,90,90,90,90,90,90,90,100,100,100,100,100,100,100,100,100,100,100,100,100,100,100,100,100,100,100,100,100,100,100,100,100,100,100,100,100,100,100,100,100,100,100,100,100,100],"card_choices":[{"not_picked":["champ:Improvising","champ:CheapShot"],"picked":"champ:TripleStrike","floor":0},{"not_picked":["champ:IronFortress","champ:AdrenalArmor"],"picked":"champ:CalledShot","floor":2},{"not_picked":["champ:Parry","champ:BringItOn"],"picked":"champ:HoldFirm","floor":3},{"not_picked":["champ:EnGarde","champ:Endure"],"picked":"champ:FlashCut","floor":8},{"not_picked":["champ:Circumvent","champ:Parry","champ:HeartStrike"],"picked":"SKIP","floor":9},{"not_picked":["champ:Lariat","champ:Haymaker","champ:CrownThrow"],"picked":"SKIP","floor":10},{"not_picked":["champ:PreciseThrust","champ:FanOfKnives","champ:RisingSlash"],"picked":"SKIP","floor":11},{"not_picked":["champ:EnGarde","champ:AdrenalArmor","champ:Endure"],"picked":"SKIP","floor":12},{"not_picked":["champ:Shatter","champ:PerfectedStrike","champ:FlashCut"],"picked":"SKIP","floor":14},{"not_picked":["champ:GutPunch","champ:BladeFlurry","champ:Backstep"],"picked":"SKIP","floor":15},{"not_picked":["champ:Lariat","champ:AdrenalArmor","champ:Backstep"],"picked":"SKIP","floor":19},{"not_picked":["champ:Lariat","champ:AdrenalArmor","champ:Backstep"],"picked":"SKIP","floor":19},{"not_picked":["champ:SwordThrow","champ:RisingSlash","champ:PreciseThrust+1"],"picked":"SKIP","floor":20},{"not_picked":["champ:CrownThrow","champ:EnGarde","champ:IronFortress+1"],"picked":"SKIP","floor":21},{"not_picked":["champ:BerserkersShout","champ:BringItOn","champ:GladiatorStyle"],"picked":"SKIP","floor":25},{"not_picked":["champ:Haymaker","champ:CrookedStrike+1"],"picked":"champ:FocusedDefense","floor":26},{"not_picked":["champ:FlashCut","champ:Backstep","champ:PreciseThrust"],"picked":"SKIP","floor":30},{"not_picked":["champ:RisingSlash","champ:GutPunch","champ:FlashCut"],"picked":"SKIP","floor":32},{"not_picked":["champ:BerserkersShout+1","champ:EnGarde+1"],"picked":"champ:ShieldWall+1","floor":36},{"not_picked":["champ:Lariat","champ:ArenaPreparation","champ:Backstep"],"picked":"SKIP","floor":37},{"not_picked":["champ:BerserkersShout+1","champ:ArenaPreparation","champ:Circumvent+1"],"picked":"SKIP","floor":38},{"not_picked":["expansioncontent:GuardianWhirl","expansioncontent:InvincibleStrength"],"picked":"expansioncontent:Hexaburn","floor":39},{"not_picked":["champ:Backstep","champ:FocusedDefense"],"picked":"champ:Improvising","floor":43},{"not_picked":["champ:BerserkersShout","champ:SkillfulDodge+1","champ:Shatter"],"picked":"SKIP","floor":45},{"not_picked":["champ:GutPunch+1","champ:CrookedStrike+1","champ:PerfectedStrike"],"picked":"SKIP","floor":48},{"not_picked":["champ:IronFortress","champ:EnGarde","champ:GutPunch+1"],"picked":"SKIP","floor":49}],"player_experience":955526,"relics_obtained":[{"floor":2,"key":"WristBlade"},{"floor":11,"key":"halation:AfternoonTea"},{"floor":24,"key":"hubris:TinFlute"},{"floor":25,"key":"champ:FightingForDummies"},{"floor":41,"key":"hubris:Teleporter"},{"floor":43,"key":"Regal Pillow"},{"floor":46,"key":"Pocketwatch"}],"event_choices":[{"cards_removed":["champ:CalledShot"],"damage_healed":68,"gold_gain":0,"player_choice":"Offered Uncommon","damage_taken":0,"max_hp_gain":0,"max_hp_loss":0,"event_name":"Bonfire Elementals","floor":5,"gold_loss":0}],"is_beta":false,"boss_relics":[{"not_picked":["hubris:RunicObelisk","aspiration:IroncladSkillbook"],"picked":"Sozu"},{"not_picked":["halation:PinkAlligatorPlush","aspiration:RunicSpoon"],"picked":"beaked:SacredDeck"}],"items_purged_floors":[],"is_endless":false,"potions_floor_spawned":[8,11,14,16,21,25,32,37,49],"ascension_level":0}}