{"host":"kx62hxkutszy5nb0","time":1612927052,"event":{"mods":["2.2 Compatiblity","AchievementEnabler","Aspiration","BaseMod","Better Altar","Better Match","Better Note","Better Sensory Stone","Better Skull","Better Third Choice","Better Vampires","CCEM2","Colored Map","Colored Powertips","Conspire","Custom Start","Dark Map","Defuse TimeMaze Blight","Displayed Cursed Tome","Downfall","Fiend Mod","Hermit","Hubris","Infinite Spire","Jorbs\u0027s Wanderer Trilogy","Koishi","Marked Mod","Minty Spire (QoL Compilation)","Prisma Mod","Relic Sorter","Relic Stats","Replay The Spire","Shade Mod","Shop Mod","Spikes Relics","StSLib","Td1madao Mod","The Alterego","The Construct","The Cursed","The Exalted","The Forsaken","The Judge","The Jungle","The Marked","TheSwordswoman","TheVacant","Uncapped","Virulent Crown","Yuri Mod","everything is the same but u backflip on backflip"],"gold_per_floor":[110,125,135,152,165,165,29,29,29,29,29,44,44,79,79,180,180,198,212,61,81,81,81,91,102,183,383,399,399,416,450,450,545,545,565,582,582,634,634,659,676,676,702,702,702,712,654,654,654,654],"floor_reached":51,"language":"ENG","playtime":2393,"items_purged":[],"score":774,"play_id":"5d5a733f-e66b-42db-b91f-95633e3be5c8","local_time":"20210210131732","is_ascension_mode":false,"campfire_choices":[{"data":"yuri:BookRed","floor":6,"key":"SMITH"},{"data":"yuri:RemoveSafetyChecks","floor":8,"key":"SMITH"},{"data":"yuri:yuriStab","floor":32,"key":"SMITH"},{"floor":42,"key":"REST"},{"data":"PrismaMod:ChloeExcalibur","floor":45,"key":"SMITH"},{"data":"Transmutation","floor":49,"key":"SMITH"}],"circlet_count":0,"master_deck":["yuri:yuriStrike","yuri:yuriStrike","yuri:yuriStrike","yuri:yuriStrike","yuri:yuriStrike","yuri:yuriDefend","yuri:yuriDefend","yuri:yuriDefend","yuri:yuriDefend","yuri:yuriDefend","yuri:Oolong","yuri:yuriStab+1","yuri:WickedSlash","yuri:Parry","yuri:Parry","yuri:BookPurple","yuri:BookRed+1","Injury","yuri:Torment+1","yuri:TPose","yuri:Torment","yuri:NerfBat","yuri:MPose+1","yuri:GlitchedStrike+1","yuri:GrowingInsanity+1","yuri:HeavierStrike","yuri:Spin","yuri:ChibiInvasion","yuri:Spin+1","yuri:MagneticKnives+1","yuri:HoldBack+1","yuri:BrokenCode+1","PrismaMod:ChloeExcalibur+1","construct:ReactiveShield+1","Transmutation+1","Sharp Hide+1","stsjorbsmod:Prestidigitation+1","yuri:SturdyUniform+1"],"relics":["yuri:yuriKnife","NeowsBlessing","CCEMRelics:WhiteRose","Frozen Egg 2","hubris:TenFootPole","aspiration:RandomNobGenerator","Tiny Chest","Question Card","conspire:RoyalGoblet","infinitespire:Bottled Soul","Blood Vial","Bromod:ArcaneBarrier","hubris:ScarierMask","PrismaticShard","Gremlin Food","hubris:Towel","yuri:GlitchPowder","Replay:Rubber Ducky"],"acts_visited":["Exordium","TheCity","TheBeyond"],"potions_floor_usage":[14,18,21,24,50],"damage_taken":[{"damage":0,"enemies":"Cultist","floor":1,"turns":1},{"damage":0,"enemies":"Small Slimes","floor":2,"turns":1},{"damage":0,"enemies":"Jaw Worm","floor":3,"turns":1},{"damage":8,"enemies":"Exordium Wildlife","floor":4,"turns":4},{"damage":10,"enemies":"Large Slime","floor":5,"turns":4},{"damage":6,"enemies":"Blue Slaver","floor":12,"turns":4},{"damage":9,"enemies":"3 Sentries","floor":14,"turns":5},{"damage":25,"enemies":"The Guardian","floor":16,"turns":10},{"damage":5,"enemies":"conspire:FuzzyDice","floor":18,"turns":3},{"damage":7,"enemies":"3 Byrds","floor":19,"turns":4},{"damage":6,"enemies":"Snecko","floor":21,"turns":6},{"damage":12,"enemies":"Snake Plant","floor":24,"turns":4},{"damage":13,"enemies":"Centurion and Healer","floor":25,"turns":5},{"damage":8,"enemies":"Chosen and Byrds","floor":28,"turns":4},{"damage":13,"enemies":"conspire:HollyBat","floor":30,"turns":6},{"damage":25,"enemies":"Replay:Snechameleon","floor":31,"turns":7},{"damage":51,"enemies":"conspire:MysteriousRune","floor":33,"turns":9},{"damage":17,"enemies":"3 Darklings","floor":35,"turns":3},{"damage":2,"enemies":"3 Shapes","floor":36,"turns":3},{"damage":54,"enemies":"Giant Head","floor":40,"turns":8},{"damage":4,"enemies":"3 Darklings","floor":41,"turns":4},{"damage":0,"enemies":"Sphere and 2 Shapes","floor":46,"turns":2},{"damage":68,"enemies":"Awakened One","floor":50,"turns":11}],"seed_played":"3158598311357427190","potions_obtained":[{"floor":3,"key":"Swift Potion"},{"floor":4,"key":"Elixir"},{"floor":12,"key":"BlessingOfTheForge"},{"floor":16,"key":"Languid Potion"},{"floor":21,"key":"champ:CounterPotion"},{"floor":24,"key":"FairyPotion"},{"floor":30,"key":"sneckomod:MuddlingPotion"},{"floor":46,"key":"Explosive Potion"}],"is_trial":false,"path_per_floor":["M","M","M","M","M","R","$","R","T","R","?","M","$","E","R","B",null,"M","M","$","M","?","R","M","M","T","?","M","AVR","M","E","R","B",null,"M","M","AVR","T","?","E","M","R","T","?","R","M","$","?","R","B",null],"character_chosen":"YURI","items_purchased":["yuri:RemoveSafetyChecks","Tiny Chest","yuri:SturdyUniform+1"],"campfire_rested":1,"item_purchase_floors":[7,20,47],"current_hp_per_floor":[80,80,80,72,66,66,66,66,66,66,66,67,67,65,65,47,80,77,77,77,78,90,90,82,76,76,76,75,75,65,46,46,8,90,80,84,84,84,84,39,44,71,71,71,71,73,73,73,73,14],"gold":654,"neow_bonus":"THREE_ENEMY_KILL","is_daily":false,"chose_seed":false,"campfire_upgraded":5,"win_rate":0.0,"timestamp":1612927052,"path_taken":["M","M","?","M","M","R","$","R","T","R","?","M","?","E","R","BOSS","M","M","$","M","?","R","M","M","T","?","?","AVR","M","E","R","BOSS","M","M","AVR","?","?","E","M","R","T","?","R","M","$","?","R","BOSS"],"items_purchased_type":["Card","Relic","Card"],"build_version":"2020-12-22","purchased_purges":0,"victory":true,"max_hp_per_floor":[80,80,80,80,80,80,80,80,80,80,80,80,80,80,80,80,80,80,80,80,80,90,90,90,90,90,90,90,90,90,90,90,90,90,90,90,90,90,90,90,90,90,90,90,90,90,90,90,90,90],"relic_stats":{"Blood Vial":12,"counters":[23,109],"Tiny Chest":1,"Question Card":20,"obtain_stats":[{"Gremlin Food":38,"NeowsBlessing":0,"conspire:RoyalGoblet":29,"yuri:yuriKnife":0,"aspiration:RandomNobGenerator":17,"Frozen Egg 2":11,"hubris:Towel":39,"Question Card":26,"PrismaticShard":37,"Replay:Rubber Ducky":43,"Blood Vial":31,"yuri:GlitchPowder":40,"infinitespire:Bottled Soul":29,"hubris:ScarierMask":37,"Tiny Chest":20,"Bromod:ArcaneBarrier":34,"hubris:TenFootPole":14,"CCEMRelics:WhiteRose":9},{"Gremlin Food":19,"NeowsBlessing":0,"conspire:RoyalGoblet":14,"yuri:yuriKnife":0,"aspiration:RandomNobGenerator":8,"Frozen Egg 2":5,"hubris:Towel":19,"Question Card":13,"PrismaticShard":19,"Replay:Rubber Ducky":21,"Blood Vial":16,"yuri:GlitchPowder":20,"infinitespire:Bottled Soul":14,"hubris:ScarierMask":19,"Tiny Chest":10,"Bromod:ArcaneBarrier":17,"hubris:TenFootPole":7,"CCEMRelics:WhiteRose":5},{"Gremlin Food":84,"NeowsBlessing":0,"conspire:RoyalGoblet":56,"yuri:yuriKnife":0,"aspiration:RandomNobGenerator":30,"Frozen Egg 2":11,"hubris:Towel":84,"Question Card":52,"PrismaticShard":84,"Replay:Rubber Ducky":96,"Blood Vial":69,"yuri:GlitchPowder":92,"infinitespire:Bottled Soul":56,"hubris:ScarierMask":84,"Tiny Chest":37,"Bromod:ArcaneBarrier":78,"hubris:TenFootPole":20,"CCEMRelics:WhiteRose":11}]},"card_choices":[{"not_picked":["yuri:ThrowBook","yuri:HeavierStrike"],"picked":"yuri:WickedSlash","floor":1},{"not_picked":["yuri:Skip","yuri:MPose"],"picked":"yuri:Parry","floor":2},{"not_picked":["yuri:SelfHarm","yuri:ThrowBook"],"picked":"yuri:Parry","floor":3},{"not_picked":["yuri:TeaSet","yuri:DejaVu"],"picked":"yuri:BookPurple","floor":4},{"not_picked":["yuri:GlitchedStrike","yuri:WickedSlash"],"picked":"yuri:BookRed","floor":5},{"not_picked":["yuri:Skip","yuri:yuriHeavyStrike"],"picked":"yuri:Torment","floor":12},{"not_picked":["yuri:GlitchedStrike","yuri:HeavierStrike"],"picked":"yuri:TPose","floor":14},{"not_picked":["yuri:MirrorInsanity","yuri:ConsumeGlitch"],"picked":"yuri:Torment","floor":16},{"not_picked":["yuri:Skip","yuri:DebugCard"],"picked":"yuri:NerfBat","floor":18},{"not_picked":["yuri:CalmingAura","yuri:yuriHeavyStrike"],"picked":"yuri:MPose+1","floor":19},{"not_picked":["yuri:yuriHeavyStrike+1","yuri:ThornRemove"],"picked":"yuri:GlitchedStrike+1","floor":21},{"not_picked":["yuri:Stalk","yuri:MPose"],"picked":"yuri:GrowingInsanity+1","floor":24},{"not_picked":["yuri:MPose","yuri:SelfHarm+1"],"picked":"yuri:HeavierStrike","floor":25},{"not_picked":["yuri:ReactiveMadness+1","yuri:ThrowBook+1","yuri:WickedSlash"],"picked":"yuri:Spin","floor":28},{"not_picked":["yuri:ReactiveMadness","yuri:ThornRemove","yuri:ReloadGame"],"picked":"yuri:ChibiInvasion","floor":30},{"not_picked":["yuri:Suicide","yuri:DebugCard","yuri:yuriQuickStrike+1"],"picked":"yuri:Spin+1","floor":31},{"not_picked":["yuri:RelentlessStrikes+1","yuri:GhostForm+1","yuri:GlitchRemove+1"],"picked":"yuri:MagneticKnives+1","floor":33},{"not_picked":["yuri:WickedSlash","yuri:ThrowBook+1","yuri:Stalk"],"picked":"yuri:HoldBack+1","floor":35},{"not_picked":["yuri:GlitchedStrike+1","yuri:ThornRemove+1","yuri:RepairCode"],"picked":"yuri:BrokenCode+1","floor":36},{"not_picked":["sneckomod:UnknownClassYURI_PURPLE","blazmod:TravelJournal+1","alterego_mod:Cycle+1"],"picked":"PrismaMod:ChloeExcalibur","floor":40},{"not_picked":["theextravagant:Precaution","hexamod:AdvancingGuard+1","TheCursedMod:BlessingInDisguise"],"picked":"construct:ReactiveShield+1","floor":41},{"not_picked":["Mind Blast","Metamorphosis","Flash of Steel"],"picked":"Transmutation","floor":44},{"not_picked":["hubris:Ssssneak","Feint","Mind Blast"],"picked":"Sharp Hide","floor":44},{"not_picked":["Bromod:BloodRush+1","TheCursedMod:VitalStrike","PrismaMod:IllyaCommandSeal"],"picked":"stsjorbsmod:Prestidigitation+1","floor":46}],"player_experience":755624,"relics_obtained":[{"floor":9,"key":"CCEMRelics:WhiteRose"},{"floor":14,"key":"hubris:TenFootPole"},{"floor":26,"key":"Question Card"},{"floor":31,"key":"Blood Vial"},{"floor":38,"key":"Gremlin Food"},{"floor":40,"key":"yuri:GlitchPowder"},{"floor":43,"key":"Replay:Rubber Ducky"}],"event_choices":[{"cards_removed":["yuri:RemoveSafetyChecks"],"damage_healed":2,"gold_gain":0,"player_choice":"Offered Rare","damage_taken":0,"max_hp_gain":10,"max_hp_loss":0,"event_name":"Bonfire Elementals","floor":22,"gold_loss":0},{"damage_healed":0,"gold_gain":250,"player_choice":"Bet on Owner","damage_taken":0,"max_hp_gain":0,"max_hp_loss":0,"event_name":"The Joust","floor":27,"gold_loss":50},{"damage_healed":0,"gold_gain":3,"player_choice":"1","damage_taken":0,"max_hp_gain":0,"max_hp_loss":0,"event_name":"betterStone:BetterStone","floor":44,"gold_loss":0},{"damage_healed":0,"gold_gain":0,"player_choice":"Upgraded","damage_taken":0,"max_hp_gain":0,"max_hp_loss":0,"event_name":"Upgrade Shrine","floor":48,"gold_loss":0,"cards_upgraded":["Sharp Hide"]}],"is_beta":false,"boss_relics":[{"not_picked":["Ectoplasm","hubris:HollowSoul"],"picked":"aspiration:RandomNobGenerator"},{"not_picked":["hubris:Stopwatch","construct:ClawGrip"],"picked":"Bromod:ArcaneBarrier"}],"items_purged_floors":[],"is_endless":false,"potions_floor_spawned":[3,4,12,16,21,24,30,31,41,46],"ascension_level":0}}