{"host":"djoj10dqzzvtkauc","time":1612986152,"event":{"mods":["2.2 Compatiblity","BaseMod","Colored Map","DeckTracker","Highlight Path","Keyboard Shortcuts","Marisa£¨Ùöéë¡¡Øª×âÞÞ£©","Minty Spire (QoL Compilation)","Permanent Neow","Quick Restart","Random Character Button","StSLib","SuperFastMode","everything is the same but u backflip on backflip"],"gold_per_floor":[109,129,145,165,0,0,35,47,47,47,81,81,114,133,133,232,232,246,264,33,60,60,92,92,92,92,103,30,30,42,54,54,157,157,169,186,236,29,251,251,28,28,81,114,130,130,147,160,160,160],"floor_reached":51,"language":"KOR","playtime":1938,"items_purged":["Strike_G","Defend_G"],"score":1207,"play_id":"27a581cf-b8eb-4f09-8e51-c192367d2152","local_time":"20210211044232","is_ascension_mode":true,"campfire_choices":[{"data":"Well Laid Plans","floor":6.0,"key":"SMITH"},{"data":"Dagger Spray","floor":10.0,"key":"SMITH"},{"data":"After Image","floor":12.0,"key":"SMITH"},{"data":"Leg Sweep","floor":15.0,"key":"SMITH"},{"data":"Backflip","floor":24.0,"key":"SMITH"},{"data":"Cloak And Dagger","floor":29.0,"key":"SMITH"},{"data":"Cloak And Dagger","floor":32.0,"key":"SMITH"},{"data":"Terror","floor":40.0,"key":"SMITH"},{"data":"Accuracy","floor":42.0,"key":"SMITH"},{"data":"Finisher","floor":49,"key":"SMITH"}],"circlet_count":0,"master_deck":["AscendersBane","Defend_G","Defend_G","Defend_G","Defend_G","Survivor","Neutralize","Riddle With Holes","Backstab","Well Laid Plans+1","Dagger Spray+1","Terror+1","Cloak And Dagger+1","Finisher+1","Poisoned Stab","Cloak And Dagger+1","After Image+1","Die Die Die","Leg Sweep+1","Corpse Explosion","Masterful Stab","Accuracy+1","Backflip+1","Choke","PiercingWail","Bite","Bite","Bite","Bite","Bite","Backflip","After Image+1","Infinite Blades+1","Dagger Throw+1","Acrobatics","Wraith Form v2+1","CurseOfTheBell","Accuracy+1","Flying Knee+1","Dagger Spray+1","Footwork+1","Crippling Poison","Malaise","Deflect","Tools of the Trade+1","Dodge and Roll+1","Infinite Blades+1"],"relics":["Ring of the Snake","Strawberry","Oddly Smooth Stone","Centennial Puzzle","Meat on the Bone","Coffee Dripper","Red Mask","Frozen Egg 2","Toy Ornithopter","Lantern","Calling Bell","Orichalcum","Sundial","Unceasing Top","Torii","Membership Card","Lizard Tail","Anchor","Bag of Preparation"],"acts_visited":["Exordium","TheCity","TheBeyond"],"potions_floor_usage":[45,50,50],"damage_taken":[{"damage":5.0,"enemies":"Cultist","floor":1.0,"turns":5.0},{"damage":4.0,"enemies":"Small Slimes","floor":2.0,"turns":4.0},{"damage":4.0,"enemies":"Jaw Worm","floor":3.0,"turns":2.0},{"damage":7.0,"enemies":"2 Fungi Beasts","floor":4.0,"turns":4.0},{"damage":0.0,"enemies":"Gremlin Nob","floor":7.0,"turns":2.0},{"damage":0.0,"enemies":"Large Slime","floor":8.0,"turns":4.0},{"damage":12.0,"enemies":"3 Sentries","floor":11.0,"turns":7.0},{"damage":2.0,"enemies":"Lagavulin","floor":13.0,"turns":5.0},{"damage":0.0,"enemies":"Gremlin Gang","floor":14.0,"turns":1.0},{"damage":45.0,"enemies":"Slime Boss","floor":16.0,"turns":12.0},{"damage":3.0,"enemies":"Shell Parasite","floor":18.0,"turns":5.0},{"damage":10.0,"enemies":"Spheric Guardian","floor":19.0,"turns":4.0},{"damage":9.0,"enemies":"Masked Bandits","floor":21.0,"turns":4.0},{"damage":29.0,"enemies":"Book of Stabbing","floor":23.0,"turns":7.0},{"damage":0.0,"enemies":"3 Cultists","floor":27.0,"turns":4.0},{"damage":0.0,"enemies":"Snake Plant","floor":30.0,"turns":5.0},{"damage":0.0,"enemies":"Centurion and Healer","floor":31.0,"turns":5.0},{"damage":44.0,"enemies":"Automaton","floor":33.0,"turns":10.0},{"damage":15.0,"enemies":"3 Darklings","floor":35.0,"turns":5.0},{"damage":6.0,"enemies":"Orb Walker","floor":36.0,"turns":5.0},{"damage":3.0,"enemies":"Mind Bloom Boss Battle","floor":37.0,"turns":7.0},{"damage":1,"enemies":"Reptomancer","floor":44,"turns":7},{"damage":0,"enemies":"Transient","floor":45,"turns":5},{"damage":7,"enemies":"Jaw Worm Horde","floor":47,"turns":3},{"damage":9,"enemies":"4 Shapes","floor":48,"turns":5},{"damage":35,"enemies":"Awakened One","floor":50,"turns":12}],"seed_played":"6420064165109307277","potions_obtained":[{"floor":2.0,"key":"SkillPotion"},{"floor":3.0,"key":"Swift Potion"},{"floor":8.0,"key":"Swift Potion"},{"floor":14.0,"key":"GhostInAJar"},{"floor":16.0,"key":"BlessingOfTheForge"},{"floor":19.0,"key":"EssenceOfSteel"},{"floor":23.0,"key":"Ancient Potion"},{"floor":30.0,"key":"GamblersBrew"},{"floor":33.0,"key":"CunningPotion"},{"floor":35.0,"key":"EssenceOfSteel"},{"floor":45,"key":"Energy Potion"}],"is_trial":false,"path_per_floor":["M","M","M","M","$","R","E","M","T","R","E","R","E","M","R","B",null,"M","M","$","?","?","E","R","?","T","M","$","R","M","M","R","B",null,"M","M","?","$","?","R","$","R","T","E","M","?","M","M","R","B",null],"character_chosen":"THE_SILENT","items_purchased":["Terror","Cloak And Dagger","Finisher","Accuracy","Backflip","Choke","Infinite Blades+1","Membership Card","Footwork+1","Crippling Poison","Lizard Tail"],"campfire_rested":0,"item_purchase_floors":[5,5,5,20,20,20,28,38,41,41,41],"current_hp_per_floor":[60,58,56,51,51,51,60,62,62,62,52,52,52,54,54,23,64,63,55,55,48,48,39,39,39,39,41,41,41,49,55,55,39,68,61,59,62,62,62,62,62,62,62,71,77,77,70,67,67,46],"gold":160,"neow_bonus":"RANDOM_COMMON_RELIC","is_daily":false,"chose_seed":false,"campfire_upgraded":10,"win_rate":0.0,"timestamp":1612986152,"path_taken":["M","M","M","M","$","R","E","M","T","R","E","R","E","M","R","BOSS","M","M","$","?","?","E","R","?","T","?","?","R","M","M","R","BOSS","M","M","?","$","?","R","$","R","T","E","M","?","M","?","R","BOSS"],"items_purchased_type":["Card","Card","Card","Card","Card","Card","Card","Relic","Card","Card","Relic"],"build_version":"2020-12-22","purchased_purges":2,"victory":true,"max_hp_per_floor":[70,70,70,70,70,70,77,77,77,77,77,77,77,77,77,77,77,77,77,77,77,77,77,77,77,77,77,77,77,77,77,77,77,77,77,77,77,77,77,77,77,77,77,77,77,77,77,77,77,77],"card_choices":[{"not_picked":["Deflect","Bane"],"picked":"Riddle With Holes","floor":1.0},{"not_picked":["Concentrate","Cloak And Dagger"],"picked":"Backstab","floor":2.0},{"not_picked":["All Out Attack","Underhanded Strike"],"picked":"Well Laid Plans","floor":3.0},{"not_picked":["Reflex","Poisoned Stab"],"picked":"Dagger Spray","floor":4.0},{"not_picked":["Sucker Punch","Terror"],"picked":"Poisoned Stab","floor":7.0},{"not_picked":["All Out Attack","Prepared"],"picked":"Cloak And Dagger","floor":8.0},{"not_picked":["Quick Slash","Setup"],"picked":"After Image","floor":11.0},{"not_picked":["Slice","Expertise"],"picked":"Die Die Die","floor":13.0},{"not_picked":["Dagger Throw","Predator"],"picked":"Leg Sweep","floor":14.0},{"not_picked":["Adrenaline","Doppelganger"],"picked":"Corpse Explosion","floor":16.0},{"not_picked":["Blade Dance","Eviscerate"],"picked":"Masterful Stab","floor":18.0},{"not_picked":["Flying Knee","Bane","Riddle With Holes"],"picked":"SKIP","floor":19.0},{"not_picked":["Outmaneuver+1","Sucker Punch"],"picked":"PiercingWail","floor":21.0},{"not_picked":["Finisher","Slice+1"],"picked":"Backflip","floor":23.0},{"not_picked":["Backflip","Slice"],"picked":"After Image+1","floor":27.0},{"not_picked":["Backstab","Prepared"],"picked":"Dagger Throw+1","floor":30.0},{"not_picked":["Expertise","Prepared"],"picked":"Acrobatics","floor":31.0},{"not_picked":["Grand Finale","Glass Knife"],"picked":"Wraith Form v2+1","floor":33.0},{"not_picked":["Bouncing Flask+1","Skewer"],"picked":"Accuracy+1","floor":35.0},{"not_picked":["Slice","Quick Slash"],"picked":"Flying Knee+1","floor":36.0},{"not_picked":["Masterful Stab+1","Heel Hook+1"],"picked":"Dagger Spray+1","floor":37.0},{"not_picked":["Bane","Slice+1"],"picked":"Malaise","floor":44},{"not_picked":["Outmaneuver","Bouncing Flask"],"picked":"Deflect","floor":45},{"not_picked":["Masterful Stab","Cloak And Dagger+1"],"picked":"Dodge and Roll+1","floor":47},{"not_picked":["Backflip","Unload"],"picked":"Infinite Blades+1","floor":48}],"player_experience":217676,"relics_obtained":[{"floor":7.0,"key":"Strawberry"},{"floor":9.0,"key":"Oddly Smooth Stone"},{"floor":11.0,"key":"Centennial Puzzle"},{"floor":13.0,"key":"Meat on the Bone"},{"floor":21.0,"key":"Red Mask"},{"floor":23.0,"key":"Frozen Egg 2"},{"floor":26.0,"key":"Lantern"},{"floor":34.0,"key":"Orichalcum"},{"floor":34.0,"key":"Sundial"},{"floor":34.0,"key":"Unceasing Top"},{"floor":37.0,"key":"Torii"},{"floor":43.0,"key":"Anchor"},{"floor":44,"key":"Bag of Preparation"}],"event_choices":[{"damage_healed":0.0,"max_hp_gain":0.0,"max_hp_loss":0.0,"gold_gain":0.0,"event_name":"Masked Bandits","player_choice":"Fought Bandits","floor":21.0,"gold_loss":0.0,"damage_taken":0.0},{"damage_healed":0.0,"max_hp_gain":0.0,"max_hp_loss":0.0,"gold_gain":0.0,"event_name":"Vampires","player_choice":"Became a vampire (Vial)","floor":22.0,"relics_lost":["Blood Vial"],"gold_loss":0.0,"damage_taken":0.0,"cards_obtained":["Bite","Bite","Bite","Bite","Bite"]},{"damage_healed":0.0,"max_hp_gain":0.0,"max_hp_loss":0.0,"gold_gain":0.0,"event_name":"WeMeetAgain","player_choice":"Gave Potion","floor":25.0,"gold_loss":0.0,"damage_taken":0.0,"relics_obtained":["Toy Ornithopter"]},{"damage_healed":0.0,"max_hp_gain":0.0,"max_hp_loss":0.0,"gold_gain":0.0,"event_name":"MindBloom","player_choice":"Fight","floor":37.0,"gold_loss":0.0,"damage_taken":0.0},{"damage_healed":0.0,"max_hp_gain":0.0,"max_hp_loss":0.0,"gold_gain":222.0,"event_name":"Tomb of Lord Red Mask","player_choice":"Wore Mask","floor":39.0,"gold_loss":0.0,"damage_taken":0.0},{"damage_healed":0,"gold_gain":0,"player_choice":"1 cards matched","damage_taken":0,"max_hp_gain":0,"max_hp_loss":0,"event_name":"Match and Keep!","floor":46,"gold_loss":0,"cards_obtained":["Tools of the Trade"]}],"is_beta":false,"boss_relics":[{"not_picked":["Cursed Key","SlaversCollar"],"picked":"Coffee Dripper"},{"not_picked":["Astrolabe","Snecko Eye"],"picked":"Calling Bell"}],"items_purged_floors":[20,38],"is_endless":false,"potions_floor_spawned":[2,3,4,8,14,16,19,23,30,33,35,37,44,45],"ascension_level":12}}