{"host":"daa8jqyg4gqfaysm","time":1612981540,"event":{"mods":["BaseMod","Colored Powertips","Minty Spire (QoL Compilation)","StSLib"],"gold_per_floor":[114,114,129,129,143,143,171,171,171,171,205,205,216,245,245,322,322,342,342,357,373,84,84,116,116,116,116,116],"floor_reached":27,"language":"ENG","playtime":638,"items_purged":["Strike_B"],"score":498,"play_id":"ea5f7b78-1d8e-4c93-82f9-3c4f010854bc","local_time":"20210210132540","is_ascension_mode":true,"campfire_choices":[{"floor":6,"key":"REST"},{"data":"Sunder","floor":8,"key":"SMITH"},{"floor":10,"key":"REST"},{"floor":15,"key":"REST"},{"floor":23,"key":"REST"},{"floor":25,"key":"REST"}],"circlet_count":0,"master_deck":["AscendersBane","Strike_B+1","Strike_B","Defend_B","Defend_B+1","Defend_B","Defend_B","Zap","Dualcast","Sweeping Beam","Rebound","Sunder+1","Echo Form","Loop","Self Repair","Ball Lightning","Electrodynamics","Glacier","FTL","Cold Snap","Barrage"],"relics":["Cracked Core","Lizard Tail","Pantograph","Du-Vu Doll","Omamori","Inserter","Nunchaku","Lantern","Art of War","Boot"],"acts_visited":["Exordium","TheCity"],"potions_floor_usage":[11,14,14,14,24,27],"damage_taken":[{"damage":1,"enemies":"2 Louse","floor":1,"turns":2},{"damage":0,"enemies":"Jaw Worm","floor":3,"turns":3},{"damage":7,"enemies":"Small Slimes","floor":5,"turns":2},{"damage":22,"enemies":"3 Sentries","floor":7,"turns":5},{"damage":3,"enemies":"Lagavulin","floor":11,"turns":5},{"damage":6,"enemies":"Looter","floor":13,"turns":2},{"damage":24,"enemies":"Gremlin Nob","floor":14,"turns":4},{"damage":8,"enemies":"Slime Boss","floor":16,"turns":6},{"damage":47,"enemies":"2 Thieves","floor":18,"turns":5},{"damage":11,"enemies":"Spheric Guardian","floor":20,"turns":6},{"damage":37,"enemies":"Snake Plant","floor":21,"turns":6},{"damage":31,"enemies":"Gremlin Leader","floor":24,"turns":5},{"damage":20,"enemies":"Slavers","floor":27,"turns":3}],"seed_played":"-3171690507869404772","potions_obtained":[{"floor":3,"key":"Block Potion"},{"floor":5,"key":"EntropicBrew"},{"floor":13,"key":"BlessingOfTheForge"},{"floor":16,"key":"SteroidPotion"},{"floor":24,"key":"Block Potion"}],"is_trial":false,"path_per_floor":["M","?","M","?","M","R","E","R","T","R","E","?","M","E","R","B",null,"M","?","M","M","$","R","E","R","T","E"],"character_chosen":"DEFECT","items_purchased":["Lantern","Cold Snap"],"campfire_rested":5,"item_purchase_floors":[22,22],"current_hp_per_floor":[59,33,33,26,19,44,22,22,22,47,44,33,27,3,28,45,75,35,35,38,8,8,33,9,34,34,14,14],"gold":116,"neow_bonus":"TWENTY_PERCENT_HP_BONUS","is_daily":false,"chose_seed":false,"campfire_upgraded":1,"win_rate":0.0,"timestamp":1612981540,"path_taken":["M","?","M","?","?","R","E","R","T","R","E","?","M","E","R","BOSS","M","?","M","M","$","R","E","R","T","E"],"items_purchased_type":["Relic","Card"],"build_version":"2020-12-22","purchased_purges":1,"victory":false,"max_hp_per_floor":[85,85,85,85,85,85,85,85,85,85,85,85,85,85,85,85,85,85,85,85,85,85,85,85,85,85,85,85],"card_choices":[{"not_picked":["Hello World","Heatsinks"],"picked":"Sweeping Beam","floor":1},{"not_picked":["Tempest","Redo"],"picked":"Rebound","floor":3},{"not_picked":["Loop","Stack"],"picked":"Sunder","floor":5},{"not_picked":["Beam Cell","FTL"],"picked":"Echo Form","floor":7},{"not_picked":["Amplify","Static Discharge"],"picked":"Loop","floor":11},{"not_picked":["Sweeping Beam","BootSequence"],"picked":"Self Repair","floor":13},{"not_picked":["Lockon","Chill"],"picked":"Ball Lightning","floor":14},{"not_picked":["Amplify","Hyperbeam"],"picked":"Electrodynamics","floor":16},{"not_picked":["Redo","Rebound"],"picked":"Glacier","floor":18},{"not_picked":["Beam Cell","Reprogram+1","Turbo"],"picked":"SKIP","floor":20},{"not_picked":["Beam Cell","BootSequence"],"picked":"FTL","floor":21},{"not_picked":["Reprogram","Scrape+1"],"picked":"Barrage","floor":24}],"player_experience":869500,"relics_obtained":[{"floor":7,"key":"Lizard Tail"},{"floor":11,"key":"Pantograph"},{"floor":14,"key":"Omamori"},{"floor":24,"key":"Art of War"},{"floor":26,"key":"Boot"}],"event_choices":[{"damage_healed":0,"gold_gain":0,"player_choice":"Entered Light","damage_taken":26,"max_hp_gain":0,"max_hp_loss":0,"event_name":"Shining Light","floor":2,"gold_loss":0,"cards_upgraded":["Defend_B","Strike_B"]},{"cards_removed":["Strike_B"],"damage_healed":0,"gold_gain":0,"player_choice":"Card Removal","damage_taken":7,"max_hp_gain":0,"max_hp_loss":0,"event_name":"Golden Wing","floor":4,"gold_loss":0},{"damage_healed":0,"gold_gain":0,"player_choice":"Success","damage_taken":11,"relics_obtained":["Du-Vu Doll"],"max_hp_gain":0,"max_hp_loss":0,"event_name":"Scrap Ooze","floor":12,"gold_loss":0},{"damage_healed":0,"gold_gain":0,"player_choice":"Stole Relic","damage_taken":0,"relics_obtained":["Nunchaku"],"max_hp_gain":0,"max_hp_loss":0,"event_name":"Addict","floor":19,"gold_loss":0,"cards_obtained":["Shame"]}],"is_beta":false,"boss_relics":[{"not_picked":["SlaversCollar","Astrolabe"],"picked":"Inserter"}],"items_purged_floors":[22],"is_endless":false,"potions_floor_spawned":[3,5,13,16,18,21,24],"killed_by":"Slavers","ascension_level":20}}