{"host":"wfkvcf4y4vkrpwe0","time":1612976920,"event":{"mods":["BaseMod","Conspire","Downfall","Hermit","Minty Spire (QoL Compilation)","StSLib","The Construct","The Cursed","The Disciple","The Hierophant","The Necromancer"],"gold_per_floor":[99,119,119,131,146,165,165,181,181,356,376,404,60,72,92,190,190,190,200,200,216,216,216,216,301,315,315,315,25,35,46,59,59,59,59],"floor_reached":33,"language":"ENG","playtime":1389,"items_purged":["downfall:Bewildered","hexamod:Float"],"score":253,"play_id":"85dddd74-d4e5-499a-80bc-602e3cca89ba","local_time":"20210210170840","is_ascension_mode":false,"campfire_choices":[{"data":"hexamod:Sear","floor":1,"key":"SMITH"},{"data":"hexamod:ForkedFlame","floor":9,"key":"SMITH"},{"data":"hexamod:UnlimitedPower","floor":18,"key":"SMITH"},{"floor":23,"key":"REST"},{"floor":27,"key":"REST"}],"circlet_count":0,"master_deck":["hexamod:Strike","hexamod:Strike","hexamod:Strike","hexamod:Strike","hexamod:Defend","hexamod:Defend","hexamod:Defend","hexamod:Defend","hexamod:Sear+1","hexamod:Float","hexamod:Sear+1","hexamod:ForkedFlame+1","hexamod:UnlimitedPower+1"],"relics":["hexamod:SpiritBrand","conspire:InfiniteJournal","Gremlin Horn","conspire:Boomerang","Pantograph","Runic Dome","Membership Card","Blood Vial"],"acts_visited":["Exordium","TheCity"],"potions_floor_usage":[12,15,16,16,33],"damage_taken":[{"damage":0,"enemies":"Cultist","floor":2,"turns":3},{"damage":1,"enemies":"Jaw Worm","floor":4,"turns":3},{"damage":0,"enemies":"2 Louse","floor":5,"turns":3},{"damage":12,"enemies":"2 Fungi Beasts","floor":6,"turns":4},{"damage":3,"enemies":"Red Slaver","floor":8,"turns":3},{"damage":1,"enemies":"2 Fungi Beasts","floor":11,"turns":3},{"damage":23,"enemies":"Gremlin Nob","floor":12,"turns":4},{"damage":5,"enemies":"downfall:FleeingMerchant","floor":13,"turns":4},{"damage":13,"enemies":"Large Slime","floor":14,"turns":4},{"damage":13,"enemies":"Lots of Slimes","floor":15,"turns":4},{"damage":3,"enemies":"SI_SHIV_ARCHETYPE","floor":16,"turns":4},{"damage":12,"enemies":"Spheric Guardian","floor":19,"turns":4},{"damage":12,"enemies":"Centurion and Healer","floor":21,"turns":4},{"damage":21,"enemies":"3 Cultists","floor":26,"turns":4},{"damage":5,"enemies":"downfall:FleeingMerchant","floor":29,"turns":4},{"damage":3,"enemies":"Snecko","floor":30,"turns":3},{"damage":15,"enemies":"Centurion and Healer","floor":31,"turns":4},{"damage":23,"enemies":"Snake Plant","floor":32,"turns":3},{"damage":45,"enemies":"DF_ARCHETYPE_CLAW","floor":33,"turns":5}],"seed_played":"-3128036968773267276","potions_obtained":[{"floor":6,"key":"PowerPotion"},{"floor":8,"key":"Regen Potion"},{"floor":12,"key":"hexamod:SoulburnPotion"},{"floor":14,"key":"Regen Potion"},{"floor":21,"key":"FairyPotion"},{"floor":30,"key":"SkillPotion"},{"floor":31,"key":"Slimebound:ThreeZeroPotion"}],"is_trial":false,"path_per_floor":["R","M","?","M","M","M","T","M","R","?","M","E","$","M","M","B",null,"R","M","?","M","?","R","T","?","M","R","?","$","M","M","M","B"],"character_chosen":"THE_SPIRIT","items_purchased":["Pantograph","Membership Card","Blood Vial"],"campfire_rested":2,"item_purchase_floors":[13,29,29],"current_hp_per_floor":[63,63,63,62,62,50,50,47,47,47,46,28,23,10,11,33,63,63,51,51,39,39,57,57,43,22,40,40,35,34,21,18,0,0,0],"gold":59,"neow_bonus":"ONE_RARE_RELIC","is_daily":false,"chose_seed":false,"campfire_upgraded":3,"win_rate":0.0,"timestamp":1612976920,"path_taken":["R","M","?","M","?","M","T","M","R","?","M","E","$","M","M","BOSS","R","M","?","M","?","R","T","?","M","R","?","?","M","M","M","BOSS"],"items_purchased_type":["Relic","Relic","Relic"],"build_version":"2020-12-22","purchased_purges":2,"victory":false,"max_hp_per_floor":[63,63,63,63,63,63,63,63,63,63,63,63,63,63,63,63,63,63,63,63,63,63,63,63,63,63,63,63,63,63,63,63,63,63,63],"card_choices":[{"not_picked":["hexamod:ShieldOfDarkness","hexamod:FlamesFromBeyond","hexamod:FourthSeal"],"picked":"SKIP","floor":2},{"not_picked":["hexamod:PhantomCloak","hexamod:Incineration","hexamod:GhostShield"],"picked":"SKIP","floor":4},{"not_picked":["hexamod:BurningTouch","hexamod:PhantomCloak","hexamod:SuperheatedStrike"],"picked":"SKIP","floor":5},{"not_picked":["hexamod:AdvancingGuard","hexamod:HeatMetal"],"picked":"hexamod:ForkedFlame","floor":6},{"not_picked":["hexamod:Hexaguard","hexamod:SpectralAdrenaline","hexamod:AdvancingGuard"],"picked":"SKIP","floor":8},{"not_picked":["hexamod:SecondSeal","hexamod:SwordOfDarkness","hexamod:SpectersWail"],"picked":"SKIP","floor":11},{"not_picked":["hexamod:Hexaguard","hexamod:SkipABeat","hexamod:HeatMetal"],"picked":"SKIP","floor":12},{"not_picked":["hexamod:HauntingEcho","hexamod:BurningTouch","hexamod:HeatMetal"],"picked":"SKIP","floor":13},{"not_picked":["hexamod:ThermalTransfer","hexamod:HeatCrush","hexamod:RainOfEmbers"],"picked":"SKIP","floor":14},{"not_picked":["hexamod:ShieldOfDarkness","hexamod:Incineration","hexamod:SwordOfDarkness"],"picked":"SKIP","floor":15},{"not_picked":["hexamod:Toasty","hexamod:GhostflameInferno"],"picked":"hexamod:UnlimitedPower","floor":16},{"not_picked":["hexamod:Firestarter","hexamod:SpectersWail","hexamod:NightmareGuise"],"picked":"SKIP","floor":19},{"not_picked":["hexamod:AdvancingGuard","hexamod:FourthSeal","hexamod:NightmareStrike"],"picked":"SKIP","floor":21},{"not_picked":["hexamod:RainOfEmbers","hexamod:HeatMetal","hexamod:BacktrackSmack"],"picked":"SKIP","floor":26},{"not_picked":["hexamod:HeatShield","hexamod:ThirdSeal","hexamod:FlamesFromBeyond"],"picked":"SKIP","floor":29},{"not_picked":["hexamod:HeatMetal","hexamod:TurnItUp","hexamod:Haunt"],"picked":"SKIP","floor":30},{"not_picked":["hexamod:RecurringNightmare+1","hexamod:NightmareGuise+1","hexamod:SuperheatedStrike"],"picked":"SKIP","floor":31},{"not_picked":["hexamod:NightmareStrike","hexamod:SpectersWail","hexamod:ThirdSeal"],"picked":"SKIP","floor":32}],"player_experience":591318,"relics_obtained":[{"floor":7,"key":"Gremlin Horn"},{"floor":12,"key":"conspire:Boomerang"}],"event_choices":[{"damage_healed":0,"gold_gain":0,"player_choice":"Leave","damage_taken":0,"max_hp_gain":0,"max_hp_loss":0,"event_name":"conspire:Investor","floor":20,"gold_loss":0},{"damage_healed":0,"gold_gain":0,"player_choice":"Ignored","damage_taken":0,"max_hp_gain":0,"max_hp_loss":0,"event_name":"Vampires","floor":28,"gold_loss":0}],"is_beta":false,"boss_relics":[{"not_picked":["Coffee Dripper","Runic Pyramid"],"picked":"Runic Dome"}],"items_purged_floors":[13,29],"is_endless":false,"potions_floor_spawned":[6,8,12,14,21,30,31],"killed_by":"DF_ARCHETYPE_CLAW","ascension_level":0}}