{"host":"f5gffvlv6a66yqkd","time":1612927516,"event":{"mods":["2.2 Compatiblity","BaseMod","Colored Map","Custom Start","DeckTracker","Keyboard Shortcuts","Minty Spire (QoL Compilation)","Permanent Neow","Quick Restart","Relic Stats","StSLib","SuperFastMode"],"gold_per_floor":[211,261,272,272,291,291,311,64,117,82,102,102,102,113,113,113,113],"floor_reached":16,"language":"KOR","playtime":343,"items_purged":[],"score":184,"play_id":"102fbfbf-d250-4279-8bd1-0bcb034160ed","local_time":"20210210122516","is_ascension_mode":true,"campfire_choices":[{"data":"Zap","floor":6,"key":"SMITH"},{"floor":13,"key":"REST"},{"data":"Defragment","floor":15,"key":"SMITH"}],"circlet_count":0,"master_deck":["AscendersBane","Strike_B","Strike_B+1","Strike_B","Strike_B","Defend_B","Defend_B","Defend_B","Defend_B+1","Zap+1","Dualcast","Compile Driver","Ball Lightning","Turbo","Cold Snap","Defragment+1","Defragment","Glacier","Hologram","Chill"],"relics":["Cracked Core","Orrery","Blood Vial","Happy Flower"],"acts_visited":["Exordium"],"potions_floor_usage":[],"damage_taken":[{"damage":4,"enemies":"Jaw Worm","floor":1,"turns":3},{"damage":1,"enemies":"Cultist","floor":3,"turns":3},{"damage":0,"enemies":"Small Slimes","floor":5,"turns":2},{"damage":7,"enemies":"3 Louse","floor":7,"turns":3},{"damage":13,"enemies":"Blue Slaver","floor":11,"turns":3},{"damage":16,"enemies":"Lots of Slimes","floor":14,"turns":4},{"damage":11,"enemies":"Hexaghost","floor":16,"turns":11}],"seed_played":"7652537619959676824","potions_obtained":[{"floor":1,"key":"Ancient Potion"},{"floor":7,"key":"Dexterity Potion"},{"floor":14,"key":"LiquidBronze"}],"is_trial":false,"path_per_floor":["M","?","M","?","M","R","M","$","T","?","M","?","R","M","R","B"],"character_chosen":"DEFECT","items_purchased":["Defragment","Orrery"],"campfire_rested":1,"item_purchase_floors":[8,8],"current_hp_per_floor":[60,53,52,31,31,31,24,24,24,24,13,8,29,15,15,6,6],"gold":113,"neow_bonus":"HUNDRED_GOLD","is_daily":false,"chose_seed":false,"campfire_upgraded":2,"win_rate":0.0,"timestamp":1612927516,"path_taken":["M","?","?","?","M","R","M","$","T","?","M","?","R","M","R","BOSS"],"items_purchased_type":["Card","Relic"],"build_version":"2020-12-22","purchased_purges":0,"victory":false,"max_hp_per_floor":[71,71,71,71,71,71,71,71,71,71,71,71,71,71,71,71,71],"relic_stats":{"Blood Vial":6,"Happy Flower":[5],"counters":[7,29],"obtain_stats":[{"Blood Vial":9,"Happy Flower":12,"Orrery":8,"Cracked Core":0},{"Blood Vial":4,"Happy Flower":5,"Orrery":4,"Cracked Core":0},{"Blood Vial":11,"Happy Flower":14,"Orrery":11,"Cracked Core":0}]},"card_choices":[{"not_picked":["Blizzard","Coolheaded"],"picked":"Compile Driver","floor":1},{"not_picked":["Recycle","Compile Driver"],"picked":"Ball Lightning","floor":3},{"not_picked":["Compile Driver","Sweeping Beam"],"picked":"Turbo","floor":5},{"not_picked":["Coolheaded","Ball Lightning"],"picked":"Cold Snap","floor":7},{"not_picked":["Go for the Eyes","Sweeping Beam"],"picked":"Defragment","floor":8},{"not_picked":["Sunder","Rebound"],"picked":"Glacier","floor":8},{"not_picked":["Chaos","Consume"],"picked":"Hologram","floor":8},{"not_picked":["Turbo","Gash"],"picked":"Chill","floor":8},{"not_picked":["Heatsinks","Turbo","Stack"],"picked":"SKIP","floor":11},{"not_picked":["Doom and Gloom","Turbo","Hologram"],"picked":"SKIP","floor":14}],"player_experience":1716042,"relics_obtained":[{"floor":9,"key":"Blood Vial"}],"event_choices":[{"damage_healed":0,"gold_gain":50,"player_choice":"Touch","damage_taken":7,"max_hp_gain":0,"max_hp_loss":0,"event_name":"FaceTrader","floor":2,"gold_loss":0},{"damage_healed":0,"gold_gain":0,"player_choice":"Entered Light","damage_taken":21,"max_hp_gain":0,"max_hp_loss":0,"event_name":"Shining Light","floor":4,"gold_loss":0,"cards_upgraded":["Defend_B","Strike_B"]},{"damage_healed":0,"gold_gain":0,"player_choice":"Left Gold","damage_taken":0,"max_hp_gain":0,"max_hp_loss":0,"event_name":"World of Goop","floor":10,"gold_loss":35},{"damage_healed":0,"gold_gain":0,"player_choice":"Success","damage_taken":5,"relics_obtained":["Happy Flower"],"max_hp_gain":0,"max_hp_loss":0,"event_name":"Scrap Ooze","floor":12,"gold_loss":0}],"is_beta":false,"boss_relics":[],"items_purged_floors":[],"is_endless":false,"potions_floor_spawned":[1,7,14],"killed_by":"Hexaghost","ascension_level":20}}