{"host":"c4wbe3youf5363qr","time":1612941490,"event":{"mods":["Act Like it!","BaseMod","Bestiary","Curses Come First","DeckTracker","Energized Spire","Minty Spire (QoL Compilation)","Relic Stats","Reliquary","StSLib","The Marked"],"gold_per_floor":[118,193,368,368,379,379,379,395,395,395,139,171,186,203,203,300,300,300],"floor_reached":17,"language":"ENG","playtime":439,"items_purged":[],"score":180,"play_id":"0bbf6d3a-74ab-45fe-a6a8-cbda687348c4","local_time":"20210209231810","is_ascension_mode":false,"campfire_choices":[{"data":"Bash","floor":6,"key":"SMITH"},{"floor":15,"key":"REST"}],"circlet_count":0,"master_deck":["Strike_R+1","Strike_R","Defend_R","Defend_R","Defend_R","Defend_R","Bash+1","Headbutt","Pommel Strike","Combust+1","Inflame","Hemokinesis+1","Flex+1","Pommel Strike+1"],"relics":["reliquary:Craggleroot","Dead Branch","reliquary:Buckler","reliquary:ExpiredCoupon","StrikeDummy","Eternal Feather","Astrolabe"],"acts_visited":["Exordium","TheCity"],"potions_floor_usage":[],"damage_taken":[{"damage":3,"enemies":"Jaw Worm","floor":1,"turns":3},{"damage":5,"enemies":"2 Louse","floor":5,"turns":2},{"damage":0,"enemies":"Small Slimes","floor":8,"turns":2},{"damage":1,"enemies":"Gremlin Nob","floor":12,"turns":2},{"damage":19,"enemies":"Exordium Thugs","floor":13,"turns":4},{"damage":11,"enemies":"Large Slime","floor":14,"turns":4},{"damage":48,"enemies":"Hexaghost","floor":16,"turns":7}],"seed_played":"-4178545246584661999","potions_obtained":[{"floor":1,"key":"Fire Potion"},{"floor":8,"key":"SpeedPotion"},{"floor":12,"key":"Energy Potion"},{"floor":14,"key":"Weak Potion"},{"floor":16,"key":"FearPotion"}],"is_trial":false,"path_per_floor":["M","?","?","?","M","R","T","M","T","?","$","E","M","M","R","B",null],"character_chosen":"IRONCLAD","items_purchased":["StrikeDummy"],"campfire_rested":1,"item_purchase_floors":[11],"current_hp_per_floor":[77,66,66,66,61,61,61,61,61,61,61,60,41,30,60,12,80,80],"gold":300,"neow_bonus":"BOSS_RELIC","is_daily":false,"chose_seed":false,"campfire_upgraded":1,"win_rate":0.0,"timestamp":1612941490,"path_taken":["M","?","?","?","M","R","?","M","T","?","$","E","?","M","R","BOSS"],"items_purchased_type":["Relic"],"build_version":"2020-12-22","purchased_purges":0,"victory":false,"max_hp_per_floor":[80,80,80,80,80,80,80,80,80,80,80,80,80,80,80,80,80,80],"relic_stats":{"counters":[7,24],"Dead Branch":[0],"Astrolabe":["Hemokinesis","Flex","Pommel Strike"],"Eternal Feather":6,"obtain_stats":[{"reliquary:ExpiredCoupon":10,"Dead Branch":7,"Astrolabe":17,"reliquary:Craggleroot":0,"reliquary:Buckler":9,"Eternal Feather":12,"StrikeDummy":11,"Burning Blood":0},{"reliquary:ExpiredCoupon":3,"Dead Branch":2,"Astrolabe":7,"reliquary:Craggleroot":0,"reliquary:Buckler":3,"Eternal Feather":4,"StrikeDummy":3,"Burning Blood":0},{"reliquary:ExpiredCoupon":7,"Dead Branch":5,"Astrolabe":24,"reliquary:Craggleroot":0,"reliquary:Buckler":7,"Eternal Feather":9,"StrikeDummy":7,"Burning Blood":0}]},"card_choices":[{"not_picked":["Power Through","Rampage"],"picked":"Headbutt","floor":1},{"not_picked":["Heavy Blade","Headbutt"],"picked":"Pommel Strike","floor":5},{"not_picked":["Disarm","Perfected Strike"],"picked":"Combust","floor":8},{"not_picked":["Juggernaut","Armaments","Reckless Charge"],"picked":"SKIP","floor":12},{"not_picked":["Cleave","Flex"],"picked":"Inflame","floor":13},{"not_picked":["Clothesline","Feel No Pain","Flex"],"picked":"SKIP","floor":14}],"player_experience":330434,"relics_obtained":[{"floor":7,"key":"Dead Branch"},{"floor":9,"key":"reliquary:Buckler"},{"floor":12,"key":"Eternal Feather"}],"event_choices":[{"damage_healed":0,"gold_gain":75,"player_choice":"Gather Gold","damage_taken":11,"max_hp_gain":0,"max_hp_loss":0,"event_name":"World of Goop","floor":2,"gold_loss":0},{"damage_healed":0,"gold_gain":175,"player_choice":"AGREE","damage_taken":0,"max_hp_gain":0,"max_hp_loss":0,"event_name":"Liars Game","floor":3,"gold_loss":0,"cards_obtained":["Doubt"]},{"cards_removed":["Doubt"],"damage_healed":0,"gold_gain":0,"player_choice":"Forget","damage_taken":0,"max_hp_gain":0,"max_hp_loss":0,"event_name":"Living Wall","floor":4,"gold_loss":0},{"damage_healed":0,"gold_gain":0,"player_choice":"Gave Potion","damage_taken":0,"relics_obtained":["reliquary:ExpiredCoupon"],"max_hp_gain":0,"max_hp_loss":0,"event_name":"WeMeetAgain","floor":10,"gold_loss":0}],"is_beta":false,"boss_relics":[{"not_picked":["SlaversCollar","Busted Crown"],"picked":"Astrolabe"}],"items_purged_floors":[],"is_endless":false,"potions_floor_spawned":[1,8,12,14,16],"ascension_level":0}}