{"host":"mydft8i2zzydgggw","time":1612947897,"event":{"mods":["AchievementEnabler","BaseMod","Colored Map","Colored Powertips","DeckTracker","Keyboard Shortcuts","Minty Spire (QoL Compilation)","Rare Cards Sparkle","StSLib","SuperFastMode","everything is the same but u backflip on backflip"],"gold_per_floor":[115,130,147,147,131,131,131,151,177,177,177],"floor_reached":10,"language":"KOR","playtime":194,"items_purged":[],"score":93,"play_id":"6fb61af7-75b4-44be-804d-5af0f4b1c0e6","local_time":"20210210180457","is_ascension_mode":true,"campfire_choices":[{"data":"Entrench","floor":6,"key":"SMITH"}],"circlet_count":0,"master_deck":["AscendersBane","Strike_R","Strike_R","Strike_R","Defend_R","Defend_R","Defend_R","Defend_R","Bash","Impervious","True Grit","Armaments","Sword Boomerang","Entrench+1"],"relics":["Burning Blood","Happy Flower"],"acts_visited":["Exordium"],"potions_floor_usage":[10,10],"damage_taken":[{"damage":9,"enemies":"2 Louse","floor":1,"turns":3},{"damage":7,"enemies":"Jaw Worm","floor":2,"turns":3},{"damage":0,"enemies":"Small Slimes","floor":3,"turns":6},{"damage":11,"enemies":"Exordium Thugs","floor":5,"turns":4},{"damage":9,"enemies":"2 Fungi Beasts","floor":8,"turns":5},{"damage":45,"enemies":"Lagavulin","floor":10,"turns":9}],"seed_played":"-6659822534647466720","potions_obtained":[{"floor":2,"key":"ColorlessPotion"},{"floor":3,"key":"ColorlessPotion"}],"is_trial":false,"path_per_floor":["M","M","M","?","M","R","?","M","T","E"],"character_chosen":"IRONCLAD","items_purchased":[],"campfire_rested":0,"item_purchase_floors":[],"current_hp_per_floor":[48,47,53,46,41,41,41,38,38,0,0],"gold":177,"neow_bonus":"THREE_RARE_CARDS","is_daily":false,"chose_seed":false,"campfire_upgraded":1,"win_rate":0.0,"timestamp":1612947897,"path_taken":["M","M","M","?","M","R","?","M","T","E"],"items_purchased_type":[],"build_version":"2020-12-22","purchased_purges":0,"victory":false,"max_hp_per_floor":[80,80,80,80,80,80,80,80,80,80,80],"card_choices":[{"not_picked":["Double Tap","Immolate"],"picked":"Impervious","floor":0},{"not_picked":["Thunderclap","Spot Weakness"],"picked":"True Grit","floor":1},{"not_picked":["Clothesline","Thunderclap"],"picked":"Armaments","floor":2},{"not_picked":["Ghostly Armor","Intimidate"],"picked":"Sword Boomerang","floor":3},{"not_picked":["Armaments","Dropkick"],"picked":"Entrench","floor":5},{"not_picked":["Fire Breathing","Pummel","Infernal Blade"],"picked":"SKIP","floor":8}],"player_experience":264958,"relics_obtained":[{"floor":9,"key":"Happy Flower"}],"event_choices":[{"cards_removed":["Strike_R"],"damage_healed":0,"gold_gain":0,"player_choice":"Card Removal","damage_taken":7,"max_hp_gain":0,"max_hp_loss":0,"event_name":"Golden Wing","floor":4,"gold_loss":0},{"cards_removed":["Strike_R"],"damage_healed":0,"gold_gain":0,"player_choice":"Forget","damage_taken":0,"max_hp_gain":0,"max_hp_loss":0,"event_name":"Living Wall","floor":7,"gold_loss":0}],"is_beta":false,"boss_relics":[],"items_purged_floors":[],"is_endless":false,"potions_floor_spawned":[2,3],"killed_by":"Lagavulin","ascension_level":11}}