{"host":"cvgfrai8nrtinf2y","time":1612971988,"event":{"mods":["A Magickal Journey","Act Like it!","BaseMod","Better Third Choice","Challenge The Spire","Colored Map","Downfall","Gensokyo","Googly Eyes","Hermit","Highlight Path","Hubris","Infinite Spire","Minty Spire (QoL Compilation)","Rare Cards Sparkle","Relic Sorter","Remilia??????","Spicy Shops","StSLib","The Disciple","The Hierophant","The Necromancer","The Runesmith"],"gold_per_floor":[113,39,39,58,58,58,84,104,127,143,160,105,105,105],"floor_reached":13,"language":"ENG","playtime":614,"items_purged":[],"score":89,"play_id":"1d2aefb3-e596-4f2f-aed9-08eeda212579","local_time":"20210210164628","is_ascension_mode":true,"campfire_choices":[{"data":"infinitespire:NeuralNetwork","floor":6,"key":"SMITH"}],"circlet_count":0,"master_deck":["Strike_W","Strike_W","Strike_W","Strike_W","Defend_W","Defend_W","Defend_W","Defend_W","Negative_Energy_Arrows","Bone_Wall","Vampiric_Strike","Skeleton_Dragon","infinitespire:NeuralNetwork+1","Strike_from_Beyond","Clumsy","Blood_Is_Power","Bone_Armor","Grasp_Heart","Blood_Whip","Gensokyo:Shovel"],"relics":["Vampire_Amulet","hubris:TenFootPole","Gensokyo:NagashiBinaDoll","Gremlin Horn","MealTicket"],"acts_visited":["Exordium"],"potions_floor_usage":[],"damage_taken":[{"damage":0,"enemies":"Gensokyo:3_Fairies","floor":1,"turns":5},{"damage":4,"enemies":"Gensokyo:Gryphon","floor":4,"turns":4},{"damage":27,"enemies":"Gensokyo:Mamizou","floor":7,"turns":11},{"damage":5,"enemies":"Gensokyo:Python","floor":8,"turns":3},{"damage":10,"enemies":"Gensokyo:3_Kodama","floor":10,"turns":5},{"damage":4,"enemies":"Gensokyo:2_Rabbits","floor":11,"turns":5},{"damage":52,"enemies":"Gensokyo:Cirno","floor":13,"turns":9}],"seed_played":"1634087236293568594","potions_obtained":[{"floor":1,"key":"FearPotion"},{"floor":4,"key":"hexamod:SoulburnPotion"},{"floor":10,"key":"SteroidPotion"}],"is_trial":false,"path_per_floor":["M","$","?","M","?","R","E","M","T","M","M","COS","E"],"character_chosen":"NECROMANCER","items_purchased":["Skeleton_Dragon"],"campfire_rested":0,"item_purchase_floors":[2],"current_hp_per_floor":[75,75,66,66,66,66,45,42,42,40,44,44,0,0],"gold":105,"neow_bonus":"RANDOM_COMMON_RELIC","is_daily":false,"chose_seed":false,"campfire_upgraded":1,"win_rate":0.0,"timestamp":1612971988,"path_taken":["M","$","?","M","?","R","E","M","T","?","M","COS","E"],"items_purchased_type":["Card"],"build_version":"2020-12-22","purchased_purges":0,"victory":false,"max_hp_per_floor":[75,75,75,75,75,75,75,75,75,75,75,75,75,75],"card_choices":[{"not_picked":["Chill_Blood","Bone_Prison"],"picked":"Vampiric_Strike","floor":1},{"not_picked":["hubris:Rewind","infinitespire:TheBestDefense"],"picked":"infinitespire:NeuralNetwork","floor":3},{"not_picked":["Summon_Undead_Army","Spectral_Walk"],"picked":"Strike_from_Beyond","floor":4},{"not_picked":["Death_March_Dance","Toxic_Smoke_Screen"],"picked":"Blood_Is_Power","floor":7},{"not_picked":["Necromantic_Selection","Life_Tap"],"picked":"Bone_Armor","floor":8},{"not_picked":["Blood_for_Blood","Negative_Energy_Sphere"],"picked":"Grasp_Heart","floor":10},{"not_picked":["Negative_Energy_Javelin","Toxic_Smoke_Screen"],"picked":"Blood_Whip","floor":11}],"player_experience":1252769,"relics_obtained":[{"floor":7,"key":"Gremlin Horn"},{"floor":9,"key":"MealTicket"}],"event_choices":[],"is_beta":false,"boss_relics":[],"items_purged_floors":[],"is_endless":false,"potions_floor_spawned":[1,4,10,11],"killed_by":"Gensokyo:Cirno","ascension_level":1}}