{"host":"h4lp0eeso8a0ssq0","time":1612934059,"event":{"mods":["2.2 Compatiblity","AchievementEnabler","BaseMod","CapriCore","Colored Map","Minty Spire (QoL Compilation)","StSLib","SuperFastMode"],"gold_per_floor":[116,116,116,133,208,208,240,257,257,274,141,141,174,193,193,266,266,286,304,320,91,107,136,136,171,171,171,187,187,187,204,204,204,204],"floor_reached":33,"language":"KOR","playtime":828,"items_purged":["Strike_G"],"score":628,"play_id":"e90488fc-9af0-4584-9f42-6f75318ba86c","local_time":"20210210141419","is_ascension_mode":true,"campfire_choices":[{"data":"Eviscerate","floor":6.0,"key":"SMITH"},{"data":"Caltrops","floor":15.0,"key":"SMITH"},{"floor":24.0,"key":"REST"},{"floor":27.0,"key":"REST"},{"data":"Leg Sweep","floor":30.0,"key":"SMITH"},{"data":"Crippling Poison","floor":32.0,"key":"SMITH"}],"circlet_count":0,"master_deck":["AscendersBane","Strike_G","Defend_G","Defend_G","Defend_G","Defend_G","Defend_G","Survivor","Neutralize","Prepared","Eviscerate+1","Flying Knee","Escape Plan","Crippling Poison","Deadly Poison","Predator","Caltrops+1","Die Die Die","Deadly Poison+1","Leg Sweep+1","Catalyst","Backflip","Sadistic Nature","Poisoned Stab","Leg Sweep+1","Footwork+1","Crippling Poison+1"],"relics":["Ring of the Snake","NeowsBlessing","Thread and Needle","Mercury Hourglass","MealTicket","Sozu","Mummified Hand","Bottled Lightning","Peace Pipe"],"acts_visited":["Exordium","TheCity"],"potions_floor_usage":[],"damage_taken":[{"damage":0.0,"enemies":"Cultist","floor":1.0,"turns":1.0},{"damage":0.0,"enemies":"Small Slimes","floor":4.0,"turns":1.0},{"damage":0.0,"enemies":"3 Sentries","floor":7.0,"turns":2.0},{"damage":0.0,"enemies":"2 Louse","floor":8.0,"turns":3.0},{"damage":4.0,"enemies":"Blue Slaver","floor":10.0,"turns":3.0},{"damage":12.0,"enemies":"Lagavulin","floor":13.0,"turns":6.0},{"damage":7.0,"enemies":"Exordium Thugs","floor":14.0,"turns":3.0},{"damage":16.0,"enemies":"Hexaghost","floor":16.0,"turns":9.0},{"damage":2.0,"enemies":"2 Thieves","floor":18.0,"turns":4.0},{"damage":2.0,"enemies":"Shell Parasite","floor":19.0,"turns":5.0},{"damage":0.0,"enemies":"Sentry and Sphere","floor":20.0,"turns":3.0},{"damage":5.0,"enemies":"Shelled Parasite and Fungi","floor":22.0,"turns":6.0},{"damage":25.0,"enemies":"Slavers","floor":23.0,"turns":3.0},{"damage":16.0,"enemies":"Book of Stabbing","floor":25.0,"turns":5.0},{"damage":0.0,"enemies":"Snecko","floor":28.0,"turns":3.0},{"damage":5.0,"enemies":"Snake Plant","floor":31.0,"turns":3.0},{"damage":62,"enemies":"Collector","floor":33,"turns":7}],"seed_played":"2413256756725217325","potions_obtained":[{"floor":8.0,"key":"Explosive Potion"},{"floor":10.0,"key":"Swift Potion"},{"floor":16.0,"key":"LiquidBronze"}],"is_trial":false,"path_per_floor":["M","?","?","M","?","R","E","M","T","M","$","?","E","M","R","B",null,"M","M","M","$","M","E","R","E","T","R","M","?","R","M","R","B"],"character_chosen":"THE_SILENT","items_purchased":["Deadly Poison","Backflip","Sadistic Nature"],"campfire_rested":2,"item_purchase_floors":[11,21,21],"current_hp_per_floor":[59,52,52,52,41,41,41,41,41,37,37,37,25,18,18,2,50,48,46,46,61,56,31,50,34,34,53,53,53,53,48,48,0,0],"gold":204,"neow_bonus":"THREE_ENEMY_KILL","is_daily":false,"chose_seed":false,"campfire_upgraded":4,"win_rate":0.0,"timestamp":1612934059,"path_taken":["M","?","?","M","?","R","E","M","T","M","$","?","E","M","R","BOSS","M","M","M","$","M","E","R","E","T","R","M","?","R","M","R","BOSS"],"items_purchased_type":["Card","Card","Card"],"build_version":"2020-12-22","purchased_purges":1,"victory":false,"max_hp_per_floor":[66,66,66,66,66,66,66,66,66,66,66,66,66,66,66,66,66,66,66,66,66,66,66,66,66,66,66,66,66,66,66,66,66,66],"card_choices":[{"not_picked":["Slice","Underhanded Strike"],"picked":"Prepared","floor":1.0},{"not_picked":["Deflect","PiercingWail"],"picked":"Eviscerate","floor":4.0},{"not_picked":["Infinite Blades","Outmaneuver"],"picked":"Flying Knee","floor":7.0},{"not_picked":["All Out Attack","Outmaneuver"],"picked":"Escape Plan","floor":8.0},{"not_picked":["Dodge and Roll","Eviscerate"],"picked":"Crippling Poison","floor":10.0},{"not_picked":["Bane","Night Terror"],"picked":"Predator","floor":13.0},{"not_picked":["Quick Slash","Underhanded Strike"],"picked":"Caltrops","floor":14.0},{"not_picked":["Doppelganger","Tools of the Trade"],"picked":"Die Die Die","floor":16.0},{"not_picked":["Flying Knee","All Out Attack"],"picked":"Deadly Poison+1","floor":18.0},{"not_picked":["Masterful Stab","Quick Slash+1"],"picked":"Leg Sweep","floor":19.0},{"not_picked":["Caltrops","Deadly Poison"],"picked":"Catalyst","floor":20.0},{"not_picked":["Slice","Underhanded Strike"],"picked":"Poisoned Stab","floor":22.0},{"not_picked":["Dagger Spray","Outmaneuver"],"picked":"Leg Sweep+1","floor":23.0},{"not_picked":["Tactician","After Image"],"picked":"Footwork+1","floor":25.0},{"not_picked":["Sucker Punch","Backstab","Flechettes"],"picked":"SKIP","floor":28.0},{"not_picked":["Sucker Punch","Acrobatics"],"picked":"Crippling Poison","floor":31.0}],"player_experience":211465,"relics_obtained":[{"floor":7.0,"key":"Thread and Needle"},{"floor":9.0,"key":"Mercury Hourglass"},{"floor":13.0,"key":"MealTicket"},{"floor":23.0,"key":"Mummified Hand"},{"floor":25.0,"key":"Bottled Lightning"},{"floor":26.0,"key":"Peace Pipe"}],"event_choices":[{"cards_removed":["Strike_G"],"damage_healed":0.0,"max_hp_gain":0.0,"max_hp_loss":0.0,"gold_gain":0.0,"event_name":"Golden Wing","player_choice":"Card Removal","floor":2.0,"gold_loss":0.0,"damage_taken":7.0},{"cards_removed":["Strike_G"],"damage_healed":0.0,"max_hp_gain":0.0,"max_hp_loss":0.0,"gold_gain":0.0,"event_name":"Living Wall","player_choice":"Forget","floor":3.0,"gold_loss":0.0,"damage_taken":0.0},{"damage_healed":0.0,"max_hp_gain":0.0,"max_hp_loss":0.0,"gold_gain":75.0,"event_name":"World of Goop","player_choice":"Gather Gold","floor":5.0,"gold_loss":0.0,"damage_taken":11.0},{"damage_healed":0.0,"max_hp_gain":0.0,"max_hp_loss":0.0,"gold_gain":0.0,"event_name":"Liars Game","player_choice":"Ignored","floor":12.0,"gold_loss":0.0,"damage_taken":0.0},{"cards_removed":["Strike_G"],"damage_healed":0.0,"max_hp_gain":0.0,"max_hp_loss":0.0,"gold_gain":0.0,"event_name":"Back to Basics","player_choice":"Elegance","floor":29.0,"gold_loss":0.0,"damage_taken":0.0}],"is_beta":false,"boss_relics":[{"not_picked":["Calling Bell","Velvet Choker"],"picked":"Sozu"}],"items_purged_floors":[11],"is_endless":false,"potions_floor_spawned":[8,10,16,18,22,25,28,31],"killed_by":"Collector","ascension_level":19}}