{"host":"f5gffvlv6a66yqkd","time":1612932485,"event":{"mods":["2.2 Compatiblity","BaseMod","Colored Map","Custom Start","DeckTracker","Keyboard Shortcuts","Minty Spire (QoL Compilation)","Permanent Neow","Quick Restart","Relic Stats","StSLib","SuperFastMode"],"gold_per_floor":[115,115,115,38,51,51,51,51,51,51,61,73,73,103,103,178,178,191,191,24,39,39,39],"floor_reached":22,"language":"KOR","playtime":478,"items_purged":[],"score":364,"play_id":"fab5b138-2c9d-48cb-9a6f-3bcfd3e66cb7","local_time":"20210210134805","is_ascension_mode":true,"campfire_choices":[{"data":"Hello World","floor":6.0,"key":"SMITH"},{"data":"Dualcast","floor":8.0,"key":"SMITH"},{"data":"Static Discharge","floor":10.0,"key":"SMITH"},{"floor":13.0,"key":"REST"},{"data":"Recycle","floor":15.0,"key":"SMITH"}],"circlet_count":0,"master_deck":["AscendersBane","Strike_B","Strike_B+1","Defend_B","Defend_B","Defend_B","Defend_B","Zap+1","Dualcast+1","Static Discharge+1","BootSequence","Hello World+1","Cold Snap","Multi-Cast","Recycle+1","Chill","Stack","Creative AI","Skim"],"relics":["Cracked Core","Symbiotic Virus","Bird Faced Urn","SacredBark","Omamori"],"acts_visited":["Exordium","TheCity"],"potions_floor_usage":[],"damage_taken":[{"damage":5.0,"enemies":"Small Slimes","floor":1.0,"turns":3.0},{"damage":1.0,"enemies":"Cultist","floor":5.0,"turns":4.0},{"damage":0.0,"enemies":"Jaw Worm","floor":11.0,"turns":3.0},{"damage":20.0,"enemies":"Exordium Thugs","floor":12.0,"turns":3.0},{"damage":16.0,"enemies":"Lagavulin","floor":14.0,"turns":5.0},{"damage":29.0,"enemies":"The Guardian","floor":16.0,"turns":9.0},{"damage":7.0,"enemies":"Spheric Guardian","floor":18.0,"turns":3.0},{"damage":12,"enemies":"3 Byrds","floor":21,"turns":5},{"damage":43,"enemies":"Masked Bandits","floor":22,"turns":3}],"seed_played":"7446043067560623935","potions_obtained":[{"floor":1.0,"key":"SkillPotion"},{"floor":11.0,"key":"AttackPotion"},{"floor":14.0,"key":"FairyPotion"},{"floor":18.0,"key":"SteroidPotion"}],"is_trial":false,"path_per_floor":["M","?","?","$","M","R","?","R","T","R","M","M","R","E","R","B",null,"M","?","$","M","?"],"character_chosen":"DEFECT","items_purchased":["Hello World","Omamori"],"campfire_rested":1,"item_purchase_floors":[4,20],"current_hp_per_floor":[59,38,38,38,37,37,37,37,37,37,37,17,38,22,22,21,59,56,36,36,34,0,0],"gold":39,"neow_bonus":"THREE_CARDS","is_daily":false,"chose_seed":false,"campfire_upgraded":4,"win_rate":0.0,"timestamp":1612932485,"path_taken":["M","?","?","$","?","R","?","R","T","R","?","?","R","E","R","BOSS","M","?","$","M","?"],"items_purchased_type":["Card","Relic"],"build_version":"2020-12-22","purchased_purges":0,"victory":false,"max_hp_per_floor":[71,71,71,71,71,71,71,71,71,71,71,71,71,71,71,71,71,71,76,76,76,76,76],"relic_stats":{"counters":[9,38],"Bird Faced Urn":[24],"obtain_stats":[{"Bird Faced Urn":14,"SacredBark":17,"Omamori":20,"Cracked Core":0,"Symbiotic Virus":9},{"Bird Faced Urn":5,"SacredBark":6,"Omamori":7,"Cracked Core":0,"Symbiotic Virus":2},{"Bird Faced Urn":18,"SacredBark":27,"Omamori":30,"Cracked Core":0,"Symbiotic Virus":7}]},"card_choices":[{"not_picked":["Sweeping Beam","Go for the Eyes"],"picked":"Static Discharge","floor":0.0},{"not_picked":["Hologram","Turbo"],"picked":"BootSequence","floor":1.0},{"not_picked":["Leap","Darkness"],"picked":"Cold Snap","floor":5.0},{"not_picked":["Redo","Sweeping Beam"],"picked":"Recycle","floor":11.0},{"not_picked":["Gash","Sweeping Beam"],"picked":"Chill","floor":12.0},{"not_picked":["Steam","Conserve Battery"],"picked":"Stack","floor":14.0},{"not_picked":["Creative AI","Hyperbeam"],"picked":"Thunder Strike","floor":16.0},{"not_picked":["Stack","Streamline"],"picked":"Skim","floor":18.0},{"not_picked":["Ball Lightning","Rip and Tear","Scrape"],"picked":"SKIP","floor":21}],"player_experience":1720121,"relics_obtained":[{"floor":9.0,"key":"Symbiotic Virus"},{"floor":14.0,"key":"Bird Faced Urn"}],"event_choices":[{"damage_healed":0.0,"max_hp_gain":0.0,"max_hp_loss":0.0,"gold_gain":0.0,"event_name":"Shining Light","player_choice":"Entered Light","floor":2.0,"gold_loss":0.0,"damage_taken":21.0,"cards_upgraded":["Zap","Strike_B"]},{"cards_removed":["Strike_B"],"damage_healed":0.0,"max_hp_gain":0.0,"max_hp_loss":0.0,"gold_gain":0.0,"event_name":"Bonfire Elementals","player_choice":"Offered Basic","floor":3.0,"gold_loss":0.0,"damage_taken":0.0},{"damage_healed":0.0,"max_hp_gain":0.0,"max_hp_loss":0.0,"gold_gain":0.0,"cards_transformed":["Strike_B"],"event_name":"Transmorgrifier","player_choice":"Transformed","floor":7.0,"gold_loss":0.0,"damage_taken":0.0,"cards_obtained":["Multi-Cast"]},{"damage_healed":0.0,"max_hp_gain":5.0,"max_hp_loss":0.0,"gold_gain":0.0,"event_name":"Forgotten Altar","player_choice":"Shed Blood","floor":19.0,"gold_loss":0.0,"damage_taken":25.0},{"damage_healed":0,"gold_gain":0,"player_choice":"Fought Bandits","damage_taken":0,"max_hp_gain":0,"max_hp_loss":0,"event_name":"Masked Bandits","floor":22,"gold_loss":0}],"is_beta":false,"boss_relics":[{"not_picked":["FrozenCore","Runic Pyramid"],"picked":"SacredBark"}],"items_purged_floors":[],"is_endless":false,"potions_floor_spawned":[1,11,14,18],"killed_by":"Masked Bandits","ascension_level":20}}