{"host":"2wp95sdfrgw3k439","time":1612976048,"event":{"mods":["BaseMod","Better Altar","Better Skull","Better Third Choice","Curses Come First","Minty Spire (QoL Compilation)","Permanent Neow","StSLib"],"gold_per_floor":[116,116,116,4,29,64,82,82,108,283,303,303,7,51,51,175,175,193,108,207,207,227,227,265,265,291,291,291],"floor_reached":27,"language":"ENG","playtime":636,"items_purged":["Strike_B"],"score":380,"play_id":"2b13f63d-34f2-4e12-8f2d-32dad47feb5f","local_time":"20210210095408","is_ascension_mode":true,"campfire_choices":[{"data":"Ball Lightning","floor":8,"key":"SMITH"},{"data":"Dualcast","floor":12,"key":"SMITH"},{"data":"Melter","floor":15,"key":"SMITH"},{"data":"Self Repair","floor":23,"key":"SMITH"}],"circlet_count":0,"master_deck":["Strike_B","Strike_B","Strike_B","Defend_B","Defend_B","Defend_B","Defend_B","Zap","Dualcast+1","Tempest","Glacier","Ball Lightning+1","Reinforced Body","Doubt","Self Repair+1","Melter+1","Echo Form","Echo Form","Compile Driver+1","Beam Cell","Machine Learning"],"relics":["Cracked Core","NeowsBlessing","Oddly Smooth Stone","Golden Idol","Pantograph","Centennial Puzzle","Runic Capacitor","Darkstone Periapt","Nuclear Battery","Shuriken","Incense Burner","Pen Nib"],"acts_visited":["Exordium","TheCity"],"potions_floor_usage":[14,16,16,16,22],"damage_taken":[{"damage":0,"enemies":"2 Louse","floor":1,"turns":1},{"damage":0,"enemies":"Jaw Worm","floor":5,"turns":1},{"damage":0,"enemies":"Lagavulin","floor":6,"turns":1},{"damage":2,"enemies":"Small Slimes","floor":7,"turns":3},{"damage":8,"enemies":"Blue Slaver","floor":11,"turns":3},{"damage":6,"enemies":"3 Sentries","floor":14,"turns":5},{"damage":37,"enemies":"The Guardian","floor":16,"turns":7},{"damage":0,"enemies":"Spheric Guardian","floor":18,"turns":1},{"damage":12,"enemies":"2 Thieves","floor":22,"turns":4},{"damage":46,"enemies":"Book of Stabbing","floor":24,"turns":6},{"damage":10,"enemies":"Snake Plant","floor":27,"turns":2}],"seed_played":"2991659859800867097","potions_obtained":[{"floor":1,"key":"DuplicationPotion"},{"floor":5,"key":"FocusPotion"},{"floor":11,"key":"Strength Potion"},{"floor":14,"key":"Strength Potion"},{"floor":18,"key":"Dexterity Potion"}],"is_trial":false,"path_per_floor":["M","?","?","$","M","E","M","R","T","?","M","R","$","E","R","B",null,"M","?","?","?","M","R","E","?","T","M"],"character_chosen":"DEFECT","items_purchased":["Glacier","Runic Capacitor","Self Repair","Melter"],"campfire_rested":0,"item_purchase_floors":[4,13,13,13],"current_hp_per_floor":[68,65,47,47,47,47,45,45,45,45,37,37,37,31,31,26,63,63,63,63,63,51,51,15,6,6,0,0],"gold":291,"neow_bonus":"THREE_ENEMY_KILL","is_daily":false,"chose_seed":false,"campfire_upgraded":4,"win_rate":0.0,"timestamp":1612976048,"path_taken":["M","?","?","$","M","E","M","R","T","?","M","R","?","E","R","BOSS","M","?","?","?","M","R","E","?","T","M"],"items_purchased_type":["Card","Relic","Card","Card"],"build_version":"2020-12-22","purchased_purges":1,"victory":false,"max_hp_per_floor":[75,75,75,75,75,75,75,75,75,75,75,75,75,75,75,75,75,75,75,75,75,75,75,75,75,75,75,75],"card_choices":[{"not_picked":["Steam Power","Lockon"],"picked":"Tempest","floor":1},{"not_picked":["Force Field","Cold Snap"],"picked":"Ball Lightning","floor":5},{"not_picked":["Stack","Go for the Eyes"],"picked":"Reinforced Body","floor":6},{"not_picked":["Cold Snap","Storm","Barrage"],"picked":"SKIP","floor":7},{"not_picked":["Turbo","Double Energy","Glacier"],"picked":"SKIP","floor":11},{"not_picked":["White Noise","Barrage"],"picked":"Echo Form","floor":14},{"not_picked":["Biased Cognition","Buffer"],"picked":"Echo Form","floor":16},{"not_picked":["Sweeping Beam","Gash+1"],"picked":"Compile Driver+1","floor":18},{"not_picked":["Leap","Cold Snap","Darkness+1"],"picked":"SKIP","floor":22},{"not_picked":["Rebound+1","Blizzard"],"picked":"Machine Learning","floor":24}],"player_experience":575558,"relics_obtained":[{"floor":6,"key":"Pantograph"},{"floor":9,"key":"Centennial Puzzle"},{"floor":14,"key":"Darkstone Periapt"},{"floor":24,"key":"Incense Burner"},{"floor":26,"key":"Pen Nib"}],"event_choices":[{"damage_healed":0,"gold_gain":0,"player_choice":"Relic ","damage_taken":3,"max_hp_gain":0,"max_hp_loss":0,"event_name":"betterThird:BetterScrap","floor":2,"gold_loss":0,"cards_obtained":["Second Wind"]},{"damage_healed":0,"gold_gain":0,"player_choice":"Take Damage","damage_taken":18,"relics_obtained":["Golden Idol"],"max_hp_gain":0,"max_hp_loss":0,"event_name":"Golden Idol","floor":3,"gold_loss":0},{"damage_healed":0,"gold_gain":175,"player_choice":"AGREE","damage_taken":108,"max_hp_gain":0,"max_hp_loss":0,"event_name":"betterThird:BetterSerpent","floor":10,"gold_loss":0},{"damage_healed":0,"gold_gain":0,"player_choice":"Obtained Relic","damage_taken":0,"relics_obtained":["Shuriken"],"max_hp_gain":0,"max_hp_loss":0,"event_name":"Addict","floor":19,"gold_loss":85},{"damage_healed":0,"gold_gain":99,"player_choice":"Steal","damage_taken":0,"max_hp_gain":0,"max_hp_loss":0,"event_name":"betterThird:BetterNest","floor":20,"gold_loss":0},{"damage_healed":0,"gold_gain":0,"player_choice":"Read","damage_taken":0,"max_hp_gain":0,"max_hp_loss":0,"event_name":"The Library","floor":21,"gold_loss":0,"cards_obtained":["Beam Cell"]},{"damage_healed":0,"gold_gain":0,"player_choice":"Stopped","damage_taken":9,"max_hp_gain":0,"max_hp_loss":0,"event_name":"Cursed Tome","floor":25,"gold_loss":0}],"is_beta":false,"boss_relics":[{"not_picked":["SacredBark","Coffee Dripper"],"picked":"Nuclear Battery"}],"items_purged_floors":[4],"is_endless":false,"potions_floor_spawned":[1,5,11,14,18],"killed_by":"Snake Plant","ascension_level":9}}