{"host":"wfkvcf4y4vkrpwe0","time":1612977764,"event":{"mods":["BaseMod","Conspire","Downfall","Hermit","Minty Spire (QoL Compilation)","StSLib","The Construct","The Cursed","The Disciple","The Hierophant","The Necromancer"],"gold_per_floor":[199,219,394,429,429,299,299,315,315,330,357,372,372,372,382,382,382,382],"floor_reached":16,"language":"ENG","playtime":825,"items_purged":["downfall:Malfunctioning"],"score":100,"play_id":"1eff681b-f37c-4529-b376-67dede1529e6","local_time":"20210210172244","is_ascension_mode":false,"campfire_choices":[{"floor":1,"key":"RECALL"},{"floor":9,"key":"REST"},{"floor":13,"key":"REST"}],"circlet_count":0,"master_deck":["Guardian:Strike_Guardian","Guardian:Strike_Guardian","Guardian:Strike_Guardian","Guardian:Strike_Guardian+1","Guardian:Defend_Guardian","Guardian:Defend_Guardian","Guardian:Defend_Guardian","Guardian:Defend_Guardian+1","Guardian:CurlUp","Guardian:TwinSlam","Guardian:PrismaticBeam+1","Doubt","Guardian:RollAttack","Guardian:TimeSifter","Guardian:SpikerProtocol","Guardian:CrystalBeam+1","Guardian:StasisStrike+1"],"relics":["Guardian:ModeShifter","Art of War","Molten Egg 2","Bottled Flame","conspire:BottledYoYo"],"acts_visited":["Exordium"],"potions_floor_usage":[16,16,16],"damage_taken":[{"damage":7,"enemies":"2 Louse","floor":2,"turns":4},{"damage":29,"enemies":"conspire:MimicChest","floor":4,"turns":12},{"damage":10,"enemies":"downfall:FleeingMerchant","floor":6,"turns":4},{"damage":7,"enemies":"Small Slimes","floor":8,"turns":5},{"damage":0,"enemies":"Cultist","floor":10,"turns":4},{"damage":16,"enemies":"3 Sentries","floor":11,"turns":9},{"damage":9,"enemies":"Gremlin Gang","floor":12,"turns":3},{"damage":13,"enemies":"Lots of Slimes","floor":15,"turns":2},{"damage":38,"enemies":"IC_STATUS_ARCHETYPE","floor":16,"turns":8}],"seed_played":"8505308348571845609","potions_obtained":[{"floor":2,"key":"Dexterity Potion"},{"floor":8,"key":"Block Potion"},{"floor":11,"key":"Energy Potion"}],"is_trial":false,"path_per_floor":["R","M","?","?","?","$","T","M","R","M","E","M","R","T","M","B"],"character_chosen":"GUARDIAN","items_purchased":["Guardian:SpikerProtocol"],"campfire_rested":2,"item_purchase_floors":[6],"current_hp_per_floor":[80,73,73,44,44,34,34,27,51,51,35,26,50,50,37,0,0,0],"gold":382,"neow_bonus":"HUNDRED_GOLD","is_daily":false,"chose_seed":false,"campfire_upgraded":0,"win_rate":0.0,"timestamp":1612977764,"path_taken":["R","M","?","?","?","$","T","M","R","M","E","M","R","?","M","BOSS"],"items_purchased_type":["Card"],"build_version":"2020-12-22","purchased_purges":1,"victory":false,"max_hp_per_floor":[80,80,80,80,80,80,80,80,80,80,80,80,80,80,80,80,80,80],"card_choices":[{"not_picked":["Guardian:GuardianWhirl","Guardian:Incinerate"],"picked":"Guardian:PrismaticBeam","floor":2},{"not_picked":["Guardian:PrismaticBeam","Guardian:ChargeCore"],"picked":"Guardian:RollAttack","floor":4},{"not_picked":["Guardian:WalkerClaw","Guardian:TimeBomb"],"picked":"Guardian:TimeSifter","floor":6},{"not_picked":["Guardian:PolyBeam+1","Guardian:TemporalShield"],"picked":"Guardian:Gem_Lightblue","floor":8},{"not_picked":["Guardian:PiercingHide","Guardian:VentSteam"],"picked":"Guardian:CrystalBeam+1","floor":10},{"not_picked":["Guardian:TemporalStrike+1","Guardian:SpikerProtocol"],"picked":"Guardian:Gem_Red","floor":11},{"not_picked":["Guardian:PrismaticBarrier","Guardian:Recover"],"picked":"Guardian:Gem_Green","floor":12},{"not_picked":["Guardian:Reroute+1","Guardian:Suspension"],"picked":"Guardian:StasisStrike+1","floor":15}],"player_experience":592707,"relics_obtained":[{"floor":4,"key":"Art of War"},{"floor":7,"key":"Molten Egg 2"},{"floor":11,"key":"Bottled Flame"},{"floor":14,"key":"conspire:BottledYoYo"}],"event_choices":[],"is_beta":false,"boss_relics":[],"items_purged_floors":[6],"is_endless":false,"potions_floor_spawned":[2,8,11,15],"killed_by":"IC_STATUS_ARCHETYPE","ascension_level":0}}