{"host":"m9osufisr3agwk96","time":1612942562,"event":{"mods":["AchievementEnabler","Aspiration","BaseMod","Colored Map","Colored Powertips","Downfall","Friendly Minions","Hermit","Highlight Path","Hubris","Minty Spire (QoL Compilation)","Rare Cards Sparkle","Reliquary","Replay The Spire","Shop Mod","StSLib"],"gold_per_floor":[14,14,14,14,29,29,29,29,81,81,6,81,116,136,136,239,239,256,256,256,256,107,132,142,142,142,142,158,30,30,30,7,7,7,7,7],"floor_reached":35,"language":"ENG","playtime":942,"items_purged":["Looming Evil"],"score":294,"play_id":"3cdb2bf3-325d-4649-accd-95213a73094b","local_time":"20210209233602","is_ascension_mode":true,"campfire_choices":[{"floor":6,"key":"REST"},{"data":"Sunder","floor":8,"key":"SMITH"},{"data":"Dualcast","floor":10,"key":"SMITH"},{"floor":15,"key":"REST"},{"floor":25,"key":"REST"},{"floor":27,"key":"REST"},{"data":"Ball Lightning","floor":34,"key":"SMITH"}],"circlet_count":0,"master_deck":["Strike_B+1","Strike_B+1","Strike_B+1","Defend_B+1","Defend_B+1","Defend_B+1","Zap+1","Dualcast+1","Blizzard","Stack+1","Cold Snap","Sunder+1","Melter","Steam Power","Reboot+1","Ball Lightning+1","Fusion+1","Reinforced Body","Force Field+1","Panic Button","Panic Button","Shame"],"relics":["Cracked Core","Runic Capacitor","Carrot","ReplayTheSpireMod:Ring of Challenge","Juzu Bracelet","Blue Doll","reliquary:Craggleroot","Geode","CaptainsWheel","HornCleat","Sundial","Prayer Wheel"],"acts_visited":["Exordium","TheCity"],"potions_floor_usage":[14,16,35],"damage_taken":[{"damage":5,"enemies":"Cultist","floor":1,"turns":4},{"damage":4,"enemies":"Jaw Worm","floor":5,"turns":2},{"damage":29,"enemies":"Gremlin Nob","floor":13,"turns":4},{"damage":0,"enemies":"Small Slimes","floor":14,"turns":2},{"damage":39,"enemies":"The Guardian","floor":16,"turns":12},{"damage":0,"enemies":"Spheric Guardian","floor":18,"turns":1},{"damage":38,"enemies":"Slavers","floor":23,"turns":6},{"damage":15,"enemies":"3 Byrds","floor":24,"turns":3},{"damage":0,"enemies":"Snecko","floor":28,"turns":4},{"damage":67,"enemies":"Pondfish","floor":35,"turns":9}],"seed_played":"-3948474759358136885","potions_obtained":[{"floor":13,"key":"ColorlessPotion"},{"floor":14,"key":"ColorlessPotion"},{"floor":24,"key":"PotionOfCapacity"}],"is_trial":false,"path_per_floor":["M","$","?","?","M","R","?","R","T","R","$","?","E","M","R","B",null,"M","?","?","?","$","E","M","R","T","R","M","?","PTL","PTL","$","?","R","B"],"character_chosen":"DEFECT","items_purchased":["Runic Capacitor","Carrot","Geode","Panic Button"],"campfire_rested":4,"item_purchase_floors":[2,2,22,32],"current_hp_per_floor":[70,44,44,44,40,62,62,62,62,62,62,51,22,22,44,5,75,75,75,75,75,75,37,22,44,44,66,66,66,66,66,66,66,66,0,0],"gold":7,"neow_bonus":"TRANSFORM_TWO_CARDS","is_daily":false,"chose_seed":false,"campfire_upgraded":3,"win_rate":0.0,"timestamp":1612942562,"path_taken":["M","?","?","?","M","R","?","R","T","R","?","?","E","M","R","BOSS","M","?","?","?","$","E","M","R","T","R","M","?","PTL","PTL","?","?","R","BOSS"],"items_purchased_type":["Relic","Relic","Relic","Card"],"build_version":"2020-12-22","purchased_purges":1,"victory":false,"max_hp_per_floor":[75,75,75,75,75,75,75,75,75,75,75,75,75,75,75,75,75,75,75,75,75,75,75,75,75,75,75,75,75,75,75,75,75,75,75,75],"card_choices":[{"not_picked":["Coolheaded","Gash"],"picked":"Cold Snap","floor":1},{"not_picked":["Hologram","Steam"],"picked":"Sunder","floor":5},{"not_picked":["ReplayTheSpireMod:Reroute Power","Redo"],"picked":"Melter","floor":13},{"not_picked":["Capacitor","Go for the Eyes"],"picked":"Steam Power","floor":14},{"not_picked":["Biased Cognition","Multi-Cast"],"picked":"Reboot","floor":16},{"not_picked":["Gash","Beam Cell"],"picked":"Ball Lightning","floor":18},{"not_picked":["Auto Shields","Undo"],"picked":"Fusion+1","floor":23},{"not_picked":["Leap","ReplayTheSpireMod:Reroute Power"],"picked":"Reinforced Body","floor":24},{"not_picked":["Sweeping Beam","Beam Cell"],"picked":"Force Field+1","floor":28}],"player_experience":443076,"relics_obtained":[{"floor":7,"key":"ReplayTheSpireMod:Ring of Challenge"},{"floor":9,"key":"Juzu Bracelet"},{"floor":13,"key":"Blue Doll"},{"floor":23,"key":"CaptainsWheel"},{"floor":26,"key":"HornCleat"}],"event_choices":[{"damage_healed":0,"gold_gain":0,"player_choice":"Ignored","damage_taken":0,"max_hp_gain":0,"max_hp_loss":0,"event_name":"Golden Wing","floor":3,"gold_loss":0},{"damage_healed":0,"gold_gain":0,"player_choice":"Grow","damage_taken":0,"max_hp_gain":0,"max_hp_loss":0,"event_name":"Living Wall","floor":4,"gold_loss":0,"cards_upgraded":["Zap"]},{"damage_healed":0,"gold_gain":75,"player_choice":"Gather Gold","damage_taken":11,"max_hp_gain":0,"max_hp_loss":0,"event_name":"World of Goop","floor":12,"gold_loss":0},{"damage_healed":0,"gold_gain":0,"player_choice":"Simplicity","damage_taken":0,"max_hp_gain":0,"max_hp_loss":0,"event_name":"Back to Basics","floor":19,"gold_loss":0,"cards_upgraded":["Strike_B","Strike_B","Strike_B","Defend_B","Defend_B","Defend_B"]},{"damage_healed":0,"gold_gain":0,"player_choice":"Forge","damage_taken":0,"max_hp_gain":0,"max_hp_loss":0,"event_name":"Accursed Blacksmith","floor":20,"gold_loss":0,"cards_upgraded":["Reboot"]},{"damage_healed":0,"gold_gain":0,"player_choice":"Paid Gold","damage_taken":0,"relics_obtained":["Sundial"],"max_hp_gain":0,"max_hp_loss":0,"event_name":"WeMeetAgain","floor":29,"gold_loss":128},{"damage_healed":0,"gold_gain":0,"player_choice":"Stole Relic","damage_taken":0,"relics_obtained":["Prayer Wheel"],"max_hp_gain":0,"max_hp_loss":0,"event_name":"Addict","floor":33,"gold_loss":0,"cards_obtained":["Shame"]}],"is_beta":false,"boss_relics":[{"not_picked":["Fusion Hammer","Replay:Ancient Bell"],"picked":"reliquary:Craggleroot"}],"items_purged_floors":[11],"is_endless":false,"potions_floor_spawned":[13,14,24],"killed_by":"Pondfish","ascension_level":2}}