{"host":"seujf6kmfn3ctpoe","time":1612957538,"event":{"mods":["BaseMod","Colored Map","Minty Spire (QoL Compilation)","Permanent Neow","Relic Sorter","Relic Stats","StSLib"],"gold_per_floor":[112,8,0,0,17,48,64,64,64,64,98,44,57,22,22,125,125,137,137,137,62,79,79,113,113,113,125,125,145,145,156,156,259,259,278,278,291,308,308,335,335,335],"floor_reached":41,"language":"ENG","playtime":3051,"items_purged":["Strike_P"],"score":429,"play_id":"d0597075-0914-4df4-ab7e-d3645a96d495","local_time":"20210210124538","is_ascension_mode":false,"campfire_choices":[{"floor":8.0,"key":"REST"},{"data":"BowlingBash","floor":10.0,"key":"SMITH"},{"data":"CutThroughFate","floor":15.0,"key":"SMITH"},{"data":"Nirvana","floor":23.0,"key":"SMITH"},{"data":"ThirdEye","floor":28.0,"key":"SMITH"},{"data":"ThirdEye","floor":30.0,"key":"SMITH"},{"floor":32.0,"key":"REST"}],"circlet_count":0,"master_deck":["Strike_P","Strike_P","Defend_P","Defend_P","Defend_P","Defend_P","Eruption","Nirvana+1","BowlingBash+1","EmptyFist","ThirdEye+1","CutThroughFate+1","CutThroughFate+1","ThirdEye+1","JustLucky","ThirdEye","DeusExMachina","Evaluate+1","Consecrate+1"],"relics":["PureWater","Ice Cream","Question Card","Sundial","InkBottle","Sozu","Potion Belt","Red Mask","Pear","Coffee Dripper","Bottled Tornado"],"acts_visited":["Exordium","TheCity","TheBeyond"],"potions_floor_usage":[],"damage_taken":[{"damage":3.0,"enemies":"2 Louse","floor":1.0,"turns":2.0},{"damage":2.0,"enemies":"Small Slimes","floor":5.0,"turns":3.0},{"damage":14.0,"enemies":"Gremlin Nob","floor":6.0,"turns":3.0},{"damage":6.0,"enemies":"Jaw Worm","floor":7.0,"turns":3.0},{"damage":9.0,"enemies":"3 Sentries","floor":11.0,"turns":6.0},{"damage":2.0,"enemies":"Blue Slaver","floor":13.0,"turns":4.0},{"damage":5.0,"enemies":"Slime Boss","floor":16.0,"turns":7.0},{"damage":3.0,"enemies":"Shell Parasite","floor":18.0,"turns":6.0},{"damage":0.0,"enemies":"Chosen","floor":22.0,"turns":6.0},{"damage":27.0,"enemies":"Masked Bandits","floor":24.0,"turns":4.0},{"damage":9.0,"enemies":"3 Cultists","floor":27.0,"turns":6.0},{"damage":8.0,"enemies":"Snake Plant","floor":29.0,"turns":7.0},{"damage":1.0,"enemies":"Centurion and Healer","floor":31.0,"turns":5.0},{"damage":53.0,"enemies":"Collector","floor":33.0,"turns":12.0},{"damage":1,"enemies":"Orb Walker","floor":35,"turns":5},{"damage":1,"enemies":"3 Darklings","floor":37,"turns":5},{"damage":0,"enemies":"Transient","floor":38,"turns":5},{"damage":61,"enemies":"Giant Head","floor":40,"turns":12},{"damage":19,"enemies":"Maw","floor":41,"turns":6}],"seed_played":"-7382482182535775972","potions_obtained":[{"floor":5.0,"key":"BlessingOfTheForge"},{"floor":6.0,"key":"BottledMiracle"},{"floor":7.0,"key":"DuplicationPotion"}],"is_trial":false,"path_per_floor":["M","$","?","?","M","E","M","R","T","R","E","$","M","?","R","B",null,"M","?","?","$","M","R","?","?","T","M","R","M","R","M","R","B",null,"M","?","M","M","?","E","M"],"character_chosen":"WATCHER","items_purchased":["BowlingBash","EmptyFist","ThirdEye"],"campfire_rested":2,"item_purchase_floors":[2,2,12],"current_hp_per_floor":[48,48,48,41,39,25,19,40,40,40,31,31,29,47,47,42,72,69,69,69,69,69,69,42,42,52,43,43,35,35,34,58,5,82,81,81,80,80,78,17,0,0],"gold":335,"neow_bonus":"ONE_RARE_RELIC","is_daily":false,"chose_seed":false,"campfire_upgraded":5,"win_rate":0.0,"timestamp":1612957538,"path_taken":["M","$","?","?","M","E","M","R","T","R","E","$","M","?","R","BOSS","M","?","?","$","M","R","?","?","T","M","R","M","R","M","R","BOSS","M","?","M","M","?","E","M"],"items_purchased_type":["Card","Card","Card"],"build_version":"2020-12-22","purchased_purges":1,"victory":false,"max_hp_per_floor":[72,72,72,72,72,72,72,72,72,72,72,72,72,72,72,72,72,72,72,72,72,72,72,72,72,82,82,82,82,82,82,82,82,82,82,82,82,82,78,78,78,78],"relic_stats":{"Sozu":4,"counters":[19,107],"Sundial":[30],"Question Card":15,"obtain_stats":[{"Ice Cream":0,"Sozu":17,"Potion Belt":20,"Pear":26,"Sundial":9,"Red Mask":24,"Coffee Dripper":34,"PureWater":0,"Bottled Tornado":40,"Question Card":6,"InkBottle":11},{"Ice Cream":0,"Sozu":7,"Potion Belt":8,"Pear":10,"Sundial":4,"Red Mask":10,"Coffee Dripper":14,"PureWater":0,"Bottled Tornado":18,"Question Card":3,"InkBottle":5},{"Ice Cream":0,"Sozu":28,"Potion Belt":34,"Pear":44,"Sundial":11,"Red Mask":44,"Coffee Dripper":74,"PureWater":0,"Bottled Tornado":101,"Question Card":8,"InkBottle":17}],"InkBottle":[44]},"card_choices":[{"not_picked":["CrushJoints","FlyingSleeves"],"picked":"Nirvana","floor":1.0},{"not_picked":["Study","CarveReality","BowlingBash"],"picked":"SKIP","floor":5.0},{"not_picked":["EmptyFist","Protect","CarveReality"],"picked":"SKIP","floor":6.0},{"not_picked":["BowlingBash","WindmillStrike","Consecrate","Prostrate"],"picked":"SKIP","floor":7.0},{"not_picked":["DeceiveReality","Establishment","Crescendo","SandsOfTime"],"picked":"SKIP","floor":11.0},{"not_picked":["WheelKick","BowlingBash","SashWhip"],"picked":"CutThroughFate","floor":13.0},{"not_picked":["BattleHymn+1","Perseverance","WindmillStrike"],"picked":"CutThroughFate+1","floor":18.0},{"not_picked":["SandsOfTime+1","Worship","SashWhip+1"],"picked":"JustLucky","floor":22.0},{"not_picked":["Evaluate","FlurryOfBlows","Judgement","EmptyBody"],"picked":"SKIP","floor":27.0},{"not_picked":["FlurryOfBlows+1","InnerPeace","Halt","BowlingBash+1"],"picked":"SKIP","floor":29.0},{"not_picked":["EmptyMind","DeceiveReality","PathToVictory"],"picked":"ThirdEye","floor":31.0},{"not_picked":["Ragnarok","DevaForm","Blasphemy"],"picked":"DeusExMachina","floor":33.0},{"not_picked":["ClearTheMind+1","BattleHymn","SashWhip+1","FearNoEvil+1"],"picked":"SKIP","floor":35},{"not_picked":["CarveReality","FlurryOfBlows+1","WaveOfTheHand+1"],"picked":"Evaluate+1","floor":37},{"not_picked":["JustLucky","FollowUp","ThirdEye","Wallop+1"],"picked":"SKIP","floor":38},{"not_picked":["FollowUp","Vengeance","Omniscience"],"picked":"Consecrate+1","floor":40}],"player_experience":432273,"relics_obtained":[{"floor":6.0,"key":"Question Card"},{"floor":9.0,"key":"Sundial"},{"floor":11.0,"key":"InkBottle"},{"floor":24.0,"key":"Red Mask"},{"floor":26.0,"key":"Pear"},{"floor":40,"key":"Bottled Tornado"}],"event_choices":[{"damage_healed":0.0,"max_hp_gain":0.0,"max_hp_loss":0.0,"gold_gain":0.0,"event_name":"World of Goop","player_choice":"Left Gold","floor":3.0,"gold_loss":8.0,"damage_taken":0.0},{"cards_removed":["Strike_P"],"damage_healed":0.0,"max_hp_gain":0.0,"max_hp_loss":0.0,"gold_gain":0.0,"event_name":"Golden Wing","player_choice":"Card Removal","floor":4.0,"gold_loss":0.0,"damage_taken":7.0},{"damage_healed":18.0,"max_hp_gain":0.0,"max_hp_loss":0.0,"gold_gain":0.0,"event_name":"The Cleric","player_choice":"Healed","floor":14.0,"gold_loss":35.0,"damage_taken":0.0},{"damage_healed":0.0,"max_hp_gain":0.0,"max_hp_loss":0.0,"gold_gain":0.0,"event_name":"The Library","player_choice":"Read","floor":19.0,"gold_loss":0.0,"damage_taken":0.0,"cards_obtained":["ThirdEye"]},{"damage_healed":0.0,"max_hp_gain":0.0,"max_hp_loss":0.0,"gold_gain":0.0,"event_name":"The Mausoleum","player_choice":"Opened","floor":20.0,"gold_loss":0.0,"damage_taken":0.0,"relics_obtained":["Potion Belt"]},{"damage_healed":0.0,"max_hp_gain":0.0,"max_hp_loss":0.0,"gold_gain":0.0,"event_name":"Masked Bandits","player_choice":"Fought Bandits","floor":24.0,"gold_loss":0.0,"damage_taken":0.0},{"damage_healed":0.0,"max_hp_gain":0.0,"max_hp_loss":0.0,"gold_gain":0.0,"event_name":"Vampires","player_choice":"Ignored","floor":25.0,"gold_loss":0.0,"damage_taken":0.0},{"cards_removed":["Vigilance"],"damage_healed":0,"gold_gain":0,"player_choice":"Removed Skill","damage_taken":0,"max_hp_gain":0,"max_hp_loss":0,"event_name":"Falling","floor":36,"gold_loss":0},{"damage_healed":0,"gold_gain":0,"player_choice":"Max HP","damage_taken":0,"max_hp_gain":0,"max_hp_loss":4,"event_name":"Winding Halls","floor":39,"gold_loss":0}],"is_beta":false,"boss_relics":[{"not_picked":["Velvet Choker","Runic Dome"],"picked":"Sozu"},{"not_picked":["SacredBark","Snecko Eye"],"picked":"Coffee Dripper"}],"items_purged_floors":[21],"is_endless":false,"potions_floor_spawned":[5,6,7,11,18,24,29,35,40],"killed_by":"Maw","ascension_level":0}}