{"host":"70jy76jvzy076wi7","time":1612977217,"event":{"mods":["Act Like it!","BaseMod","Better Third Choice","BetterRewards","Energized Spire","Gensokyo","GungeonMod","Hallownest","Hermit","Infinite Spire","Library of Ruina","Library of Ruina Extra","Marisa£®ÏF”Í°°ƒß¿Ì…≥£©","Minty Spire (QoL Compilation)","Pale of the Ancients","Permanent Neow","Reliquary","Replay The Spire","Robot Space Explorer","Spicy Shops","StSLib","The Servant 0.9.4","Yakumo Yukari mod"],"gold_per_floor":[48,58,58,77,97,122,122,157,157,174,174,186,221,239,239,342,342,353,353,363,375,388,388,60,92,92,92,121,121,11,37,37,142,142,157,157,174,191,191,191,226,226,226,226,241,258,286,286,286,286],"floor_reached":51,"language":"ZHS","playtime":3539,"items_purged":["Strike_S"],"score":1026,"play_id":"572e9e68-f76e-494a-8265-0806b0c806be","local_time":"20210211011337","is_ascension_mode":true,"campfire_choices":[{"data":"Foresight","floor":7.0,"key":"SMITH"},{"data":"Hightail","floor":11.0,"key":"SMITH"},{"data":"Potential","floor":15.0,"key":"SMITH"},{"data":"Exchange","floor":23.0,"key":"SMITH"},{"floor":27.0,"key":"REST"},{"floor":32.0,"key":"REST"},{"data":"Luminosity","floor":40.0,"key":"SMITH"},{"data":"Potential","floor":40.0,"key":"SMITH"},{"data":"TimeWarp","floor":42.0,"key":"SMITH"},{"data":"Potential","floor":42.0,"key":"SMITH"},{"data":"Replace","floor":44.0,"key":"SMITH"},{"data":"ShatteredReality","floor":44.0,"key":"SMITH"},{"data":"Rewind","floor":49.0,"key":"SMITH"},{"data":"Rewind","floor":49.0,"key":"SMITH"}],"circlet_count":0,"master_deck":["Strike_S+1","Strike_S","Strike_S","Defend_S+1","Defend_S","Defend_S","KidneyShot","Exchange+1","Rewind+1","Foresight+1","Hightail+1","Potential+1","WasteNot","Replace+1","Sabotage","Dilation+1","Potential+1","Potential+1","Luminosity+1","Dilation+1","Dilation+1","ShatteredReality+1","FloweringNight+1","Barrier+1","Deny+1","ForgedInTime+1","Rewind+1","Alleviate+1","TimeWarp+1","SoulSculpture+1","Advance+1","Replace+1"],"relics":["Uniform","Golden Egg","reliquary:RosewoodLute","Pantograph","PageOfQueenBee","DemoMod:RiddleOfLead","ClockworkSouvenir","PocketWatch","Pear","DemoMod:GlassGuonStoneRelic","reliquary:Knoch","PageOfSingingMachine","reliquary:WritOfMandamus","Gensokyo:DualWield","Replay:Arrowhead","Gambling Chip","Sundial"],"acts_visited":["Exordium","Gensokyo:Gensokyo","Gensokyo:Gensokyoer"],"potions_floor_usage":[],"damage_taken":[{"damage":4.0,"enemies":"Gensokyo:Python","floor":1.0,"turns":3.0},{"damage":6.0,"enemies":"Gensokyo:2_Kodama","floor":2.0,"turns":3.0},{"damage":1.0,"enemies":"Gensokyo:Gryphon","floor":4.0,"turns":4.0},{"damage":23.0,"enemies":"Gensokyo:LivingMonolith","floor":5.0,"turns":5.0},{"damage":1.0,"enemies":"Gensokyo:Mamizou","floor":6.0,"turns":17.0},{"damage":4.0,"enemies":"Gensokyo:Aya","floor":8.0,"turns":9.0},{"damage":0.0,"enemies":"Gensokyo:CorruptedTreant","floor":10.0,"turns":6.0},{"damage":0.0,"enemies":"Gensokyo:3_Kodama","floor":12.0,"turns":6.0},{"damage":0.0,"enemies":"Gensokyo:Mamizou","floor":13.0,"turns":8.0},{"damage":0.0,"enemies":"Gensokyo:LivingMonolith","floor":14.0,"turns":5.0},{"damage":12.0,"enemies":"Gensokyo:Yukari","floor":16.0,"turns":8.0},{"damage":15.0,"enemies":"Gensokyo:AngelMirror","floor":18.0,"turns":4.0},{"damage":0.0,"enemies":"Gensokyo:2_Gloops","floor":20.0,"turns":7.0},{"damage":22.0,"enemies":"Gensokyo:Monolith_and_Dog","floor":21.0,"turns":6.0},{"damage":9.0,"enemies":"Gensokyo:Chomper_and_Gloop","floor":22.0,"turns":6.0},{"damage":6.0,"enemies":"Gensokyo:Koishi","floor":25.0,"turns":6.0},{"damage":22.0,"enemies":"Gensokyo:Tenshi","floor":28.0,"turns":6.0},{"damage":0.0,"enemies":"Gensokyo:Koishi","floor":31.0,"turns":5.0},{"damage":0.0,"enemies":"Gensokyo:Eternal_Rivals","floor":33.0,"turns":11.0},{"damage":0.0,"enemies":"Gensokyo:AncientGuardian","floor":35.0,"turns":5.0},{"damage":0.0,"enemies":"Gensokyo:3_Boulders","floor":37.0,"turns":4.0},{"damage":0.0,"enemies":"Gensokyo:AtlasGolem","floor":38.0,"turns":3.0},{"damage":0.0,"enemies":"Gensokyo:Doremy","floor":41.0,"turns":5.0},{"damage":0.0,"enemies":"Gensokyo:Sharpion","floor":45.0,"turns":3.0},{"damage":0.0,"enemies":"Gensokyo:SeedOfUnknown","floor":46.0,"turns":3.0},{"damage":0.0,"enemies":"Gensokyo:Kasen","floor":47.0,"turns":4.0},{"damage":0.0,"enemies":"Gensokyo:Yuyuko","floor":50.0,"turns":5.0}],"seed_played":"-2300927413888952304","potions_obtained":[{"floor":2.0,"key":"Weak Potion"},{"floor":5.0,"key":"Venom Potion"},{"floor":6.0,"key":"DemoMod:LeadSkinPotion"},{"floor":13.0,"key":"DistilledChaos"},{"floor":28.0,"key":"SpeedPotion"}],"is_trial":false,"path_per_floor":["M","M","?","M","M","E","R","E","T","M","R","M","E","M","R","B",null,"M","?","M","M","M","R","$","E","T","R","E","?","$","E","R","B",null,"M","?","M","M","?","R","E","R","T","R","M","M","E","?","R","B",null],"character_chosen":"THE_SERVANT","items_purchased":["Dilation","ClockworkSouvenir","Barrier"],"campfire_rested":2,"item_purchase_floors":[24,24,30],"current_hp_per_floor":[61,55,55,54,31,30,30,26,26,26,26,26,26,26,26,39,75,60,60,60,38,29,29,29,23,23,45,23,23,23,23,45,70,75,75,75,75,75,45,45,45,45,45,45,45,45,45,45,45,45],"gold":286,"neow_bonus":"RANDOM_EVENT","is_daily":false,"chose_seed":false,"campfire_upgraded":12,"win_rate":0.0,"timestamp":1612977217,"path_taken":["M","?","?","M","M","E","R","E","T","M","R","M","E","M","R","BOSS","M","?","M","M","M","R","?","E","T","R","E","?","$","E","R","BOSS","M","?","M","M","?","R","E","R","T","R","M","M","E","?","R","BOSS"],"items_purchased_type":["Card","Relic","Card"],"build_version":"2020-12-22","purchased_purges":1,"victory":true,"max_hp_per_floor":[65,65,65,65,65,65,65,65,65,65,65,65,65,65,65,65,75,75,75,75,75,75,75,75,75,75,75,75,75,75,75,75,75,75,75,75,75,75,75,75,75,75,75,75,75,75,75,75,75,85],"card_choices":[{"not_picked":["Collapse","DualDimension"],"picked":"Rewind","floor":1.0},{"not_picked":["DoubleEdge","Unruled"],"picked":"Foresight","floor":2.0},{"not_picked":["Replace","ReturningBlade"],"picked":"Hightail","floor":4.0},{"not_picked":["Starlight","SurpressingFire","Ricochet"],"picked":"SKIP","floor":5.0},{"not_picked":["Gouge","SurpressingFire"],"picked":"Potential","floor":6.0},{"not_picked":["Starlight","SpecialFormula"],"picked":"WasteNot","floor":8.0},{"not_picked":["Manipulate","Rearm","DoubleEdge"],"picked":"SKIP","floor":10.0},{"not_picked":["Starlight","Desolation"],"picked":"Replace","floor":12.0},{"not_picked":["Moondial","Gouge"],"picked":"Sabotage","floor":13.0},{"not_picked":["MoonPhase","Manipulate","Moonlight"],"picked":"SKIP","floor":14.0},{"not_picked":["MurderousAura","FlawlessForm"],"picked":"Dilation","floor":16.0},{"not_picked":["Defy+1","Unruled","Reset"],"picked":"SKIP","floor":18.0},{"not_picked":["Replace","FastForward+1"],"picked":"Potential","floor":20.0},{"not_picked":["Moondial","ReturningBlade+1"],"picked":"Potential","floor":21.0},{"not_picked":["Starlight+1","Potential"],"picked":"Luminosity","floor":22.0},{"not_picked":["Foresight","Revamp"],"picked":"ShatteredReality","floor":25.0},{"not_picked":["TimeWarp","SpecialFormula"],"picked":"FloweringNight","floor":28.0},{"not_picked":["Initiator","Starlight"],"picked":"Deny","floor":31.0},{"not_picked":["Initiator","Embodiment"],"picked":"ForgedInTime","floor":33.0},{"not_picked":["Spin+1","Foresight"],"picked":"Rewind","floor":35.0},{"not_picked":["Starlight+1","SpecialFormula+1"],"picked":"Alleviate+1","floor":37.0},{"not_picked":["Spin","Unruled+1"],"picked":"TimeWarp","floor":38.0},{"not_picked":["Rearm+1","Ricochet+1"],"picked":"SoulSculpture","floor":41.0},{"not_picked":["Shuttle+1","SurpressingFire+1","DoubleEdge+1"],"picked":"SKIP","floor":45.0},{"not_picked":["Unruled","Alleviate+1"],"picked":"Advance+1","floor":46.0},{"not_picked":["DualDimension+1","InstantArmor+1"],"picked":"Replace+1","floor":47.0}],"player_experience":1943093,"relics_obtained":[{"floor":6.0,"key":"Golden Egg"},{"floor":8.0,"key":"reliquary:RosewoodLute"},{"floor":9.0,"key":"Pantograph"},{"floor":13.0,"key":"PageOfQueenBee"},{"floor":25.0,"key":"PocketWatch"},{"floor":26.0,"key":"DemoMod:WeirdEgg"},{"floor":28.0,"key":"reliquary:Knoch"},{"floor":31.0,"key":"PageOfSingingMachine"},{"floor":41.0,"key":"Gambling Chip"},{"floor":47.0,"key":"Sundial"}],"event_choices":[],"is_beta":false,"boss_relics":[{"not_picked":["ReplayTheSpireMod:SealedPack","Snecko Eye"],"picked":"DemoMod:RiddleOfLead"},{"not_picked":["MysterySword","DemoMod:WaxWing"],"picked":"reliquary:WritOfMandamus"}],"items_purged_floors":[30],"is_endless":false,"potions_floor_spawned":[2,5,6,12,13,25,28,33,41,46,47],"ascension_level":1}}