{"host":"0rxdudjy6rylha1k","time":1612936092,"event":{"mods":["Aspiration","BaseMod","Colored Map","Colored Powertips","Downfall","Highlight Path","Hubris","Minty Spire (QoL Compilation)","StSLib"],"gold_per_floor":[99,115,132,151,251,286,334,369,392,292,313,313,10,39,50,50,50,50],"floor_reached":16,"language":"ENG","playtime":2721,"items_purged":[],"score":165,"play_id":"85ced539-95b0-4047-92be-8d882f23caea","local_time":"20210209224812","is_ascension_mode":true,"campfire_choices":[{"floor":1,"key":"RECALL"},{"floor":10,"key":"REST"},{"data":"sneckomod:DiceBoulder","floor":12,"key":"SMITH"}],"circlet_count":0,"master_deck":["sneckomod:Strike","sneckomod:Strike","sneckomod:Strike","sneckomod:Defend","sneckomod:Defend","sneckomod:Defend","sneckomod:TailWhip","sneckomod:SnekBite","sneckomod:Unknown","sneckomod:Unknown","sneckomod:Rotation","sneckomod:ImprovisedAttack","sneckomod:QuickMove","sneckomod:UnendingSupply","sneckomod:MasterEye","sneckomod:DiceBoulder+1","sneckomod:UnknownUncommonAttack","sneckomod:Cheat","sneckomod:CheapStock","sneckomod:SlitherStrike","sneckomod:UnknownColorless"],"relics":["Black Star","StoneCalendar","CeramicFish","hubris:OldNail","Ancient Tea Set","Happy Flower","downfall:HeartBlessingRed","OrangePellets","Singing Bowl","Bottled Tornado"],"acts_visited":["Exordium"],"potions_floor_usage":[6,7,14],"damage_taken":[{"damage":3,"enemies":"2 Louse","floor":2,"turns":3},{"damage":0,"enemies":"Cultist","floor":3,"turns":3},{"damage":0,"enemies":"Small Slimes","floor":4,"turns":3},{"damage":12,"enemies":"Gremlin Nob","floor":6,"turns":4},{"damage":20,"enemies":"Lagavulin","floor":8,"turns":7},{"damage":9,"enemies":"Blue Slaver","floor":9,"turns":4},{"damage":1,"enemies":"Exordium Thugs","floor":11,"turns":3},{"damage":2,"enemies":"downfall:FleeingMerchant","floor":13,"turns":4},{"damage":32,"enemies":"Gremlin Nob","floor":14,"turns":4},{"damage":28,"enemies":"Exordium Wildlife","floor":15,"turns":3},{"damage":24,"enemies":"DF_ARCHETYPE_STREAMLINE","floor":16,"turns":3}],"seed_played":"4189179464069121230","potions_obtained":[{"floor":2,"key":"DuplicationPotion"},{"floor":3,"key":"Fruit Juice"},{"floor":4,"key":"Explosive Potion"},{"floor":15,"key":"Explosive Potion"}],"is_trial":false,"path_per_floor":["R","M","M","M","?","E","T","E","M","R","M","R","$","E","M","B"],"character_chosen":"THE_SNECKO","items_purchased":["OrangePellets","sneckomod:CheapStock","sneckomod:SlitherStrike","sneckomod:UnknownColorless"],"campfire_rested":1,"item_purchase_floors":[13,13,13,13],"current_hp_per_floor":[81,78,78,78,78,66,71,51,42,70,69,69,67,37,11,0,0,0],"gold":50,"neow_bonus":"BOSS_RELIC","is_daily":false,"chose_seed":false,"campfire_upgraded":1,"win_rate":0.0,"timestamp":1612936092,"path_taken":["R","M","M","M","?","E","T","E","?","R","M","R","?","E","M","BOSS"],"items_purchased_type":["Relic","Card","Card","Card"],"build_version":"2020-12-22","purchased_purges":0,"victory":false,"max_hp_per_floor":[90,90,90,90,90,90,95,95,95,95,95,95,95,97,99,99,99,99],"card_choices":[{"not_picked":["sneckomod:UnknownCommonAttack","sneckomod:WideSting"],"picked":"sneckomod:Rotation","floor":2},{"not_picked":["sneckomod:SlitherStrike","sneckomod:UnknownCommonAttack"],"picked":"sneckomod:ImprovisedAttack","floor":3},{"not_picked":["sneckomod:Unknown1Cost","sneckomod:DiceCrush"],"picked":"sneckomod:QuickMove","floor":4},{"not_picked":["sneckomod:QuickMove","sneckomod:Unknown1Cost"],"picked":"sneckomod:UnendingSupply","floor":6},{"not_picked":["sneckomod:DefensiveFlair","sneckomod:UnknownBlock"],"picked":"sneckomod:MasterEye","floor":8},{"not_picked":["sneckomod:DiceBlock","sneckomod:UnknownBlock"],"picked":"sneckomod:DiceBoulder","floor":9},{"not_picked":["sneckomod:SoulRoll","sneckomod:SoulDraw"],"picked":"sneckomod:UnknownUncommonAttack","floor":11},{"not_picked":["sneckomod:UnknownCommonAttack","sneckomod:UnknownDraw"],"picked":"sneckomod:Cheat","floor":13},{"not_picked":["sneckomod:UnknownCommonSkill","sneckomod:UnknownStrike","sneckomod:UnknownBlock"],"picked":"Singing Bowl","floor":14},{"not_picked":["sneckomod:Nope","sneckomod:DiceBlock","sneckomod:QuickMove"],"picked":"Singing Bowl","floor":15}],"player_experience":2902844,"relics_obtained":[{"floor":6,"key":"StoneCalendar"},{"floor":6,"key":"CeramicFish"},{"floor":7,"key":"hubris:OldNail"},{"floor":8,"key":"Ancient Tea Set"},{"floor":8,"key":"Happy Flower"},{"floor":14,"key":"Singing Bowl"},{"floor":14,"key":"Bottled Tornado"}],"event_choices":[],"is_beta":false,"boss_relics":[],"items_purged_floors":[],"is_endless":false,"potions_floor_spawned":[2,3,4,15],"killed_by":"DF_ARCHETYPE_STREAMLINE","ascension_level":7}}