{"host":"egwexuw5uvnxf11j","time":1612920539,"event":{"mods":["2.2 Compatiblity","Aspiration","BaseMod","Better Altar","Better Note","Better Sensory Stone","Better Third Choice","Displayed Cursed Tome","Downfall","Hermit","Key Reminder","Koishi","Marisa????????","Minty Spire (QoL Compilation)","Quick Restart","Shade Mod","Spicy Shops","StSLib","The Construct","The Cursed","The Hierophant","The Runesmith","The Senshi","The Servant 0.9.4","Transform Curses"],"gold_per_floor":[117,130,141,141,141,169,169,203,285,250,284,284,284,294,294,398,398,409,409,423,423,433,433,433],"floor_reached":23,"language":"ENG","playtime":1054,"items_purged":[],"score":230,"play_id":"af55b970-0cb4-4f74-8f13-6f2c7486fa40","local_time":"20210209202859","is_ascension_mode":true,"campfire_choices":[{"floor":7,"key":"REST"},{"floor":15,"key":"REST"}],"circlet_count":0,"master_deck":["Strike_G","Strike_G","Strike_G","Strike_G","Defend_G","Defend_G","Defend_G","Defend_G","Defend_G","Survivor","Neutralize","Quick Slash","Heel Hook","Dagger Throw","Envenom+1","Noxious Fumes","Blade Dance","Deflect","Envenom+1","Backflip+1","Flying Knee","Blade Dance"],"relics":["Ring of the Snake","Juzu Bracelet","Vajra","Omamori","Frozen Egg 2","Bottled Tornado","Cursed Key","aspiration:HummingbirdHeart"],"acts_visited":["Exordium","TheCity"],"potions_floor_usage":[6,14],"damage_taken":[{"damage":0,"enemies":"Cultist","floor":1,"turns":4},{"damage":3,"enemies":"2 Louse","floor":2,"turns":3},{"damage":0,"enemies":"Jaw Worm","floor":3,"turns":5},{"damage":34,"enemies":"Gremlin Nob","floor":6,"turns":5},{"damage":26,"enemies":"3 Sentries","floor":8,"turns":8},{"damage":32,"enemies":"Lagavulin","floor":11,"turns":6},{"damage":6,"enemies":"Large Slime","floor":14,"turns":5},{"damage":19,"enemies":"Hexaghost","floor":16,"turns":8},{"damage":23,"enemies":"Shell Parasite","floor":18,"turns":5},{"damage":13,"enemies":"2 Thieves","floor":20,"turns":4},{"damage":27,"enemies":"Sentry and Sphere","floor":22,"turns":7},{"damage":19,"enemies":"Book of Stabbing","floor":23,"turns":3}],"seed_played":"-4623681905093290056","potions_obtained":[{"floor":3,"key":"Block Potion"},{"floor":11,"key":"EssenceOfSteel"},{"floor":20,"key":"SmokeBomb"}],"is_trial":false,"path_per_floor":["M","M","M","?","?","E","R","E","T","?","E","?","?","M","R","B",null,"M","?","M","?","M","E"],"character_chosen":"THE_SILENT","items_purchased":[],"campfire_rested":2,"item_purchase_floors":[],"current_hp_per_floor":[77,74,74,67,67,33,56,30,30,49,17,17,17,11,34,15,77,54,54,41,41,14,0,0],"gold":433,"neow_bonus":"TEN_PERCENT_HP_BONUS","is_daily":false,"chose_seed":false,"campfire_upgraded":0,"win_rate":0.0,"timestamp":1612920539,"path_taken":["M","M","?","?","?","E","R","E","T","?","E","?","?","M","R","BOSS","M","?","M","?","M","E"],"items_purchased_type":[],"build_version":"2020-12-22","purchased_purges":0,"victory":false,"max_hp_per_floor":[77,77,77,77,77,77,77,77,77,77,77,77,77,77,77,77,77,77,77,77,77,77,77,77],"card_choices":[{"not_picked":["Footwork","Backflip"],"picked":"Quick Slash","floor":1},{"not_picked":["PiercingWail","Dagger Spray"],"picked":"Heel Hook","floor":2},{"not_picked":["Prepared","Backflip"],"picked":"Dagger Throw","floor":3},{"not_picked":["All Out Attack","Prepared"],"picked":"Envenom","floor":6},{"not_picked":["Dodge and Roll","Leg Sweep"],"picked":"Noxious Fumes","floor":8},{"not_picked":["Masterful Stab","Acrobatics"],"picked":"Blade Dance","floor":11},{"not_picked":["Underhanded Strike","Sucker Punch"],"picked":"Deflect","floor":14},{"not_picked":["Adrenaline","Phantasmal Killer"],"picked":"Envenom+1","floor":16},{"not_picked":["Leg Sweep+1","Reflex"],"picked":"Backflip+1","floor":18},{"not_picked":["Quick Slash","Well Laid Plans+1"],"picked":"Flying Knee","floor":20},{"not_picked":["Backflip","Dagger Throw"],"picked":"Blade Dance","floor":22}],"player_experience":2329815,"relics_obtained":[{"floor":6,"key":"Vajra"},{"floor":8,"key":"Omamori"},{"floor":9,"key":"Frozen Egg 2"},{"floor":11,"key":"Bottled Tornado"}],"event_choices":[{"cards_removed":["Strike_G"],"damage_healed":0,"gold_gain":0,"player_choice":"Card Removal","damage_taken":7,"max_hp_gain":0,"max_hp_loss":0,"event_name":"Golden Wing","floor":4,"gold_loss":0},{"damage_healed":0,"gold_gain":0,"player_choice":"Box","damage_taken":0,"relics_obtained":["Juzu Bracelet"],"max_hp_gain":0,"max_hp_loss":0,"event_name":"Big Fish","floor":5,"gold_loss":0,"cards_obtained":["Regret"]},{"damage_healed":19,"gold_gain":0,"player_choice":"Healed","damage_taken":0,"max_hp_gain":0,"max_hp_loss":0,"event_name":"The Cleric","floor":10,"gold_loss":35},{"damage_healed":0,"gold_gain":0,"player_choice":"Grow","damage_taken":0,"max_hp_gain":0,"max_hp_loss":0,"event_name":"Living Wall","floor":12,"gold_loss":0,"cards_upgraded":["Envenom"]},{"damage_healed":17,"gold_gain":0,"player_choice":"Leave","damage_taken":0,"max_hp_gain":0,"max_hp_loss":77,"event_name":"betterThird:BetterShining","floor":13,"gold_loss":0},{"cards_removed":["Regret"],"damage_healed":0,"gold_gain":0,"player_choice":"Elegance","damage_taken":0,"max_hp_gain":0,"max_hp_loss":0,"event_name":"betterThird:BetterWriting","floor":19,"gold_loss":0},{"damage_healed":0,"gold_gain":0,"player_choice":"Opened","damage_taken":0,"relics_obtained":["aspiration:HummingbirdHeart"],"max_hp_gain":0,"max_hp_loss":0,"event_name":"The Mausoleum","floor":21,"gold_loss":0,"cards_obtained":["Writhe"]}],"is_beta":false,"boss_relics":[{"not_picked":["construct:ClawGrip","Astrolabe"],"picked":"Cursed Key"}],"items_purged_floors":[],"is_endless":false,"potions_floor_spawned":[1,3,11,20],"killed_by":"Book of Stabbing","ascension_level":2}}