{"host":"5uuadjc5gi6cs0xs","time":1612982937,"event":{"mods":["2.2 Compatiblity","Abigail Mod","AchievementEnabler","Act Like it!","BaseMod","BetterRewards","Chen","FTL Soundtrack","Friendly Minions","Hero for Fun","KinomotoSakuraMod(????)","Kiyohime????","Koishi","Marisa????????","Minty Spire (QoL Compilation)","Onozuka Komachi Mod","Permanent Neow","Prisma Mod","Quick Restart","Railgun Mod","Rare Cards Sparkle","Relic Stats","Remilia??????","StSLib","The Administrix","The Animator","The Exalted","The Gatherer","TheSwordswoman","Waifu the Spire","WarShipGirlsR/????R mod","Yohane!","Yuri Mod","Yuyuko"],"gold_per_floor":[113,124,124,143,143,169,169,344,370,370,380,397,407,47,47,150,150,163,163,178,32,50,382,382,394,394,406,505,430,430,430,430],"floor_reached":31,"language":"DEU","playtime":1813,"items_purged":[],"score":296,"play_id":"2dc9ba25-764c-4188-8362-861c793cc5a7","local_time":"20210210194857","is_ascension_mode":true,"campfire_choices":[{"floor":7,"key":"REST"},{"floor":10,"key":"REST"},{"floor":15,"key":"REST"},{"floor":24,"key":"REST"},{"floor":30,"key":"REST"}],"circlet_count":0,"master_deck":["Strike_G","Strike_G","Strike_G","Strike_G","Defend_G","Defend_G","Defend_G","Defend_G","Defend_G","Survivor","Neutralize","Cloak And Dagger+1","Backstab+1","Dagger Throw","Blade Dance","Envenom","Cloak And Dagger","Noxious Fumes","After Image","CurseOfTheBell","Poisoned Stab","Bouncing Flask","A Thousand Cuts","Outmaneuver","Infinite Blades+1"],"relics":["Ring of the Snake","Art of War","Oddly Smooth Stone","Toy Ornithopter","Boot","Lantern","Calling Bell","Potion Belt","Pantograph","The Specimen","HandDrill","Old Coin","Paper Crane"],"acts_visited":["Exordium","TheCity"],"potions_floor_usage":[16,23,23,23,31],"damage_taken":[{"damage":3,"enemies":"Jaw Worm","floor":1,"turns":6},{"damage":4,"enemies":"2 Louse","floor":2,"turns":3},{"damage":0,"enemies":"Small Slimes","floor":4,"turns":3},{"damage":45,"enemies":"Gremlin Nob","floor":6,"turns":6},{"damage":0,"enemies":"2 Fungi Beasts","floor":11,"turns":2},{"damage":5,"enemies":"Red Slaver","floor":12,"turns":2},{"damage":0,"enemies":"Large Slime","floor":13,"turns":5},{"damage":13,"enemies":"Slime Boss","floor":16,"turns":9},{"damage":9,"enemies":"Shell Parasite","floor":18,"turns":6},{"damage":14,"enemies":"2 Thieves","floor":20,"turns":4},{"damage":9,"enemies":"Snecko","floor":22,"turns":4},{"damage":45,"enemies":"Gremlin Leader","floor":23,"turns":6},{"damage":26,"enemies":"3 Cultists","floor":25,"turns":5},{"damage":0,"enemies":"Snake Plant","floor":27,"turns":3},{"damage":30,"enemies":"Book of Stabbing","floor":31,"turns":4}],"seed_played":"2939667785019712317","potions_obtained":[{"floor":2,"key":"Explosive Potion"},{"floor":11,"key":"Poison Potion"},{"floor":12,"key":"EssenceOfSteel"},{"floor":16,"key":"EssenceOfSteel"},{"floor":22,"key":"SpeedPotion"},{"floor":25,"key":"PowerPotion"}],"is_trial":false,"path_per_floor":["M","M","?","M","?","E","R","?","T","R","M","M","M","$","R","B",null,"M","?","M","$","M","E","R","M","T","M","?","?","R","E"],"character_chosen":"THE_SILENT","items_purchased":["Boot","Lantern","Noxious Fumes","HandDrill"],"campfire_rested":5,"item_purchase_floors":[14,14,14,21],"current_hp_per_floor":[67,63,57,57,57,12,33,33,33,54,54,49,49,49,70,57,70,61,61,47,47,38,8,29,3,3,3,3,3,24,0,0],"gold":430,"neow_bonus":"RANDOM_COMMON_RELIC","is_daily":false,"chose_seed":false,"campfire_upgraded":0,"win_rate":0.0,"timestamp":1612982937,"path_taken":["M","M","?","M","?","E","R","?","T","R","M","M","M","$","R","BOSS","M","?","?","$","M","E","R","M","T","M","?","?","R","E"],"items_purchased_type":["Relic","Relic","Card","Relic"],"build_version":"2020-12-22","purchased_purges":0,"victory":false,"max_hp_per_floor":[70,70,70,70,70,70,70,70,70,70,70,70,70,70,70,70,70,70,70,70,70,70,70,70,70,70,70,70,70,70,70,70],"relic_stats":{"counters":[15,68],"Pantograph":0,"Art of War":[4],"HandDrill":[16],"Boot":[107],"obtain_stats":[{"Potion Belt":17,"Lantern":14,"The Specimen":17,"Oddly Smooth Stone":6,"Paper Crane":26,"Boot":14,"Old Coin":23,"Calling Bell":17,"Pantograph":17,"Art of War":0,"HandDrill":21,"Toy Ornithopter":9,"Ring of the Snake":0},{"Potion Belt":8,"Lantern":7,"The Specimen":8,"Oddly Smooth Stone":4,"Paper Crane":13,"Boot":7,"Old Coin":12,"Calling Bell":8,"Pantograph":8,"Art of War":0,"HandDrill":10,"Toy Ornithopter":4,"Ring of the Snake":0},{"Potion Belt":36,"Lantern":27,"The Specimen":36,"Oddly Smooth Stone":18,"Paper Crane":61,"Boot":27,"Old Coin":56,"Calling Bell":36,"Pantograph":36,"Art of War":0,"HandDrill":46,"Toy Ornithopter":18,"Ring of the Snake":0}],"Toy Ornithopter":20,"Ring of the Snake":[30]},"card_choices":[{"not_picked":["Escape Plan","Catalyst"],"picked":"Cloak And Dagger","floor":1},{"not_picked":["Bane","Escape Plan"],"picked":"Choke","floor":2},{"not_picked":["Sucker Punch","Outmaneuver"],"picked":"Backstab","floor":4},{"not_picked":["Footwork","Dodge and Roll"],"picked":"Dagger Throw","floor":6},{"not_picked":["Footwork","Reflex"],"picked":"Blade Dance","floor":11},{"not_picked":["Cloak And Dagger","Escape Plan"],"picked":"Envenom","floor":12},{"not_picked":["Sucker Punch","PiercingWail"],"picked":"Cloak And Dagger","floor":13},{"not_picked":["Corpse Explosion","Glass Knife"],"picked":"After Image","floor":16},{"not_picked":["Dagger Throw","Predator"],"picked":"Poisoned Stab","floor":18},{"not_picked":["Dodge and Roll","Setup","PiercingWail"],"picked":"SKIP","floor":20},{"not_picked":["PiercingWail","Flechettes+1"],"picked":"Bouncing Flask","floor":22},{"not_picked":["Backflip","Sucker Punch+1"],"picked":"A Thousand Cuts","floor":23},{"not_picked":["Dash","Deadly Poison"],"picked":"Outmaneuver","floor":25},{"not_picked":["Night Terror","Dagger Spray"],"picked":"Infinite Blades+1","floor":27}],"player_experience":410839,"relics_obtained":[{"floor":6,"key":"Oddly Smooth Stone"},{"floor":9,"key":"Toy Ornithopter"},{"floor":17,"key":"Potion Belt"},{"floor":17,"key":"Pantograph"},{"floor":17,"key":"The Specimen"},{"floor":23,"key":"Old Coin"},{"floor":26,"key":"Paper Crane"}],"event_choices":[{"damage_healed":0,"gold_gain":0,"player_choice":"Grow","damage_taken":0,"max_hp_gain":0,"max_hp_loss":0,"event_name":"Living Wall","floor":5,"gold_loss":0,"cards_upgraded":["Backstab"]},{"damage_healed":0,"gold_gain":175,"player_choice":"AGREE","damage_taken":0,"max_hp_gain":0,"max_hp_loss":0,"event_name":"Liars Game","floor":8,"gold_loss":0,"cards_obtained":["Doubt"]},{"cards_removed":["Doubt"],"damage_healed":0,"gold_gain":0,"player_choice":"Removed Curses","damage_taken":0,"max_hp_gain":0,"max_hp_loss":0,"event_name":"Fountain of Cleansing","floor":19,"gold_loss":0},{"damage_healed":0,"gold_gain":99,"player_choice":"Stole From Cult","damage_taken":0,"max_hp_gain":0,"max_hp_loss":0,"event_name":"Nest","floor":28,"gold_loss":0},{"cards_removed":["Strike_G"],"damage_healed":0,"gold_gain":0,"player_choice":"Gave Gold","damage_taken":0,"max_hp_gain":0,"max_hp_loss":0,"event_name":"Beggar","floor":29,"gold_loss":75}],"is_beta":false,"boss_relics":[{"not_picked":["Astrolabe","Bromod:ArcaneEnergize"],"picked":"Calling Bell"}],"items_purged_floors":[],"is_endless":false,"potions_floor_spawned":[2,11,12,16,22,25],"killed_by":"Book of Stabbing","ascension_level":3}}