{"host":"o397ecwz7fxep68m","time":1612955744,"event":{"mods":["BaseMod","Minty Spire (QoL Compilation)","Quick Restart","Relic Stats","StSLib"],"gold_per_floor":[112,125,125,125,125,156,331,331,331,281,302,316,38,58,58,178,178,198,211,211,232,271,271,271,296,296,340,360,375,410,108,108,236,236,249,263,195,215,215,249,249,280,355,378,55,70,91,91,91,91],"floor_reached":51,"language":"ZHS","playtime":3691,"items_purged":["Strike_B","Defend_B","Strike_B"],"score":1302,"play_id":"c8bd4c37-6a6d-4fb0-8aa9-5c1541aecabb","local_time":"20210210191544","is_ascension_mode":true,"campfire_choices":[{"data":"Defragment","floor":8.0,"key":"SMITH"},{"data":"Apotheosis","floor":15.0,"key":"SMITH"},{"floor":23.0,"key":"REST"},{"floor":32.0,"key":"REST"},{"floor":41.0,"key":"REST"},{"floor":49,"key":"REST"}],"circlet_count":0,"master_deck":["AscendersBane","Strike_B","Strike_B","Defend_B","Defend_B","Defend_B","Zap","Dualcast","Defragment+1","Rip and Tear","Glacier","Reinforced Body","Apotheosis+1","Blizzard","Chill","Hologram","Electrodynamics","Defragment","Echo Form","Skim+1","Defragment","Creative AI","Chill+1","Capacitor"],"relics":["FrozenCore","NeowsBlessing","Golden Idol","MealTicket","Ancient Tea Set","Cables","Fusion Hammer","Red Mask","DataDisk","CaptainsWheel","Regal Pillow","Membership Card","Mummified Hand","Letter Opener","Art of War","HornCleat","Medical Kit","Potion Belt"],"acts_visited":["Exordium","TheCity","TheBeyond"],"potions_floor_usage":[50,50,50,50],"damage_taken":[{"damage":0.0,"enemies":"Small Slimes","floor":1.0,"turns":1.0},{"damage":0.0,"enemies":"Jaw Worm","floor":2.0,"turns":1.0},{"damage":0.0,"enemies":"Gremlin Nob","floor":6.0,"turns":1.0},{"damage":0.0,"enemies":"Cultist","floor":11.0,"turns":3.0},{"damage":8.0,"enemies":"Blue Slaver","floor":12.0,"turns":3.0},{"damage":0.0,"enemies":"Exordium Wildlife","floor":14.0,"turns":4.0},{"damage":4.0,"enemies":"Hexaghost","floor":16.0,"turns":13.0},{"damage":14.0,"enemies":"2 Thieves","floor":18.0,"turns":4.0},{"damage":5.0,"enemies":"3 Byrds","floor":19.0,"turns":5.0},{"damage":0.0,"enemies":"3 Cultists","floor":21.0,"turns":4.0},{"damage":14.0,"enemies":"Masked Bandits","floor":22.0,"turns":3.0},{"damage":7.0,"enemies":"Chosen and Byrds","floor":25.0,"turns":5.0},{"damage":11.0,"enemies":"Gremlin Leader","floor":27.0,"turns":7.0},{"damage":0.0,"enemies":"Snake Plant","floor":28.0,"turns":4.0},{"damage":9.0,"enemies":"Shelled Parasite and Fungi","floor":29.0,"turns":5.0},{"damage":10.0,"enemies":"Book of Stabbing","floor":30.0,"turns":5.0},{"damage":0.0,"enemies":"Automaton","floor":33.0,"turns":10.0},{"damage":1.0,"enemies":"3 Darklings","floor":35.0,"turns":3.0},{"damage":0.0,"enemies":"Orb Walker","floor":36.0,"turns":4.0},{"damage":3.0,"enemies":"Transient","floor":38.0,"turns":5.0},{"damage":2.0,"enemies":"Giant Head","floor":40.0,"turns":13.0},{"damage":23,"enemies":"Nemesis","floor":42,"turns":7},{"damage":0,"enemies":"Sphere and 2 Shapes","floor":44,"turns":4},{"damage":11,"enemies":"Spire Growth","floor":46,"turns":5},{"damage":0,"enemies":"Maw","floor":47,"turns":6},{"damage":0,"enemies":"Awakened One","floor":50,"turns":11}],"seed_played":"2626156086651675113","potions_obtained":[{"floor":1.0,"key":"Ancient Potion"},{"floor":11.0,"key":"FearPotion"},{"floor":18.0,"key":"EssenceOfSteel"},{"floor":27.0,"key":"FocusPotion"},{"floor":28.0,"key":"Dexterity Potion"},{"floor":35.0,"key":"Fruit Juice"},{"floor":40.0,"key":"Explosive Potion"},{"floor":42,"key":"DistilledChaos"}],"is_trial":false,"path_per_floor":["M","M","$","?","?","E","?","R","T","?","M","M","$","M","R","B",null,"M","M","$","M","?","R","?","M","T","E","M","M","E","$","R","B",null,"M","M","$","M","?","E","R","E","T","M","$","M","M","?","R","B",null],"character_chosen":"DEFECT","items_purchased":["Apotheosis","Blizzard","Chill","Membership Card","Mummified Hand","Defragment","Capacitor","Medical Kit","Potion Belt","LiquidMemories","EssenceOfSteel"],"campfire_rested":4,"item_purchase_floors":[13,13,13,31,31,37,45,45,45,45,45],"current_hp_per_floor":[68,68,68,50,38,38,38,38,38,38,38,30,45,45,45,41,67,53,48,63,63,49,71,71,64,64,53,53,44,34,49,75,75,75,74,74,75,77,74,72,80,57,57,57,72,61,61,61,80,80],"gold":91,"neow_bonus":"THREE_ENEMY_KILL","is_daily":false,"chose_seed":false,"campfire_upgraded":2,"win_rate":0.0,"timestamp":1612955744,"path_taken":["M","M","$","?","?","E","?","R","T","?","?","M","$","M","R","BOSS","M","M","$","M","?","R","?","M","T","E","M","M","E","$","R","BOSS","M","M","$","M","?","E","R","E","T","M","$","M","?","?","R","BOSS"],"items_purchased_type":["Card","Card","Card","Relic","Relic","Card","Card","Relic","Relic","Potion","Potion"],"build_version":"2020-12-22","purchased_purges":3,"victory":true,"max_hp_per_floor":[75,75,75,75,75,75,75,75,75,75,75,75,75,75,75,75,75,75,75,75,75,75,75,75,75,75,75,75,75,75,75,75,75,75,75,75,75,80,80,80,80,80,80,80,80,80,80,80,80,80],"relic_stats":{"Regal Pillow":4,"counters":[26,136],"Golden Idol":173,"Mummified Hand":[99],"MealTicket":61,"Art of War":[5],"Letter Opener":[92],"Medical Kit":[0],"obtain_stats":[{"Potion Belt":45,"Regal Pillow":30,"NeowsBlessing":0,"Golden Idol":4,"Letter Opener":40,"Ancient Tea Set":6,"Medical Kit":45,"Cables":9,"FrozenCore":34,"DataDisk":26,"CaptainsWheel":27,"HornCleat":43,"Mummified Hand":31,"MealTicket":5,"Fusion Hammer":17,"Red Mask":22,"Art of War":42,"Membership Card":31,"Cracked Core":0},{"Potion Belt":23,"Regal Pillow":16,"NeowsBlessing":0,"Golden Idol":2,"Letter Opener":21,"Ancient Tea Set":3,"Medical Kit":23,"Cables":3,"FrozenCore":17,"DataDisk":12,"CaptainsWheel":13,"HornCleat":22,"Mummified Hand":16,"MealTicket":2,"Fusion Hammer":7,"Red Mask":11,"Art of War":22,"Membership Card":16,"Cracked Core":0},{"Potion Belt":114,"Regal Pillow":68,"NeowsBlessing":0,"Golden Idol":2,"Letter Opener":103,"Ancient Tea Set":3,"Medical Kit":114,"Cables":3,"FrozenCore":78,"DataDisk":47,"CaptainsWheel":54,"HornCleat":110,"Mummified Hand":68,"MealTicket":2,"Fusion Hammer":26,"Red Mask":42,"Art of War":110,"Membership Card":68,"Cracked Core":0}],"FrozenCore":[18],"Cables":[117,43,74,0,0]},"card_choices":[{"not_picked":["Gash","Ball Lightning"],"picked":"Defragment","floor":1.0},{"not_picked":["Coolheaded","Gash"],"picked":"Rip and Tear","floor":2.0},{"not_picked":["Core Surge","Leap"],"picked":"Glacier","floor":6.0},{"not_picked":["Beam Cell","Steam","Gash"],"picked":"SKIP","floor":11.0},{"not_picked":["Turbo","Steam"],"picked":"Reinforced Body","floor":12.0},{"not_picked":["Barrage","Sweeping Beam"],"picked":"Hologram","floor":14.0},{"not_picked":["Thunder Strike","Biased Cognition"],"picked":"Electrodynamics","floor":16.0},{"not_picked":["Recycle","Steam Power","Gash"],"picked":"SKIP","floor":18.0},{"not_picked":["Double Energy","Consume+1","Rip and Tear"],"picked":"SKIP","floor":19.0},{"not_picked":["Go for the Eyes+1","Cold Snap","Heatsinks"],"picked":"SKIP","floor":21.0},{"not_picked":["Fusion","Turbo","Go for the Eyes"],"picked":"SKIP","floor":25.0},{"not_picked":["Chill","Skim"],"picked":"Defragment","floor":27.0},{"not_picked":["Conserve Battery","Ball Lightning","Hologram+1"],"picked":"SKIP","floor":28.0},{"not_picked":["Beam Cell","Reprogram+1","Sweeping Beam"],"picked":"SKIP","floor":29.0},{"not_picked":["Sweeping Beam+1","Genetic Algorithm","Electrodynamics"],"picked":"SKIP","floor":30.0},{"not_picked":["Machine Learning","Electrodynamics"],"picked":"Echo Form","floor":33.0},{"not_picked":["Steam+1","Hologram+1"],"picked":"Skim+1","floor":35.0},{"not_picked":["Auto Shields+1","Consume","Sweeping Beam"],"picked":"SKIP","floor":36.0},{"not_picked":["Stack","Sweeping Beam","Fusion"],"picked":"SKIP","floor":38.0},{"not_picked":["Steam+1","Lockon"],"picked":"Creative AI","floor":40.0},{"not_picked":["Gash","Lockon"],"picked":"Chill+1","floor":42},{"not_picked":["Undo","Darkness","Barrage+1"],"picked":"SKIP","floor":44},{"not_picked":["Go for the Eyes","Redo","Hologram+1"],"picked":"SKIP","floor":46},{"not_picked":["Steam","Go for the Eyes+1","Steam Power"],"picked":"SKIP","floor":47}],"player_experience":694771,"relics_obtained":[{"floor":6.0,"key":"Ancient Tea Set"},{"floor":9.0,"key":"Cables"},{"floor":22.0,"key":"Red Mask"},{"floor":26.0,"key":"DataDisk"},{"floor":27.0,"key":"CaptainsWheel"},{"floor":30.0,"key":"Regal Pillow"},{"floor":40.0,"key":"Letter Opener"},{"floor":42,"key":"Art of War"},{"floor":43,"key":"HornCleat"}],"event_choices":[{"damage_healed":0.0,"max_hp_gain":0.0,"max_hp_loss":0.0,"gold_gain":0.0,"event_name":"Golden Idol","player_choice":"Take Damage","floor":4.0,"gold_loss":0.0,"damage_taken":18.0,"relics_obtained":["Golden Idol"]},{"damage_healed":0.0,"max_hp_gain":0.0,"max_hp_loss":0.0,"gold_gain":0.0,"event_name":"Scrap Ooze","player_choice":"Success","floor":5.0,"gold_loss":0.0,"damage_taken":12.0,"relics_obtained":["MealTicket"]},{"damage_healed":0.0,"max_hp_gain":0.0,"max_hp_loss":0.0,"gold_gain":175.0,"event_name":"Liars Game","player_choice":"AGREE","floor":7.0,"gold_loss":0.0,"damage_taken":0.0,"cards_obtained":["Doubt"]},{"cards_removed":["Doubt"],"damage_healed":0.0,"max_hp_gain":0.0,"max_hp_loss":0.0,"gold_gain":0.0,"event_name":"The Cleric","player_choice":"Card Removal","floor":10.0,"gold_loss":50.0,"damage_taken":0.0},{"damage_healed":0.0,"max_hp_gain":0.0,"max_hp_loss":0.0,"gold_gain":0.0,"event_name":"Masked Bandits","player_choice":"Fought Bandits","floor":22.0,"gold_loss":0.0,"damage_taken":0.0},{"damage_healed":0.0,"max_hp_gain":0.0,"max_hp_loss":0.0,"gold_gain":0.0,"event_name":"Ghosts","player_choice":"Ignored","floor":24.0,"gold_loss":0.0,"damage_taken":0.0},{"damage_healed":0.0,"max_hp_gain":0.0,"max_hp_loss":0.0,"gold_gain":0.0,"event_name":"Designer","player_choice":"Punched","floor":39.0,"gold_loss":0.0,"damage_taken":3.0},{"damage_healed":0,"gold_gain":0,"player_choice":"Memory 1","damage_taken":0,"max_hp_gain":0,"max_hp_loss":0,"event_name":"SensoryStone","floor":48,"gold_loss":0}],"is_beta":false,"boss_relics":[{"not_picked":["Calling Bell","Ectoplasm"],"picked":"Fusion Hammer"},{"not_picked":["Snecko Eye","Sozu"],"picked":"FrozenCore"}],"items_purged_floors":[31,37,45],"is_endless":false,"potions_floor_spawned":[1,11,18,27,28,29,35,40,42,46],"ascension_level":11}}