{"host":"dlyy4wv9zatha4f7","time":1612972462,"event":{"mods":["BaseMod","Better Third Choice","Colored Map","GifTheSpireLib","Minty Spire (QoL Compilation)","Spicy Shops","StSLib","SuperFastMode","Unceasing Turn Reminder"],"gold_per_floor":[218,168,187,198,198,198,198,216,216,11,40,59,59,90,90,189,189,206,11,24,24,38,63,63,98,161,197,214,239,261,284,284,389,389,408,180,192,33,83,119,299,339,397,397,415,36,36,65,65,65],"floor_reached":51,"language":"ENG","playtime":2206,"items_purged":["Defend_R","Normality","Strike_R","Defend_R","Decay","Strike_R"],"score":1427,"play_id":"68d8c063-d5c7-4c24-95cb-447fe1a9b339","local_time":"20210210175422","is_ascension_mode":true,"campfire_choices":[{"data":"Bash","floor":6.0,"key":"SMITH"},{"data":"Offering","floor":15,"key":"SMITH"},{"data":"Inflame","floor":24,"key":"SMITH"},{"data":"Demon Form","floor":32,"key":"SMITH"},{"floor":44,"key":"REST"},{"floor":47,"key":"DIG"},{"floor":49,"key":"DIG"}],"circlet_count":0,"master_deck":["Strike_R","Defend_R+1","Defend_R+1","Bash+1","Hemokinesis+1","Power Through+1","Reaper","Thunderclap","Offering+1","Hemokinesis","Offering","Thunderclap","Inflame+1","Demon Form+1","Carnage+1","Flame Barrier+1","True Grit+1","Sword Boomerang+1","Reaper","Heavy Blade+1","Inflame","Rupture","Combust+1","Disarm+1","Finesse+1","Trip+1"],"relics":["Burning Blood","Anchor","Blue Candle","Smiling Mask","Vajra","Paper Frog","Sundial","Cursed Key","Juzu Bracelet","MealTicket","Mango","CeramicFish","Red Skull","Toxic Egg 2","War Paint","Philosopher\u0027s Stone","Membership Card","Dead Branch","Mummified Hand","Bag of Preparation","Oddly Smooth Stone","Lee\u0027s Waffle","Bottled Tornado","Shovel","Medical Kit","Ginger","Frozen Egg 2","Bronze Scales"],"acts_visited":["Exordium","TheCity","TheBeyond"],"potions_floor_usage":[16,23,25,33,40,42,42],"damage_taken":[{"damage":0.0,"enemies":"Small Slimes","floor":1.0,"turns":3.0},{"damage":3.0,"enemies":"Cultist","floor":3.0,"turns":3.0},{"damage":4.0,"enemies":"Jaw Worm","floor":4.0,"turns":3.0},{"damage":2,"enemies":"Blue Slaver","floor":8,"turns":3},{"damage":4,"enemies":"Lagavulin","floor":11,"turns":7},{"damage":8,"enemies":"Gremlin Gang","floor":12,"turns":3},{"damage":8,"enemies":"Gremlin Nob","floor":14,"turns":2},{"damage":10,"enemies":"Slime Boss","floor":16,"turns":5},{"damage":12,"enemies":"Spheric Guardian","floor":18,"turns":2},{"damage":18,"enemies":"Shell Parasite","floor":20,"turns":2},{"damage":14,"enemies":"Centurion and Healer","floor":22,"turns":3},{"damage":10,"enemies":"Slavers","floor":23,"turns":2},{"damage":20,"enemies":"Book of Stabbing","floor":25,"turns":2},{"damage":16,"enemies":"Slavers","floor":27,"turns":3},{"damage":18,"enemies":"3 Cultists","floor":28,"turns":4},{"damage":18,"enemies":"Book of Stabbing","floor":29,"turns":4},{"damage":11,"enemies":"Chosen and Byrds","floor":30,"turns":4},{"damage":10,"enemies":"Cultist and Chosen","floor":31,"turns":3},{"damage":21,"enemies":"Automaton","floor":33,"turns":5},{"damage":11,"enemies":"3 Darklings","floor":35,"turns":4},{"damage":14,"enemies":"Orb Walker","floor":37,"turns":2},{"damage":14,"enemies":"Mind Bloom Boss Battle","floor":39,"turns":3},{"damage":24,"enemies":"Reptomancer","floor":40,"turns":4},{"damage":95,"enemies":"Nemesis","floor":42,"turns":5},{"damage":13,"enemies":"Giant Head","floor":48,"turns":2},{"damage":16,"enemies":"Donu and Deca","floor":50,"turns":4}],"seed_played":"-3008680828139427204","potions_obtained":[{"floor":1.0,"key":"FairyPotion"},{"floor":8,"key":"BlessingOfTheForge"},{"floor":14,"key":"FearPotion"},{"floor":16,"key":"Ancient Potion"},{"floor":18,"key":"LiquidBronze"},{"floor":23,"key":"BloodPotion"},{"floor":29,"key":"BloodPotion"},{"floor":31,"key":"PowerPotion"},{"floor":33,"key":"Fire Potion"},{"floor":40,"key":"DuplicationPotion"}],"is_trial":false,"path_per_floor":["M","?","M","M","?","R","?","M","T","$","E","M","?","E","R","B",null,"M","$","M","?","M","E","R","E","T","E","M","E","M","M","R","B",null,"M","$","M","$","?","E","?","E","T","R","?","$","R","E","R","B",null],"character_chosen":"IRONCLAD","items_purchased":["Vajra","Inflame","Juzu Bracelet","Membership Card","Inflame","Rupture","Lee\u0027s Waffle","Bottled Tornado","Shovel","Medical Kit"],"campfire_rested":1,"item_purchase_floors":[10,19,19,36,36,38,46,46,46,46],"current_hp_per_floor":[78,78,80,80,64,64,25,31,31,31,40,56,56,54,54,60,75,69,69,69,69,77,87,87,87,87,93,94,82,89,94,94,90,93,94,94,94,94,94,76,57,19,19,47,37,101,101,101,101,91],"gold":65,"neow_bonus":"HUNDRED_GOLD","is_daily":false,"chose_seed":false,"campfire_upgraded":4,"win_rate":0.0,"timestamp":1612972462,"path_taken":["M","?","M","M","?","R","?","M","T","$","E","M","?","E","R","BOSS","M","?","M","?","M","E","R","E","T","E","M","E","M","M","R","BOSS","M","$","M","$","?","E","?","E","T","R","?","$","R","E","R","BOSS"],"items_purchased_type":["Relic","Card","Relic","Relic","Card","Card","Relic","Relic","Relic","Relic"],"build_version":"2020-12-22","purchased_purges":6,"victory":true,"max_hp_per_floor":[80,80,80,80,80,80,80,80,80,80,80,80,80,80,80,80,80,80,80,80,80,80,94,94,94,94,94,94,94,94,94,94,94,94,94,94,94,94,94,94,94,94,94,94,94,101,101,101,101,101],"card_choices":[{"not_picked":["Power Through","Twin Strike"],"picked":"Hemokinesis","floor":1.0},{"not_picked":["Headbutt","Havoc"],"picked":"Power Through","floor":3.0},{"not_picked":["Havoc","Shrug It Off"],"picked":"Reaper","floor":4.0},{"not_picked":["True Grit","Headbutt"],"picked":"Thunderclap","floor":8},{"not_picked":["Perfected Strike","Power Through"],"picked":"Offering","floor":11},{"not_picked":["Evolve","Dark Embrace","Headbutt"],"picked":"SKIP","floor":12},{"not_picked":["True Grit","Carnage"],"picked":"Hemokinesis","floor":14},{"not_picked":["Barricade","Juggernaut"],"picked":"Offering","floor":16},{"not_picked":["Heavy Blade","Dark Embrace+1"],"picked":"Thunderclap","floor":18},{"not_picked":["Dark Embrace","Twin Strike","Sever Soul"],"picked":"SKIP","floor":20},{"not_picked":["Iron Wave+1","Thunderclap","Perfected Strike+1"],"picked":"SKIP","floor":22},{"not_picked":["Clothesline","Iron Wave"],"picked":"Demon Form","floor":23},{"not_picked":["Perfected Strike","Rage"],"picked":"Carnage+1","floor":25},{"not_picked":["Iron Wave","Perfected Strike"],"picked":"Flame Barrier+1","floor":27},{"not_picked":["Cleave","Warcry+1","Metallicize"],"picked":"SKIP","floor":28},{"not_picked":["Dark Embrace","Sentinel+1","Seeing Red+1"],"picked":"SKIP","floor":29},{"not_picked":["Dark Embrace","Sentinel+1","Seeing Red+1"],"picked":"SKIP","floor":29},{"not_picked":["Clash","Pummel"],"picked":"True Grit+1","floor":30},{"not_picked":["Warcry+1","Carnage"],"picked":"Sword Boomerang+1","floor":31},{"not_picked":["Immolate","Demon Form"],"picked":"Reaper","floor":33},{"not_picked":["Flame Barrier+1","Infernal Blade+1"],"picked":"Heavy Blade+1","floor":35},{"not_picked":["Combust","Sever Soul+1","Rage+1"],"picked":"SKIP","floor":37},{"not_picked":["Seeing Red+1","Clothesline"],"picked":"Combust+1","floor":40},{"not_picked":["Shrug It Off+1","Fiend Fire"],"picked":"Disarm+1","floor":42},{"not_picked":["Dark Shackles+1","Panacea+1"],"picked":"Finesse+1","floor":45},{"not_picked":["Mind Blast","Swift Strike"],"picked":"Trip+1","floor":45},{"not_picked":["Warcry+1","Havoc+1","Dual Wield+1"],"picked":"SKIP","floor":48}],"player_experience":2274172,"relics_obtained":[{"floor":9,"key":"Smiling Mask"},{"floor":11,"key":"Paper Frog"},{"floor":14,"key":"Sundial"},{"floor":23,"key":"Mango"},{"floor":25,"key":"CeramicFish"},{"floor":26,"key":"Red Skull"},{"floor":27,"key":"Toxic Egg 2"},{"floor":29,"key":"War Paint"},{"floor":39,"key":"Dead Branch"},{"floor":40,"key":"Mummified Hand"},{"floor":42,"key":"Bag of Preparation"},{"floor":43,"key":"Oddly Smooth Stone"},{"floor":47,"key":"Ginger"},{"floor":48,"key":"Frozen Egg 2"},{"floor":49,"key":"Bronze Scales"}],"event_choices":[{"cards_removed":["Strike_R"],"damage_healed":0.0,"max_hp_gain":0.0,"max_hp_loss":0.0,"gold_gain":0.0,"event_name":"The Cleric","player_choice":"Card Removal","floor":2.0,"gold_loss":50.0,"damage_taken":0.0},{"damage_healed":80.0,"max_hp_gain":0.0,"max_hp_loss":80.0,"gold_gain":0.0,"event_name":"betterThird:BetterShining","player_choice":"Upgrade","floor":5.0,"gold_loss":0.0,"damage_taken":16.0,"cards_upgraded":["Power Through","Hemokinesis"]},{"damage_healed":0.0,"max_hp_gain":0.0,"max_hp_loss":0.0,"gold_gain":1.0,"event_name":"betterThird:BetterScrap","player_choice":"Relic Relic ","floor":7.0,"gold_loss":0.0,"damage_taken":39.0,"cards_obtained":["Double Energy"]},{"cards_removed":["Strike_R"],"damage_healed":0,"gold_gain":0,"player_choice":"Offered Basic","damage_taken":0,"max_hp_gain":0,"max_hp_loss":0,"event_name":"Bonfire Elementals","floor":13,"gold_loss":0},{"damage_healed":0,"gold_gain":0,"player_choice":"Opened","damage_taken":0,"relics_obtained":["MealTicket"],"max_hp_gain":0,"max_hp_loss":0,"event_name":"The Mausoleum","floor":21,"gold_loss":0},{"damage_healed":0,"gold_gain":0,"player_choice":"Fight","damage_taken":0,"max_hp_gain":0,"max_hp_loss":0,"event_name":"MindBloom","floor":39,"gold_loss":0},{"damage_healed":0,"gold_gain":0,"player_choice":"Random: Green","damage_taken":0,"max_hp_gain":0,"max_hp_loss":0,"event_name":"betterThird:BetterPortal","floor":41,"gold_loss":0},{"damage_healed":0,"gold_gain":180,"player_choice":"GOLD GOLD ","damage_taken":19,"max_hp_gain":0,"max_hp_loss":0,"event_name":"Knowing Skull","floor":41,"potions_obtained":[],"gold_loss":0,"cards_obtained":[]},{"damage_healed":0,"gold_gain":0,"player_choice":"Memory 3","damage_taken":10,"max_hp_gain":0,"max_hp_loss":0,"event_name":"SensoryStone","floor":45,"gold_loss":0}],"is_beta":false,"boss_relics":[{"not_picked":["Runic Dome","Tiny House"],"picked":"Cursed Key"},{"not_picked":["Calling Bell","Fusion Hammer"],"picked":"Philosopher\u0027s Stone"}],"items_purged_floors":[10,36,38,38,46,46],"is_endless":false,"potions_floor_spawned":[1,8,14,16,18,20,23,29,31,33,37,39,40],"ascension_level":7}}