{"host":"85rg8sallz0lemh6","time":1612940194,"event":{"mods":["BaseMod","Bestiary","Colored Powertips","Highlight Path","Minty Spire (QoL Compilation)","Quick Restart"],"gold_per_floor":[110,110,110,130,108,138,156,172,172,182,213,228,228,228],"floor_reached":13,"language":"ENG","playtime":306,"items_purged":[],"score":134,"play_id":"8656d9d1-9c76-497e-bb1b-0365be232bcf","local_time":"20210210005634","is_ascension_mode":true,"campfire_choices":[],"circlet_count":0,"master_deck":["Strike_P","Strike_P","Strike_P","Strike_P","Defend_P","Defend_P","Defend_P","Defend_P","Eruption","Vigilance","FollowUp","EmptyFist","BowlingBash","WreathOfFlame"],"relics":["PureWater","NeowsBlessing","Pear","Matryoshka","Letter Opener"],"acts_visited":["Exordium"],"potions_floor_usage":[],"damage_taken":[{"damage":0,"enemies":"2 Louse","floor":1,"turns":1},{"damage":0,"enemies":"Cultist","floor":4,"turns":1},{"damage":0,"enemies":"3 Sentries","floor":6,"turns":1},{"damage":0,"enemies":"Small Slimes","floor":7,"turns":2},{"damage":18,"enemies":"Exordium Wildlife","floor":8,"turns":4},{"damage":7,"enemies":"3 Louse","floor":10,"turns":3},{"damage":28,"enemies":"Gremlin Nob","floor":11,"turns":3},{"damage":12,"enemies":"Exordium Thugs","floor":12,"turns":4},{"damage":23,"enemies":"Lagavulin","floor":13,"turns":5}],"seed_played":"1015843097908388803","potions_obtained":[{"floor":4,"key":"Dexterity Potion"},{"floor":7,"key":"PowerPotion"},{"floor":8,"key":"BottledMiracle"}],"is_trial":false,"path_per_floor":["M","$","?","M","$","E","M","M","T","M","E","M","E"],"character_chosen":"WATCHER","items_purchased":["EmptyFist"],"campfire_rested":0,"item_purchase_floors":[5],"current_hp_per_floor":[72,72,72,72,72,82,82,64,64,57,29,17,0,0],"gold":228,"neow_bonus":"THREE_ENEMY_KILL","is_daily":false,"chose_seed":false,"campfire_upgraded":0,"win_rate":0.0,"timestamp":1612940194,"path_taken":["M","$","?","M","$","E","M","M","T","M","E","?","E"],"items_purchased_type":["Card"],"build_version":"2020-12-22","purchased_purges":0,"victory":false,"max_hp_per_floor":[72,72,72,72,72,82,82,82,82,82,82,82,82,82],"card_choices":[{"not_picked":["Nirvana","Protect"],"picked":"FollowUp","floor":1},{"not_picked":["InnerPeace","Collect","Swivel"],"picked":"SKIP","floor":4},{"not_picked":["Blasphemy","JustLucky"],"picked":"BowlingBash","floor":6},{"not_picked":["PathToVictory","Worship"],"picked":"WreathOfFlame","floor":7},{"not_picked":["CarveReality","CrushJoints","EmptyBody"],"picked":"SKIP","floor":8},{"not_picked":["PathToVictory","BattleHymn","Vengeance"],"picked":"SKIP","floor":10},{"not_picked":["JustLucky","Protect","FlurryOfBlows"],"picked":"SKIP","floor":11},{"not_picked":["Protect","Tantrum","SashWhip"],"picked":"SKIP","floor":12}],"player_experience":88921,"relics_obtained":[{"floor":6,"key":"Pear"},{"floor":9,"key":"Matryoshka"},{"floor":11,"key":"Letter Opener"}],"event_choices":[{"damage_healed":0,"gold_gain":0,"player_choice":"Full Heal","damage_taken":0,"max_hp_gain":0,"max_hp_loss":0,"event_name":"Wheel of Change","floor":3,"gold_loss":0}],"is_beta":false,"boss_relics":[],"items_purged_floors":[],"is_endless":false,"potions_floor_spawned":[4,7,8],"killed_by":"Lagavulin","ascension_level":2}}