{"host":"rp3jcgpl3wimy2es","time":1612929528,"event":{"mods":["BaseMod","Colored Map","Downfall","Minty Spire (QoL Compilation)","StSLib"],"gold_per_floor":[99,112,122,132,150,150,150,60,60,45,73,125,158,168,185,286,286,86,99,111,111,111,127,127,161,73,99,111,108,139,185,217,330,342,354,378,407,433,445,489,501,546,546,132,132,159,159,175,190,190,190,215,16,16,16,16],"floor_reached":57,"language":"ENG","playtime":10191,"items_purged":["Slimebound:Strike_Slimebound","Slimebound:Defend_Slimebound","Slimebound:Defend_Slimebound"],"score":1364,"play_id":"5af1cde0-8824-44a8-b959-5080002822fd","local_time":"20210209195848","is_ascension_mode":false,"campfire_choices":[{"data":"Slimebound:Split","floor":1.0,"key":"SMITH"},{"floor":18,"key":"RECALL"},{"floor":26,"key":"REST"},{"data":"Slimebound:OneTwoCombo","floor":28,"key":"SMITH"},{"data":"Slimebound:LeadByExample","floor":35,"key":"SMITH"},{"data":"expansioncontent:StudyTheSpire","floor":43,"key":"SMITH"},{"data":"Slimebound:SelfFormingGoo","floor":54,"key":"SMITH"}],"circlet_count":0,"master_deck":["Slimebound:Strike_Slimebound+1","Slimebound:Strike_Slimebound+1","Slimebound:Tackle+1","Slimebound:Defend_Slimebound+1","Slimebound:Defend_Slimebound+1","Slimebound:Split+1","Slimebound:CorrosiveSpit+1","Slimebound:DisruptingSlam+1","Slimebound:SlimeSpikes+1","Slimebound:GoopSpray+1","Slimebound:GrowthPunch+1","Slimebound:SplitBruiser+1","Slimebound:Gluttony+1","Slimebound:SlimeTap+1","Slimebound:OneTwoCombo+1","Slimebound:Repurpose+1","Slimebound:LeechEnergy+1","Ghostly+1","Ghostly+1","Ghostly+1","Ghostly+1","Ghostly+1","Slimebound:SamplingLick+1","downfall:Aged","Slimebound:Teamwork+1","Slimebound:SplitBruiser+1","Slimebound:LeadByExample+1","Slimebound:SplitLeeching+1","Slimebound:Teamwork+1","Slimebound:SpikyOuterGoop+1","Slimebound:SlimeTap+1","Slimebound:SplitBruiser+1","Slimebound:MassRepurpose+1","expansioncontent:StudyTheSpire+1","Slimebound:ComboTackle+1","expansioncontent:YouAreMine+1","expansioncontent:LastStand+1","expansioncontent:AwakenDeath+1","Slimebound:SelfFormingGoo+1"],"relics":["Slimebound:AbsorbEndCombat","Du-Vu Doll","PreservedInsect","Slimebound:AggressiveSlimeRelic","Cursed Key","Shuriken","Omamori","MawBank","HornCleat","Calling Bell","Boot","Meat on the Bone","Pocketwatch","Matryoshka","Darkstone Periapt","Mercury Hourglass","TungstenRod","Art of War","Incense Burner","Sling"],"acts_visited":["Exordium","TheCity","TheBeyond","TheEnding"],"potions_floor_usage":[13,15,16,20,25,31,33,33,38,40,50,50,55],"damage_taken":[{"damage":5.0,"enemies":"Cultist","floor":2.0,"turns":4.0},{"damage":1.0,"enemies":"Jaw Worm","floor":3.0,"turns":4.0},{"damage":3.0,"enemies":"Small Slimes","floor":4.0,"turns":4.0},{"damage":4.0,"enemies":"Exordium Wildlife","floor":5.0,"turns":3.0},{"damage":9.0,"enemies":"downfall:FleeingMerchant","floor":8.0,"turns":4.0},{"damage":0.0,"enemies":"downfall:FleeingMerchant","floor":10.0,"turns":4.0},{"damage":0.0,"enemies":"Lagavulin","floor":11.0,"turns":8.0},{"damage":9,"enemies":"Gremlin Nob","floor":13,"turns":4},{"damage":0,"enemies":"Blue Slaver","floor":14,"turns":3},{"damage":10,"enemies":"Exordium Thugs","floor":15,"turns":3},{"damage":23,"enemies":"DF_ARCHETYPE_STREAMLINE","floor":16,"turns":8},{"damage":3,"enemies":"3 Byrds","floor":19,"turns":4},{"damage":12,"enemies":"3 Cultists","floor":20,"turns":4},{"damage":4,"enemies":"Centurion and Healer","floor":23,"turns":7},{"damage":40,"enemies":"Gremlin Leader","floor":25,"turns":7},{"damage":1,"enemies":"Snecko","floor":27,"turns":6},{"damage":0,"enemies":"downfall:FleeingMerchant","floor":29,"turns":4},{"damage":4,"enemies":"Snake Plant","floor":30,"turns":3},{"damage":2,"enemies":"Slavers","floor":31,"turns":4},{"damage":0,"enemies":"Shelled Parasite and Fungi","floor":32,"turns":5},{"damage":18,"enemies":"WA_ARCHETYPE_CALM","floor":33,"turns":9},{"damage":0,"enemies":"3 Shapes","floor":36,"turns":5},{"damage":0,"enemies":"Orb Walker","floor":37,"turns":4},{"damage":0,"enemies":"Maw","floor":38,"turns":7},{"damage":5,"enemies":"Reptomancer","floor":40,"turns":4},{"damage":0,"enemies":"downfall:FleeingMerchant","floor":42,"turns":4},{"damage":0,"enemies":"Nemesis","floor":46,"turns":5},{"damage":0,"enemies":"Sphere and 2 Shapes","floor":48,"turns":3},{"damage":5,"enemies":"Jaw Worm Horde","floor":49,"turns":3},{"damage":13,"enemies":"SI_POISON_ARCHETYPE","floor":50,"turns":8},{"damage":28,"enemies":"downfall:CharBossMerchant","floor":52,"turns":7},{"damage":11,"enemies":"downfall:NeowBoss","floor":55,"turns":12},{"damage":9,"enemies":"downfall:NeowBossFinal","floor":56,"turns":9}],"seed_played":"2439470623210584390","potions_obtained":[{"floor":4.0,"key":"SpeedPotion"},{"floor":5.0,"key":"bronze:BurnAndBuffPotion"},{"floor":13,"key":"Swift Potion"},{"floor":14,"key":"GamblersBrew"},{"floor":15,"key":"Strength Potion"},{"floor":16,"key":"champ:CounterPotion"},{"floor":25,"key":"CultistPotion"},{"floor":27,"key":"AttackPotion"},{"floor":30,"key":"bronze:BurnAndBuffPotion"},{"floor":31,"key":"SteroidPotion"},{"floor":32,"key":"AttackPotion"},{"floor":37,"key":"bronze:BurnAndBuffPotion"},{"floor":46,"key":"LiquidBronze"},{"floor":49,"key":"FearPotion"},{"floor":52,"key":"GamblersBrew"}],"is_trial":false,"path_per_floor":["R","M","M","M","M","?","T","$","?","$","E","T","E","M","M","B",null,"R","M","M","?","?","M","T","E","R","M","R","$","M","E","M","B",null,"R","M","M","M","?","E","T","$","R","$","?","E","?","M","M","B",null,"E","$","R","B","B",null],"character_chosen":"SLIMEBOUND","items_purchased":["expansioncontent:StudyTheSpire","Slimebound:ComboTackle","TungstenRod","Sling","FearPotion"],"campfire_rested":1,"item_purchase_floors":[42,42,44,53,53],"current_hp_per_floor":[71,70,71,70,69,69,69,60,65,69,75,75,67,69,63,48,76,86,86,74,43,43,43,43,3,15,16,16,20,20,20,28,18,43,43,43,43,43,43,40,40,43,43,43,34,40,33,33,33,24,33,27,27,27,24,23],"gold":16,"neow_bonus":"TEN_PERCENT_HP_BONUS","is_daily":false,"chose_seed":false,"campfire_upgraded":5,"win_rate":0.0,"timestamp":1612929528,"path_taken":["R","M","?","M","M","?","T","$","?","?","E","?","E","?","M","BOSS","R","M","M","?","?","M","T","E","R","M","R","$","M","E","M","BOSS","R","M","M","M","?","E","T","$","R","$","?","E","?","M","M","BOSS","E","$","R","BOSS","BOSS"],"items_purchased_type":["Card","Card","Relic","Relic","Potion"],"build_version":"2020-12-22","purchased_purges":3,"victory":true,"max_hp_per_floor":[71,71,71,71,71,71,71,71,76,76,76,76,76,76,76,76,76,86,86,86,43,43,43,43,43,43,43,43,43,43,43,43,43,43,43,43,43,43,43,43,43,43,43,43,43,43,33,33,33,33,33,33,33,33,33,33],"card_choices":[{"not_picked":["Slimebound:FinishingTackle","Slimebound:RollThrough"],"picked":"Slimebound:DisruptingSlam","floor":2.0},{"not_picked":["Slimebound:Schlurp","Slimebound:GoopSpray"],"picked":"Slimebound:SlimeSpikes","floor":3.0},{"not_picked":["Slimebound:AcidTongue","Slimebound:HauntingLick"],"picked":"Slimebound:GoopSpray","floor":4.0},{"not_picked":["Slimebound:Schlurp","Slimebound:RollThrough"],"picked":"Slimebound:GrowthPunch","floor":5.0},{"not_picked":["Slimebound:LeechingTouch","Slimebound:Replication"],"picked":"Slimebound:Chomp","floor":8.0},{"not_picked":["Slimebound:SplitAcid","Slimebound:RallyTheTroops"],"picked":"Slimebound:SplitBruiser","floor":10.0},{"not_picked":["Slimebound:RainOfGoop","Slimebound:SlimeSpikes"],"picked":"Slimebound:Gluttony","floor":11.0},{"not_picked":["Slimebound:SpikyOuterGoop","Slimebound:BestDefense"],"picked":"Slimebound:SlimeTap","floor":13},{"not_picked":["Slimebound:Gluttony","Slimebound:Schlurp","Slimebound:AcidTongue"],"picked":"SKIP","floor":14},{"not_picked":["Slimebound:GoopSpray","Slimebound:RollThrough","Slimebound:Prepare"],"picked":"SKIP","floor":15},{"not_picked":["Slimebound:DuplicatedForm","Slimebound:Overexert"],"picked":"Slimebound:OneTwoCombo","floor":16},{"not_picked":["Slimebound:SplitMire","Slimebound:PressTheAttack"],"picked":"Slimebound:Repurpose","floor":19},{"not_picked":["Slimebound:Replication","Slimebound:FinishingTackle"],"picked":"Slimebound:LeechEnergy","floor":20},{"not_picked":["Slimebound:SlimeBrawl","Slimebound:TongueLash+1"],"picked":"Slimebound:SamplingLick+1","floor":23},{"not_picked":["Slimebound:RollThrough","Slimebound:Repurpose"],"picked":"Slimebound:Teamwork","floor":25},{"not_picked":["Slimebound:SamplingLick","Slimebound:SlimeSpikes"],"picked":"Slimebound:SplitBruiser","floor":27},{"not_picked":["Slimebound:RejuvenatingLick","Slimebound:FinishingTackle","Slimebound:LivingWall"],"picked":"SKIP","floor":29},{"not_picked":["Slimebound:SlimeBrawl","Slimebound:GoopTackle","Slimebound:FinishingTackle"],"picked":"SKIP","floor":30},{"not_picked":["Slimebound:DuplicatedForm","Slimebound:Repurpose"],"picked":"Slimebound:LeadByExample","floor":31},{"not_picked":["Slimebound:HauntingLick","Slimebound:RollThrough+1"],"picked":"Slimebound:SplitLeeching","floor":32},{"not_picked":["Slimebound:DuplicatedForm","Slimebound:WasteNot"],"picked":"Slimebound:Teamwork","floor":33},{"not_picked":["Slimebound:Gluttony","Slimebound:ItLooksTasty"],"picked":"Slimebound:SpikyOuterGoop+1","floor":36},{"not_picked":["Slimebound:SplitAcid","Slimebound:ItLooksTasty"],"picked":"Slimebound:SlimeTap+1","floor":37},{"not_picked":["Slimebound:DisruptingSlam","Slimebound:LeechingTouch"],"picked":"Slimebound:SplitBruiser+1","floor":38},{"not_picked":["Slimebound:SplitMire","Slimebound:Grow"],"picked":"Slimebound:MassRepurpose","floor":40},{"not_picked":["Slimebound:PressTheAttack","Slimebound:FinishingTackle","Slimebound:LivingWall+1"],"picked":"SKIP","floor":42},{"not_picked":["expansioncontent:InvincibleStrength","expansioncontent:HyperBeam"],"picked":"expansioncontent:YouAreMine","floor":45},{"not_picked":["expansioncontent:InvincibleStrength","expansioncontent:PolyBeam"],"picked":"expansioncontent:LastStand","floor":45},{"not_picked":["expansioncontent:Chronoboost","expansioncontent:Hexaburn"],"picked":"expansioncontent:AwakenDeath","floor":45},{"not_picked":["Slimebound:GoopTackle","Slimebound:DouseInSlime","Slimebound:FinishingTackle+1"],"picked":"SKIP","floor":46},{"not_picked":["Slimebound:LeechEnergy","Slimebound:TongueLash","Slimebound:FinishingTackle"],"picked":"SKIP","floor":48},{"not_picked":["Slimebound:GrowthPunch+1","Slimebound:HauntingLick","Slimebound:ViciousTackle+1"],"picked":"SKIP","floor":49},{"not_picked":["Slimebound:ItLooksTasty","Slimebound:FlameTackle+1"],"picked":"Slimebound:SelfFormingGoo","floor":52}],"player_experience":146253,"relics_obtained":[{"floor":11.0,"key":"Du-Vu Doll"},{"floor":12,"key":"PreservedInsect"},{"floor":13,"key":"Slimebound:AggressiveSlimeRelic"},{"floor":24,"key":"Omamori"},{"floor":25,"key":"MawBank"},{"floor":31,"key":"HornCleat"},{"floor":34,"key":"Boot"},{"floor":34,"key":"Meat on the Bone"},{"floor":34,"key":"Pocketwatch"},{"floor":40,"key":"Matryoshka"},{"floor":41,"key":"Darkstone Periapt"},{"floor":41,"key":"Mercury Hourglass"},{"floor":46,"key":"Art of War"},{"floor":52,"key":"Incense Burner"}],"event_choices":[{"damage_healed":0.0,"max_hp_gain":5.0,"max_hp_loss":0.0,"gold_gain":0.0,"event_name":"Big Fish","player_choice":"Donut","floor":9.0,"gold_loss":0.0,"damage_taken":0.0},{"damage_healed":0,"gold_gain":0,"player_choice":"Became a Ghost","damage_taken":0,"max_hp_gain":0,"max_hp_loss":43,"event_name":"Ghosts","floor":21,"gold_loss":0,"cards_obtained":["Ghostly","Ghostly","Ghostly","Ghostly","Ghostly"]},{"cards_removed":["Slimebound:Chomp"],"damage_healed":0,"gold_gain":0,"player_choice":"Removed Attack","damage_taken":0,"max_hp_gain":0,"max_hp_loss":0,"event_name":"Falling","floor":39,"gold_loss":0}],"is_beta":false,"boss_relics":[{"not_picked":["SlaversCollar","Astrolabe"],"picked":"Cursed Key"},{"not_picked":["Busted Crown","Runic Dome"],"picked":"Calling Bell"}],"items_purged_floors":[8,42,44],"is_endless":false,"potions_floor_spawned":[4,5,13,14,15,16,25,27,30,31,32,37,46,49,52],"ascension_level":0}}