{"host":"qp7xs8nuzfsyommi","time":1612986969,"event":{"mods":["2.2 Compatiblity","BaseMod","Colored Powertips","DeckTracker","Highlight Path","Minty Spire (QoL Compilation)","Permanent Neow","StSLib"],"gold_per_floor":[114,134,149,26,45,45,45,72,372,372,372,392,411,411,411,411,411],"floor_reached":16,"language":"ENG","playtime":942,"items_purged":[],"score":224,"play_id":"9c5cf98f-e4f9-4b23-b57f-b17558a04489","local_time":"20210210145609","is_ascension_mode":true,"campfire_choices":[{"floor":6.0,"key":"REST"},{"floor":11.0,"key":"REST"},{"floor":15.0,"key":"REST"}],"circlet_count":0,"master_deck":["AscendersBane","Strike_B","Strike_B","Strike_B","Strike_B","Defend_B","Defend_B","Defend_B","Zap","Dualcast","Hologram","Rip and Tear","Heatsinks","Heatsinks","Self Repair","Storm","Coolheaded","Rebound"],"relics":["Snecko Eye","StrikeDummy","Old Coin"],"acts_visited":["Exordium"],"potions_floor_usage":[16],"damage_taken":[{"damage":6.0,"enemies":"Cultist","floor":1.0,"turns":3.0},{"damage":0.0,"enemies":"2 Louse","floor":2.0,"turns":2.0},{"damage":9.0,"enemies":"Jaw Worm","floor":3.0,"turns":4.0},{"damage":0.0,"enemies":"Large Slime","floor":5.0,"turns":3.0},{"damage":69.0,"enemies":"Lagavulin","floor":8.0,"turns":9.0},{"damage":0.0,"enemies":"Gremlin Nob","floor":10.0,"turns":1.0},{"damage":4.0,"enemies":"Looter","floor":12.0,"turns":3.0},{"damage":6.0,"enemies":"2 Fungi Beasts","floor":13.0,"turns":3.0},{"damage":46,"enemies":"Slime Boss","floor":16,"turns":8}],"seed_played":"7576543370823486062","potions_obtained":[{"floor":2.0,"key":"SmokeBomb"},{"floor":12.0,"key":"FocusPotion"}],"is_trial":false,"path_per_floor":["M","M","M","$","M","R","$","E","T","E","R","M","M","?","R","B"],"character_chosen":"DEFECT","items_purchased":["Rip and Tear","Heatsinks"],"campfire_rested":3,"item_purchase_floors":[4,4],"current_hp_per_floor":[58,58,49,49,49,70,70,1,1,1,22,18,19,19,40,0,0],"gold":411,"neow_bonus":"BOSS_RELIC","is_daily":false,"chose_seed":false,"campfire_upgraded":0,"win_rate":0.0,"timestamp":1612986969,"path_taken":["M","M","M","$","M","R","$","E","T","E","R","M","M","?","R","BOSS"],"items_purchased_type":["Card","Card"],"build_version":"2020-12-22","purchased_purges":0,"victory":false,"max_hp_per_floor":[71,71,71,71,71,71,71,71,71,71,71,71,71,71,71,71,71],"card_choices":[{"not_picked":["Conserve Battery","Leap"],"picked":"Hologram","floor":1.0},{"not_picked":["Steam","Barrage","Leap"],"picked":"SKIP","floor":2.0},{"not_picked":["Barrage","Aggregate","Lockon"],"picked":"SKIP","floor":3.0},{"not_picked":["Ball Lightning","Compile Driver"],"picked":"Heatsinks","floor":5.0},{"not_picked":["White Noise","Hologram"],"picked":"Self Repair","floor":8.0},{"not_picked":["Blizzard","Rip and Tear"],"picked":"Storm","floor":12.0},{"not_picked":["Stack","Leap"],"picked":"Coolheaded","floor":13.0}],"player_experience":1850175,"relics_obtained":[{"floor":8.0,"key":"StrikeDummy"},{"floor":9.0,"key":"Old Coin"}],"event_choices":[{"damage_healed":0.0,"max_hp_gain":0.0,"max_hp_loss":0.0,"gold_gain":0.0,"cards_transformed":["Defend_B"],"event_name":"Transmorgrifier","player_choice":"Transformed","floor":14.0,"gold_loss":0.0,"damage_taken":0.0,"cards_obtained":["Rebound"]}],"is_beta":false,"boss_relics":[],"items_purged_floors":[],"is_endless":false,"potions_floor_spawned":[2,10,12],"killed_by":"Slime Boss","ascension_level":20}}