{"host":"mwb0clku6crgv6yl","time":1612957695,"event":{"mods":["AchievementEnabler","BaseMod","Highlight Path","Koishi","Minty Spire (QoL Compilation)","Replay The Spire","StSLib","The Administrix","The Construct","The Cursed","The Gatherer","The Hierophant"],"gold_per_floor":[111,111,111,111,111,111,140,157,157,13,13,70,81,116,116,216,216,234,234,253,253,266,266,19,52,78,89,104,104,119,129,129,233,233,244,26,92,126,165,165,222,222,277,277,312,348,396,22,22,26,26,26,26,83,97,97],"floor_reached":55,"language":"ZHS","playtime":3282,"items_purged":["Sickly"],"score":1226,"play_id":"f65e924c-71ea-4b18-83aa-344d366a014c","local_time":"20210210194815","is_ascension_mode":true,"campfire_choices":[{"floor":6.0,"key":"RECALL"},{"data":"TheCursedMod:CursedSpellbook","floor":11.0,"key":"SMITH"},{"floor":15.0,"key":"REST"},{"floor":23.0,"key":"REST"},{"floor":29,"key":"REST"},{"floor":32,"key":"REST"},{"floor":40,"key":"REST"},{"floor":42,"key":"REST"},{"floor":49,"key":"REST"},{"floor":52,"key":"REST"}],"circlet_count":0,"master_deck":["TheCursedMod:Strike_TheCursed","TheCursedMod:Defend_TheCursed","TheCursedMod:Defend_TheCursed","TheCursedMod:Defend_TheCursed+1","TheCursedMod:CursedWand","TheCursedMod:CleanUpWorkshop+1","TheCursedMod:Dregs","TheCursedMod:HellsGateOpen+1","TheCursedMod:DarkBarrier+1","TheCursedMod:CircleOfFlame+1","TheCursedMod:CursedBoomerang+1","TheCursedMod:CursedSpellbook+1","TheCursedMod:RapidMovement","TheCursedMod:EmpowerCircles","TheCursedMod:AntiAging","TheCursedMod:VoidForm+1","TheCursedMod:Wield","TheCursedMod:CircleOfCorruption","TheCursedMod:ManaBullet+1","TheCursedMod:CursedBlade+1","TheCursedMod:Stigma+1","TheCursedMod:CursedRelics+1","TheCursedMod:TroublousMinions+1","TheCursedMod:RapidMovement+1","TheCursedMod:BloodBarrier","TheCursedMod:DoubleShield+1","TheCursedMod:WearCloak","TheCursedMod:HellfireBreathing","TheCursedMod:SpitefulPlan","Specialist","TheCursedMod:DemonSword+1"],"relics":["Astrolabe","Ring of Misfortune","Ring of Hypnosis","TheCursedMod:Tack","TheCursedMod:MagicCandle","Bronze Scales","InkBottle","Pen Nib","Replay:Bronze Core","Molten Egg 2","Kunai","ReplayTheSpireMod:Lightbulb","Fusion Hammer","Replay:Bandana","Durian","Boot","Replay:Bottled Eggs","Centennial Puzzle","Art of War"],"acts_visited":["Exordium","TheCity","TheBeyond","TheEnding"],"potions_floor_usage":[30,41,41,54,55,55],"damage_taken":[{"damage":4.0,"enemies":"Jaw Worm","floor":1.0,"turns":3.0},{"damage":5.0,"enemies":"3 Sentries","floor":7.0,"turns":6.0},{"damage":0.0,"enemies":"2 Louse","floor":8.0,"turns":2.0},{"damage":0.0,"enemies":"Gremlin Nob","floor":12.0,"turns":3.0},{"damage":7.0,"enemies":"Small Slimes","floor":13.0,"turns":2.0},{"damage":6.0,"enemies":"Replay:BlueRogue","floor":14.0,"turns":4.0},{"damage":0.0,"enemies":"Slime Boss","floor":16.0,"turns":6.0},{"damage":12.0,"enemies":"3 Byrds","floor":18.0,"turns":1.0},{"damage":0.0,"enemies":"Chosen","floor":20.0,"turns":2.0},{"damage":9.0,"enemies":"Centurion and Healer","floor":22.0,"turns":3.0},{"damage":30,"enemies":"Slavers","floor":25,"turns":3},{"damage":0,"enemies":"3 Cultists","floor":27,"turns":2},{"damage":16,"enemies":"Snake Plant","floor":28,"turns":3},{"damage":5,"enemies":"Centurion and Healer","floor":30,"turns":3},{"damage":12,"enemies":"Chosen and Byrds","floor":31,"turns":3},{"damage":9,"enemies":"Pondfish","floor":33,"turns":4},{"damage":9,"enemies":"Orb Walker","floor":35,"turns":3},{"damage":0,"enemies":"Mind Bloom Boss Battle","floor":37,"turns":2},{"damage":3,"enemies":"3 Darklings","floor":38,"turns":3},{"damage":45,"enemies":"Jaw Worm Horde","floor":39,"turns":3},{"damage":29,"enemies":"Nemesis","floor":41,"turns":7},{"damage":31,"enemies":"Transient","floor":45,"turns":5},{"damage":0,"enemies":"Sphere and 2 Shapes","floor":46,"turns":2},{"damage":0,"enemies":"R_Hoarder","floor":47,"turns":5},{"damage":39,"enemies":"Time Eater","floor":50,"turns":6},{"damage":29,"enemies":"Shield and Spear","floor":54,"turns":3},{"damage":124,"enemies":"The Heart","floor":55,"turns":3}],"seed_played":"5952118949561173158","potions_obtained":[{"floor":1.0,"key":"Weak Potion"},{"floor":8.0,"key":"Elixir"},{"floor":13.0,"key":"FearPotion"},{"floor":25,"key":"Elixir"},{"floor":35,"key":"LiquidMemories"},{"floor":46,"key":"GamblersBrew"},{"floor":47,"key":"Explosive Potion"}],"is_trial":false,"path_per_floor":["M","?","?","?","?","R","E","M","T","$","R","?","M","E","R","B",null,"M","?","M","?","M","R","$","E","T","M","M","R","M","M","R","B",null,"M","$","?","M","M","R","E","R","T","?","M","M","E","$","R","B",null,"R","$","E","B"],"character_chosen":"THE_CURSED","items_purchased":["Bronze Scales","Molten Egg 2","Replay:Bandana","TheCursedMod:TroublousMinions+1","Centennial Puzzle","TheCursedMod:SpitefulPlan","Specialist"],"campfire_rested":8,"item_purchase_floors":[10,24,36,36,48,48,48],"current_hp_per_floor":[71,71,56,56,56,56,51,51,51,51,51,51,44,38,60,62,77,65,51,53,53,46,71,71,41,41,43,27,53,48,36,62,53,88,79,79,84,81,38,66,39,68,68,68,37,37,39,39,68,31,101,101,101,74,0,0],"gold":97,"neow_bonus":"BOSS_RELIC","is_daily":false,"chose_seed":false,"campfire_upgraded":1,"win_rate":0.0,"timestamp":1612957695,"path_taken":["M","?","?","?","?","R","E","M","T","?","R","?","?","E","R","BOSS","M","?","M","?","?","R","?","E","T","?","?","R","M","M","R","BOSS","M","$","?","M","M","R","E","R","T","?","M","M","E","$","R","BOSS","R","$","E","BOSS"],"items_purchased_type":["Relic","Relic","Relic","Card","Relic","Card","Card"],"build_version":"2020-12-22","purchased_purges":1,"victory":false,"max_hp_per_floor":[75,75,75,75,75,75,75,75,75,75,75,75,75,75,75,77,77,77,82,84,84,86,86,86,86,86,88,88,88,88,88,88,88,88,88,88,93,93,95,95,97,97,97,97,97,97,99,99,99,101,101,101,101,103,103,103],"card_choices":[{"not_picked":["TheCursedMod:CursedAmulet","TheCursedMod:ManaBullet"],"picked":"TheCursedMod:CursedBoomerang","floor":1.0},{"not_picked":["TheCursedMod:CursedStaff","TheCursedMod:StingEye"],"picked":"TheCursedMod:CursedSpellbook","floor":7.0},{"not_picked":["TheCursedMod:DoubleShield","TheCursedMod:Stretching"],"picked":"TheCursedMod:RapidMovement","floor":8.0},{"not_picked":["TheCursedMod:CursedBlade","TheCursedMod:AshesToAshes"],"picked":"TheCursedMod:EmpowerCircles","floor":12.0},{"not_picked":["TheCursedMod:RavingStaff","TheCursedMod:SaltUponWound","TheCursedMod:SoulCrush"],"picked":"SKIP","floor":13.0},{"not_picked":["TheCursedMod:SpitefulStrike","TheCursedMod:CursedStaff"],"picked":"TheCursedMod:AntiAging","floor":14.0},{"not_picked":["TheCursedMod:NeowsMight","TheCursedMod:DemonicPact"],"picked":"TheCursedMod:VoidForm","floor":16.0},{"not_picked":["TheCursedMod:Torture","TheCursedMod:RavingStaff","TheCursedMod:BloodBarrier+1"],"picked":"SKIP","floor":18.0},{"not_picked":["TheCursedMod:SurpriseAttack","TheCursedMod:SpitefulStrike"],"picked":"TheCursedMod:Wield","floor":20.0},{"not_picked":["TheCursedMod:RapidMovement+1","TheCursedMod:TacticalStrike"],"picked":"TheCursedMod:CircleOfCorruption","floor":22.0},{"not_picked":["TheCursedMod:Obscuration","TheCursedMod:TacticalStrike+1"],"picked":"TheCursedMod:ManaBullet+1","floor":25},{"not_picked":["TheCursedMod:ShockAndAwe+1","TheCursedMod:CursedAmulet"],"picked":"TheCursedMod:CursedBlade+1","floor":27},{"not_picked":["TheCursedMod:SpreadPlague+1","TheCursedMod:Torture","TheCursedMod:Stretching"],"picked":"SKIP","floor":28},{"not_picked":["TheCursedMod:Wield+1","TheCursedMod:Stretching+1"],"picked":"TheCursedMod:Stigma+1","floor":30},{"not_picked":["TheCursedMod:CircleOfCorruption","TheCursedMod:SaltUponWound","TheCursedMod:Stretching+1"],"picked":"SKIP","floor":31},{"not_picked":["TheCursedMod:DarkBarrier","TheCursedMod:AntiAging"],"picked":"TheCursedMod:CursedRelics+1","floor":33},{"not_picked":["TheCursedMod:CursedAmulet","TheCursedMod:Stretching+1","TheCursedMod:Mangle+1"],"picked":"SKIP","floor":35},{"not_picked":["TheCursedMod:TroublousMinions","TheCursedMod:CursedStaff+1"],"picked":"TheCursedMod:RapidMovement+1","floor":37},{"not_picked":["TheCursedMod:FuryStrike+1","TheCursedMod:Obscuration","TheCursedMod:Torture"],"picked":"SKIP","floor":38},{"not_picked":["TheCursedMod:AbyssShockwave+1","TheCursedMod:TroublousMinions+1"],"picked":"TheCursedMod:BloodBarrier","floor":39},{"not_picked":["TheCursedMod:RavingStaff+1","TheCursedMod:CursedStaff+1"],"picked":"TheCursedMod:DoubleShield+1","floor":41},{"not_picked":["TheCursedMod:CircleOfFocus+1","TheCursedMod:BloodBarrier+1"],"picked":"TheCursedMod:WearCloak","floor":45},{"not_picked":["TheCursedMod:CursedShiv+1","TheCursedMod:CursedMace+1"],"picked":"TheCursedMod:HellfireBreathing","floor":46},{"not_picked":["TheCursedMod:SurpriseAttack+1","TheCursedMod:ReleasedKnowledge","TheCursedMod:RapidMovement+1"],"picked":"SKIP","floor":47},{"not_picked":["TheCursedMod:SpitefulStrike+1","TheCursedMod:TacticalStrike+1"],"picked":"TheCursedMod:DemonSword+1","floor":54}],"player_experience":280175,"relics_obtained":[{"floor":5.0,"key":"Ring of Misfortune"},{"floor":5.0,"key":"Ring of Hypnosis"},{"floor":7.0,"key":"TheCursedMod:Tack"},{"floor":9.0,"key":"TheCursedMod:MagicCandle"},{"floor":12.0,"key":"InkBottle"},{"floor":14.0,"key":"Pen Nib"},{"floor":25,"key":"Kunai"},{"floor":26,"key":"ReplayTheSpireMod:Lightbulb"},{"floor":37,"key":"Durian"},{"floor":41,"key":"Boot"},{"floor":47,"key":"Replay:Bottled Eggs"},{"floor":54,"key":"Art of War"}],"event_choices":[{"damage_healed":0.0,"max_hp_gain":0.0,"max_hp_loss":0.0,"gold_gain":0.0,"event_name":"Living Wall","player_choice":"Grow","floor":2.0,"gold_loss":0.0,"damage_taken":0.0,"cards_upgraded":["TheCursedMod:CleanUpWorkshop"]},{"damage_healed":0.0,"max_hp_gain":0.0,"max_hp_loss":0.0,"gold_gain":0.0,"event_name":"Shining Light","player_choice":"Entered Light","floor":3.0,"gold_loss":0.0,"damage_taken":15.0,"cards_upgraded":["TheCursedMod:Defend_TheCursed","TheCursedMod:CursedBoomerang"]},{"damage_healed":0.0,"max_hp_gain":0.0,"max_hp_loss":0.0,"gold_gain":0.0,"event_name":"Dead Adventurer","player_choice":"Searched \u00272\u0027 times","floor":12.0,"gold_loss":0.0,"damage_taken":0.0},{"damage_healed":0.0,"max_hp_gain":5.0,"max_hp_loss":0.0,"gold_gain":0.0,"event_name":"Forgotten Altar","player_choice":"Shed Blood","floor":19.0,"gold_loss":0.0,"damage_taken":19.0},{"damage_healed":0.0,"max_hp_gain":0.0,"max_hp_loss":0.0,"gold_gain":0.0,"event_name":"N\u0027loth","player_choice":"Ignored","floor":21.0,"gold_loss":0.0,"damage_taken":0.0},{"damage_healed":0,"gold_gain":0,"player_choice":"Fight","damage_taken":0,"max_hp_gain":0,"max_hp_loss":0,"event_name":"MindBloom","floor":37,"gold_loss":0},{"damage_healed":0,"gold_gain":0,"player_choice":"Ignored","damage_taken":0,"max_hp_gain":0,"max_hp_loss":0,"event_name":"Tomb of Lord Red Mask","floor":44,"gold_loss":0}],"is_beta":false,"boss_relics":[{"not_picked":["Snecko Eye","Runic Dome"],"picked":"Replay:Bronze Core"},{"not_picked":["Pandora\u0027s Box","Coffee Dripper"],"picked":"Fusion Hammer"}],"items_purged_floors":[48],"is_endless":false,"potions_floor_spawned":[1,8,13,14,20,25,35,37,39,46,47],"killed_by":"The Heart","ascension_level":4}}