{"host":"r4aerl4ckfvw1dw3","time":1612942120,"event":{"mods":["BaseMod","BetterRewards","Minty Spire (QoL Compilation)","Quick Restart","StSLib"],"gold_per_floor":[113,131,142,161,179,214,214,231,231,246,246,271,288,322,322,419,419,430,446,459,477,48,48,82,93,140,140,154,154,154,168,168,271,271,286,186,205,205],"floor_reached":37,"language":"ENG","playtime":2348,"items_purged":["Strike_R","Strike_R"],"score":587,"play_id":"affab7a4-0840-495b-a862-3922f6a070f5","local_time":"20210209232840","is_ascension_mode":true,"campfire_choices":[{"floor":7.0,"key":"REST"},{"floor":11.0,"key":"REST"},{"floor":15.0,"key":"REST"},{"data":"Immolate","floor":23.0,"key":"SMITH"},{"floor":29,"key":"REST"},{"floor":32,"key":"REST"}],"circlet_count":0,"master_deck":["Strike_R","Strike_R","Defend_R","Defend_R","Defend_R","Defend_R","Bash","Flame Barrier","Pommel Strike","Thunderclap","Searing Blow","Heavy Blade","True Grit","Whirlwind","Metallicize","Battle Trance","Shrug It Off","Headbutt","Immolate+1","Cleave","Armaments","Twin Strike+1","Inflame","Dropkick+1","Entrench+1","Pummel+1","Hemokinesis","Impervious","Iron Wave+1"],"relics":["Burning Blood","Orichalcum","Incense Burner","Pen Nib","WingedGreaves","Mark of Pain","Medical Kit","Regal Pillow","MutagenicStrength","SlaversCollar"],"acts_visited":["Exordium","TheCity","TheBeyond"],"potions_floor_usage":[33,35],"damage_taken":[{"damage":1.0,"enemies":"Cultist","floor":1.0,"turns":3.0},{"damage":2.0,"enemies":"2 Louse","floor":2.0,"turns":3.0},{"damage":0.0,"enemies":"Small Slimes","floor":3.0,"turns":3.0},{"damage":14.0,"enemies":"Red Slaver","floor":4.0,"turns":3.0},{"damage":21.0,"enemies":"Lots of Slimes","floor":5.0,"turns":5.0},{"damage":53.0,"enemies":"Lagavulin","floor":6.0,"turns":9.0},{"damage":1.0,"enemies":"Looter","floor":8.0,"turns":4.0},{"damage":2.0,"enemies":"Gremlin Gang","floor":10.0,"turns":2.0},{"damage":15.0,"enemies":"Gremlin Nob","floor":12.0,"turns":5.0},{"damage":14.0,"enemies":"Blue Slaver","floor":13.0,"turns":3.0},{"damage":19.0,"enemies":"Lagavulin","floor":14.0,"turns":9.0},{"damage":59.0,"enemies":"Hexaghost","floor":16.0,"turns":13.0},{"damage":0.0,"enemies":"3 Byrds","floor":18.0,"turns":2.0},{"damage":13.0,"enemies":"2 Thieves","floor":19.0,"turns":3.0},{"damage":25.0,"enemies":"Sentry and Sphere","floor":20.0,"turns":8.0},{"damage":6.0,"enemies":"3 Cultists","floor":21.0,"turns":4.0},{"damage":41.0,"enemies":"Slavers","floor":24.0,"turns":4.0},{"damage":0,"enemies":"Snake Plant","floor":25,"turns":2},{"damage":0,"enemies":"Centurion and Healer","floor":28,"turns":3},{"damage":2,"enemies":"3 Cultists","floor":31,"turns":4},{"damage":70,"enemies":"Automaton","floor":33,"turns":11},{"damage":32,"enemies":"3 Shapes","floor":35,"turns":8},{"damage":41,"enemies":"3 Darklings","floor":37,"turns":3}],"seed_played":"-6257738529636121804","potions_obtained":[{"floor":4.0,"key":"Weak Potion"},{"floor":5.0,"key":"SneckoOil"},{"floor":8.0,"key":"PowerPotion"},{"floor":13.0,"key":"PowerPotion"},{"floor":16.0,"key":"FairyPotion"},{"floor":18.0,"key":"EssenceOfSteel"},{"floor":19.0,"key":"Swift Potion"},{"floor":25,"key":"GamblersBrew"},{"floor":33,"key":"GamblersBrew"},{"floor":37,"key":"SkillPotion"}],"is_trial":false,"path_per_floor":["M","M","M","M","M","E","R","M","T","M","R","E","M","E","R","B",null,"M","M","M","M","$","R","E","M","T","?","M","R","?","M","R","B",null,"M","$","M"],"character_chosen":"IRONCLAD","items_purchased":["Medical Kit","Regal Pillow","Inflame"],"campfire_rested":5,"item_purchase_floors":[22,22,22],"current_hp_per_floor":[77,80,80,72,57,10,34,39,39,43,67,58,50,37,61,8,62,68,61,42,42,42,42,7,13,13,13,19,58,50,54,80,16,64,38,38,30,30],"gold":205,"neow_bonus":"TRANSFORM_CARD","is_daily":false,"chose_seed":false,"campfire_upgraded":1,"win_rate":0.0,"timestamp":1612942120,"path_taken":["M","M","M","M","?","E","R","M","T","M","R","E","M","E","R","BOSS","M","M","M","M","$","R","E","?","T","?","M","R","?","?","R","BOSS","M","$","M"],"items_purchased_type":["Relic","Relic","Card"],"build_version":"2020-12-22","purchased_purges":2,"victory":false,"max_hp_per_floor":[80,80,80,80,80,80,80,80,80,80,80,80,80,80,80,80,80,80,80,80,80,80,80,80,80,80,80,80,80,80,80,80,80,80,80,80,80,80],"card_choices":[{"not_picked":["Clothesline","True Grit"],"picked":"Pommel Strike","floor":1.0},{"not_picked":["Intimidate","Feel No Pain"],"picked":"Thunderclap","floor":2.0},{"not_picked":["Perfected Strike","Clash"],"picked":"Searing Blow","floor":3.0},{"not_picked":["Body Slam","Intimidate"],"picked":"Heavy Blade","floor":4.0},{"not_picked":["Searing Blow","Entrench"],"picked":"True Grit","floor":5.0},{"not_picked":["Fire Breathing","Sentinel"],"picked":"Whirlwind","floor":6.0},{"not_picked":["Body Slam","Anger"],"picked":"Metallicize","floor":8.0},{"not_picked":["Havoc","Dual Wield"],"picked":"Battle Trance","floor":10.0},{"not_picked":["Intimidate","Entrench"],"picked":"Shrug It Off","floor":12.0},{"not_picked":["Warcry","Double Tap","Heavy Blade"],"picked":"SKIP","floor":13.0},{"not_picked":["Iron Wave","Spot Weakness"],"picked":"Headbutt","floor":14.0},{"not_picked":["Barricade","Fiend Fire"],"picked":"Immolate","floor":16.0},{"not_picked":["Flex","Searing Blow"],"picked":"Cleave","floor":18.0},{"not_picked":["Headbutt","Fiend Fire"],"picked":"Armaments","floor":19.0},{"not_picked":["Clash+1","Warcry","True Grit"],"picked":"SKIP","floor":20.0},{"not_picked":["Cleave","Headbutt"],"picked":"Twin Strike+1","floor":21.0},{"not_picked":["Twin Strike","Flex"],"picked":"Dropkick+1","floor":24.0},{"not_picked":["Offering","Sever Soul+1"],"picked":"Entrench+1","floor":25},{"not_picked":["Hemokinesis","Dropkick+1"],"picked":"Pummel+1","floor":28},{"not_picked":["Blood for Blood","Armaments"],"picked":"Hemokinesis","floor":31},{"not_picked":["Immolate","Bludgeon"],"picked":"Impervious","floor":33},{"not_picked":["Anger+1","Havoc","Evolve"],"picked":"SKIP","floor":35},{"not_picked":["Thunderclap","Anger+1"],"picked":"Iron Wave+1","floor":37}],"player_experience":548665,"relics_obtained":[{"floor":6.0,"key":"Orichalcum"},{"floor":9.0,"key":"Incense Burner"},{"floor":12.0,"key":"Pen Nib"},{"floor":14.0,"key":"WingedGreaves"}],"event_choices":[{"damage_healed":0,"gold_gain":0,"player_choice":"Inject Mutagens","damage_taken":0,"relics_obtained":["MutagenicStrength"],"max_hp_gain":0,"max_hp_loss":0,"event_name":"Drug Dealer","floor":27,"gold_loss":0},{"damage_healed":0,"gold_gain":0,"player_choice":"Damaged","damage_taken":8,"max_hp_gain":0,"max_hp_loss":0,"event_name":"Wheel of Change","floor":30,"gold_loss":0}],"is_beta":false,"boss_relics":[{"not_picked":["Empty Cage","Philosopher\u0027s Stone"],"picked":"Mark of Pain"},{"not_picked":["Velvet Choker","SacredBark"],"picked":"SlaversCollar"}],"items_purged_floors":[22,36],"is_endless":false,"potions_floor_spawned":[4,5,8,13,16,18,19,20,25,33,37],"killed_by":"3 Darklings","ascension_level":8}}