{"host":"k1qq3tnzhl68zvao","time":1612957069,"event":{"mods":["ATMod(阿瑾Mod)","AchievementEnabler","BaseMod","Colored Powertips","Conspire","DeckTracker","Downfall","Energized Spire","GifTheSpireLib","Minty Spire (QoL Compilation)","Quick Restart","Relic Filter Mod","Replay The Spire","Spicy Shops","StSLib","【遗物卡牌】REMEMod"],"gold_per_floor":[115,127,202,53,70,95,109,109,109,119,154,166,182,214,214,309,309,320,331,9,9,23,53,73,131,131,161,180,180,180,196,196,294,294,312,325,325,325,339,370,382,414,438,457,457,149,168,193,193,193,193,193,30,65,65,65],"floor_reached":55,"language":"ZHS","playtime":4293,"items_purged":["Strike_B","Strike_B","Strike_B"],"score":1060,"play_id":"0470add3-7746-4f3f-9347-c55b6a5a6126","local_time":"20210210193749","is_ascension_mode":true,"campfire_choices":[{"data":"Vault","floor":8.0,"key":"SMITH"},{"data":"Tempest","floor":15,"key":"SMITH"},{"data":"Decay","floor":32,"key":"PURGE"},{"data":"Static Discharge","floor":45,"key":"SMITH"},{"floor":49,"key":"RECALL"},{"data":"Defend_B","floor":52,"key":"PURGE"}],"circlet_count":0,"master_deck":["Strike_B+1","Defend_B","Defend_B","Defend_B","Zap","Dualcast","Meteor Strike","AT_FamilyPortrait","Vault+1","AT_DarkMatter","Ball Lightning","Gash","Tempest+1","Gash","Electrodynamics","Gash+1","Glacier","Fission+1","Static Discharge+1","Rebound+1","Capacitor+1","Turbo","AT_RightCognition+1","Gash+1","Chill+1","AT_RightCognition+1","BootSequence+1","Hologram+1","Creative AI+1","ReplayGash","AT_StudyProgram+1","Hologram","Gash+1","Defragment+1","Defragment+1","Hologram"],"relics":["Cracked Core","AT_ATBox","REME_ComplimentaryCards","HandDrill","Eternal Feather","FossilizedHelix","Oddly Smooth Stone","SlaversCollar","DataDisk","REME_CardOfGreed","Frozen Egg 2","Orichalcum","Peace Pipe","REME_HandOfSuture","energizedSpire:MagnifyingGlass","Blue Candle","conspire:TopHat","MealTicket","Whetstone","conspire:Boomerang","Snack Pack","Frozen Eye","AT_EbonyIvory"],"acts_visited":["Exordium","TheCity","TheBeyond","TheEnding"],"potions_floor_usage":[11,18,25,33,55,55],"damage_taken":[{"damage":8.0,"enemies":"conspire:RoseBush","floor":1.0,"turns":2.0},{"damage":0.0,"enemies":"Cultist","floor":2.0,"turns":3.0},{"damage":5.0,"enemies":"2 Louse","floor":5.0,"turns":3.0},{"damage":14.0,"enemies":"Gremlin Nob","floor":6.0,"turns":4.0},{"damage":6.0,"enemies":"2 Fungi Beasts","floor":7.0,"turns":3.0},{"damage":12,"enemies":"Large Slime","floor":10,"turns":4},{"damage":13,"enemies":"3 Sentries","floor":11,"turns":5},{"damage":0,"enemies":"Lots of Slimes","floor":12,"turns":1},{"damage":0,"enemies":"Red Slaver","floor":13,"turns":2},{"damage":0,"enemies":"Gremlin Nob","floor":14,"turns":4},{"damage":3,"enemies":"Fading Forest","floor":16,"turns":12},{"damage":0,"enemies":"Spheric Guardian","floor":18,"turns":5},{"damage":0,"enemies":"2 Thieves","floor":19,"turns":4},{"damage":3,"enemies":"conspire:HollyBat","floor":22,"turns":6},{"damage":18,"enemies":"Gremlin Leader","floor":23,"turns":5},{"damage":0,"enemies":"3 Cultists","floor":24,"turns":2},{"damage":29,"enemies":"Slavers","floor":25,"turns":5},{"damage":18,"enemies":"Gremlin Leader","floor":27,"turns":5},{"damage":0,"enemies":"Snecko","floor":28,"turns":4},{"damage":0,"enemies":"conspire:HollyBat","floor":31,"turns":6},{"damage":22,"enemies":"Champ","floor":33,"turns":8},{"damage":0,"enemies":"3 Darklings","floor":35,"turns":4},{"damage":0,"enemies":"Orb Walker","floor":36,"turns":4},{"damage":0,"enemies":"3 Darklings","floor":39,"turns":3},{"damage":29,"enemies":"Nemesis","floor":40,"turns":8},{"damage":0,"enemies":"4 Shapes","floor":41,"turns":6},{"damage":0,"enemies":"Reptomancer","floor":42,"turns":5},{"damage":15,"enemies":"Spire Growth","floor":44,"turns":5},{"damage":0,"enemies":"Sphere and 2 Shapes","floor":47,"turns":4},{"damage":19,"enemies":"Nemesis","floor":48,"turns":4},{"damage":27,"enemies":"Donu and Deca","floor":50,"turns":5},{"damage":44,"enemies":"Shield and Spear","floor":54,"turns":4},{"damage":67,"enemies":"The Heart","floor":55,"turns":6}],"seed_played":"-5927669364178884878","potions_obtained":[{"floor":2.0,"key":"Adrenaline Potion"},{"floor":5.0,"key":"AttackPotion"},{"floor":6.0,"key":"FearPotion"},{"floor":14,"key":"Swift Potion"},{"floor":16,"key":"Explosive Potion"},{"floor":19,"key":"Elixir"},{"floor":27,"key":"Swift Potion"},{"floor":28,"key":"PowerPotion"},{"floor":33,"key":"GamblersBrew"},{"floor":36,"key":"Energy Potion"},{"floor":48,"key":"Strength Potion"},{"floor":54,"key":"Weak Potion"}],"is_trial":false,"path_per_floor":["M","M","?","$","M","E","M","R","T","M","E","M","M","E","R","B",null,"M","M","$","?","M","E","M","E","T","E","M","?","?","M","R","B",null,"M","M","?","?","M","E","M","E","T","M","R","$","M","E","R","B",null,"R","$","E","B"],"character_chosen":"DEFECT","items_purchased":["HandDrill","DataDisk","REME_CardOfGreed","conspire:Boomerang","AT_StudyProgram+1","Hologram","Frozen Eye","Defragment+1"],"campfire_rested":0,"item_purchase_floors":[4,20,20,46,46,46,53,53],"current_hp_per_floor":[67,67,60,60,55,41,35,44,44,32,19,19,19,19,31,46,75,75,75,75,75,72,54,54,25,25,7,7,7,32,32,47,25,75,75,75,70,70,70,41,41,41,41,40,58,73,73,54,72,50,75,75,75,32,0,0],"gold":65,"neow_bonus":"ONE_RANDOM_RARE_CARD","is_daily":false,"chose_seed":false,"campfire_upgraded":3,"win_rate":0.0,"timestamp":1612957069,"path_taken":["M","M","?","$","M","E","?","R","T","M","E","M","M","E","R","BOSS","M","M","$","?","?","E","M","E","T","E","M","?","?","M","R","BOSS","M","M","?","?","M","E","?","E","T","M","R","$","M","E","R","BOSS","R","$","E","BOSS"],"items_purchased_type":["Relic","Relic","Relic","Relic","Card","Card","Relic","Card"],"build_version":"2020-12-22","purchased_purges":3,"victory":false,"max_hp_per_floor":[75,75,75,75,75,75,75,75,75,75,75,75,75,75,75,75,75,75,75,75,75,75,75,75,75,75,75,75,75,75,75,75,75,75,75,75,75,75,75,75,75,75,75,75,75,75,75,75,75,75,75,75,75,75,75,75],"card_choices":[{"not_picked":["Steam","Barrage"],"picked":"AT_DarkMatter","floor":1.0},{"not_picked":["BasicCrystalCard","Conserve Battery"],"picked":"Ball Lightning","floor":2.0},{"not_picked":["Conserve Battery","Go for the Eyes"],"picked":"Gash","floor":5.0},{"not_picked":["conspire:SharedLibrary","Lockon"],"picked":"Tempest","floor":6.0},{"not_picked":["Go for the Eyes","Sweeping Beam"],"picked":"Gash","floor":7.0},{"not_picked":["ReplaySort","Reprogram","Streamline"],"picked":"SKIP","floor":10},{"not_picked":["AT_WarpDrive","Barrage"],"picked":"Electrodynamics","floor":11},{"not_picked":["ReplayTheSpireMod:GoodbyeWorld","Redo"],"picked":"Gash","floor":12},{"not_picked":["Leap","Doom and Gloom","ReplayTheSpireMod:System Scan"],"picked":"SKIP","floor":13},{"not_picked":["Mirror Shield","Turbo"],"picked":"Glacier","floor":14},{"not_picked":["Machine Learning","ReplayTheSpireMod:Omega Cannon"],"picked":"Fission","floor":16},{"not_picked":["Sunder","Sweeping Beam","AT_HeatAcrobatics"],"picked":"SKIP","floor":18},{"not_picked":["Sweeping Beam","Leap"],"picked":"Static Discharge","floor":19},{"not_picked":["ReplayTheSpireMod:Reroute Power","Panic Button"],"picked":"Rebound+1","floor":22},{"not_picked":["AT_StudyProgram+1","ReplayRNGCard"],"picked":"Capacitor+1","floor":23},{"not_picked":["Go for the Eyes","Sweeping Beam"],"picked":"Turbo","floor":24},{"not_picked":["Cold Snap","Leap","Streamline+1"],"picked":"SKIP","floor":25},{"not_picked":["AT_HeatAcrobatics","Ball Lightning+1","Capacitor+1"],"picked":"SKIP","floor":27},{"not_picked":["Glacier","Steam","ReplayTheSpireMod:Reroute Power"],"picked":"SKIP","floor":28},{"not_picked":["ReplayTheSpireMod:Reroute Power","Steam Power+1","BasicCrystalCard"],"picked":"SKIP","floor":31},{"not_picked":["Electrodynamics+1","Buffer+1"],"picked":"AT_RightCognition+1","floor":33},{"not_picked":["ReplayTheSpireMod:System Scan+1","Leap"],"picked":"Gash+1","floor":35},{"not_picked":["Coolheaded","Go for the Eyes+1"],"picked":"Chill+1","floor":36},{"not_picked":["Force Field+1","REME_SelfUpgrade+1","Hologram+1"],"picked":"SKIP","floor":39},{"not_picked":["REME_Compress+1","Compile Driver+1"],"picked":"BootSequence+1","floor":40},{"not_picked":["Turbo","Undo+1"],"picked":"Hologram+1","floor":41},{"not_picked":["Undo+1","Fission"],"picked":"Creative AI+1","floor":42},{"not_picked":["Stack+1","Steam Power"],"picked":"ReplayGash","floor":44},{"not_picked":["Go for the Eyes+1","Leap+1"],"picked":"Gash+1","floor":47},{"not_picked":["BootSequence+1","ReplayTheSpireMod:System Scan+1","Go for the Eyes"],"picked":"SKIP","floor":48},{"not_picked":["Cold Snap","Rebound+1"],"picked":"Hologram","floor":54}],"player_experience":543798,"relics_obtained":[{"floor":6.0,"key":"Eternal Feather"},{"floor":11,"key":"FossilizedHelix"},{"floor":14,"key":"Oddly Smooth Stone"},{"floor":23,"key":"Frozen Egg 2"},{"floor":25,"key":"Orichalcum"},{"floor":26,"key":"Peace Pipe"},{"floor":27,"key":"REME_HandOfSuture"},{"floor":40,"key":"conspire:TopHat"},{"floor":42,"key":"MealTicket"},{"floor":43,"key":"Whetstone"},{"floor":48,"key":"Snack Pack"},{"floor":54,"key":"AT_EbonyIvory"}],"event_choices":[{"damage_healed":0.0,"max_hp_gain":0.0,"max_hp_loss":0.0,"gold_gain":75.0,"event_name":"FaceTrader","player_choice":"Touch","floor":3.0,"gold_loss":0.0,"damage_taken":7.0},{"damage_healed":0,"gold_gain":0,"player_choice":"Forge","damage_taken":0,"max_hp_gain":0,"max_hp_loss":0,"event_name":"Accursed Blacksmith","floor":21,"gold_loss":0,"cards_upgraded":["Fission"]},{"damage_healed":0,"gold_gain":0,"player_choice":"Smashed Altar","damage_taken":0,"max_hp_gain":0,"max_hp_loss":0,"event_name":"Forgotten Altar","floor":29,"gold_loss":0,"cards_obtained":["Decay"]},{"damage_healed":25,"gold_gain":0,"player_choice":"Heal","damage_taken":0,"max_hp_gain":0,"max_hp_loss":0,"event_name":"The Library","floor":30,"gold_loss":0},{"damage_healed":0,"gold_gain":0,"player_choice":"Copied","damage_taken":0,"max_hp_gain":0,"max_hp_loss":0,"event_name":"Duplicator","floor":38,"gold_loss":0,"cards_obtained":["AT_RightCognition"]}],"is_beta":false,"boss_relics":[{"not_picked":["Coffee Dripper","Fusion Hammer"],"picked":"SlaversCollar"},{"not_picked":["REME_LowDesire","energizedSpire:EnergizedDie"],"picked":"energizedSpire:MagnifyingGlass"}],"items_purged_floors":[4,20,46],"is_endless":false,"potions_floor_spawned":[2,5,6,14,16,19,22,27,28,33,36,41,44,48,54],"killed_by":"The Heart","ascension_level":2}}