{"host":"l84l8xigz5v5foa2","time":1612981628,"event":{"mods":["2.2 Compatiblity","AchievementEnabler","BaseMod","Better Note","Better Vampires","BetterRewards","Card Filter","Colored Map","DeckTracker","Downfall","Gremlin Skip","Highlight Path","Keyboard Shortcuts","Minty Spire (QoL Compilation)","Permanent Neow","Quick Restart","Relic Filter","Relic Stats","StSLib","SuperFastMode","Transform Curses","Unknown Chances"],"gold_per_floor":[349,359,370,108,120,120,146,175,193,210,95,107,107,126,139,216,216,216,235,253,37,56,56,56,156,56,67,98,98,129,229,246,321,321,321,339,350,368,468,483,483,343,356,356,375,175,200,40,53,53,53,83,8,8,8,8],"floor_reached":57,"language":"ENG","playtime":3965,"items_purged":["downfall:Malfunctioning","hexamod:Strike","hexamod:Strike","hexamod:Defend","hexamod:Strike+1","hexamod:Defend"],"score":2185,"play_id":"81649a64-466d-4f3d-8c2b-24b833cd43e4","local_time":"20210211032708","is_ascension_mode":true,"campfire_choices":[{"data":"hexamod:Float","floor":1.0,"key":"SMITH"},{"data":"hexamod:RetreatToShadows","floor":6.0,"key":"SMITH"},{"data":"hexamod:GhostOfSpirePast","floor":18.0,"key":"SMITH"},{"floor":26.0,"key":"REST"},{"floor":35.0,"key":"RECALL"},{"data":"hexamod:GiftsFromTheDead","floor":46.0,"key":"SMITH"},{"data":"hexamod:WildfireWeapon","floor":54.0,"key":"SMITH"}],"circlet_count":0,"master_deck":["AscendersBane","hexamod:Defend+1","hexamod:Defend","hexamod:Sear+1","hexamod:Float+1","hexamod:PhantomFireball+1","hexamod:GhostOfSpirePast+1","hexamod:WildfireWeapon+1","hexamod:RetreatToShadows+1","hexamod:DynamicBlow+1","hexamod:SkipABeat+1","hexamod:HeatMetal+1","hexamod:HeatShield+1","hexamod:ShieldOfDarkness+1","hexamod:TimeOfNeed+1","hexamod:SixthSeal","hexamod:SuperheatedStrike+1","hexamod:FirstSeal","hexamod:Toasty+1","hexamod:HauntingEcho+1","hexamod:AdvancingGuard+1","hexamod:ForkedFlame+1","hexamod:GhostShield","hexamod:Hexaguard+1","hexamod:SwordOfDarkness+1","hexamod:PowerFromBeyond+1","hexamod:Toasty+1","hexamod:FastForward+1","hexamod:GiftsFromTheDead+1","expansioncontent:Chronoboost+1"],"relics":["hexamod:SpiritBrand","Ring of the Serpent","Omamori","PreservedInsect","Turnip","Philosopher\u0027s Stone","Necronomicon","Akabeko","downfall:HeartBlessingGreen","Medical Kit","Regal Pillow","Gambling Chip","The Courier","expansioncontent:StudyCardRelic","downfall:HeartBlessingRed","downfall:HeartBlessingBlue","hexamod:Sixitude","Bag of Preparation"],"acts_visited":["Exordium","TheCity","TheBeyond","TheEnding"],"potions_floor_usage":[56],"damage_taken":[{"damage":0.0,"enemies":"Cultist","floor":2.0,"turns":3.0},{"damage":0.0,"enemies":"Jaw Worm","floor":3.0,"turns":4.0},{"damage":0.0,"enemies":"downfall:FleeingMerchant","floor":4.0,"turns":4.0},{"damage":7.0,"enemies":"Small Slimes","floor":5.0,"turns":3.0},{"damage":3.0,"enemies":"Lagavulin","floor":8.0,"turns":4.0},{"damage":3.0,"enemies":"Exordium Wildlife","floor":9.0,"turns":4.0},{"damage":9.0,"enemies":"Large Slime","floor":10.0,"turns":3.0},{"damage":10.0,"enemies":"downfall:FleeingMerchant","floor":11.0,"turns":4.0},{"damage":2.0,"enemies":"2 Fungi Beasts","floor":12.0,"turns":3.0},{"damage":6.0,"enemies":"Blue Slaver","floor":14.0,"turns":3.0},{"damage":5.0,"enemies":"Lots of Slimes","floor":15.0,"turns":4.0},{"damage":19.0,"enemies":"WA_ARCHETYPE_RETAIN","floor":16.0,"turns":9.0},{"damage":3.0,"enemies":"Chosen","floor":19.0,"turns":4.0},{"damage":24.0,"enemies":"Chosen and Byrds","floor":20.0,"turns":6.0},{"damage":0.0,"enemies":"downfall:FleeingMerchant","floor":21.0,"turns":4.0},{"damage":8.0,"enemies":"Snake Plant","floor":22.0,"turns":5.0},{"damage":3.0,"enemies":"downfall:Augmenter","floor":25.0,"turns":3.0},{"damage":4.0,"enemies":"Centurion and Healer","floor":27.0,"turns":5.0},{"damage":3.0,"enemies":"downfall:FleeingMerchant","floor":28.0,"turns":3.0},{"damage":7.0,"enemies":"Slavers","floor":30.0,"turns":4.0},{"damage":0.0,"enemies":"SI_SHIV_ARCHETYPE","floor":31.0,"turns":3.0},{"damage":0.0,"enemies":"3 Cultists","floor":32.0,"turns":4.0},{"damage":9.0,"enemies":"IC_MUSHROOM_ARCHETYPE","floor":33.0,"turns":4.0},{"damage":0.0,"enemies":"3 Darklings","floor":36.0,"turns":3.0},{"damage":0.0,"enemies":"3 Shapes","floor":37.0,"turns":4.0},{"damage":10.0,"enemies":"Sphere and 2 Shapes","floor":38.0,"turns":4.0},{"damage":0.0,"enemies":"Sphere and 2 Shapes","floor":39.0,"turns":2.0},{"damage":6.0,"enemies":"Spire Growth","floor":40.0,"turns":4.0},{"damage":0.0,"enemies":"3 Darklings","floor":43.0,"turns":3.0},{"damage":0.0,"enemies":"Transient","floor":45.0,"turns":6.0},{"damage":5.0,"enemies":"Transient","floor":47.0,"turns":4.0},{"damage":0.0,"enemies":"Maw","floor":49.0,"turns":4.0},{"damage":36.0,"enemies":"DF_ARCHETYPE_ORBS","floor":50.0,"turns":18.0},{"damage":10.0,"enemies":"downfall:CharBossMerchant","floor":52.0,"turns":6.0},{"damage":22.0,"enemies":"downfall:NeowBoss","floor":55.0,"turns":12.0},{"damage":3,"enemies":"downfall:NeowBossFinal","floor":56,"turns":8}],"seed_played":"-6257467162358383337","potions_obtained":[{"floor":2.0,"key":"DuplicationPotion"},{"floor":5.0,"key":"Slimebound:ThreeZeroPotion"},{"floor":9.0,"key":"FairyPotion"},{"floor":16.0,"key":"hexamod:SoulburnPotion"},{"floor":22.0,"key":"Strength Potion"},{"floor":30.0,"key":"sneckomod:MuddlingPotion"},{"floor":33.0,"key":"SteroidPotion"},{"floor":37.0,"key":"SkillPotion"},{"floor":40.0,"key":"BlessingOfTheForge"},{"floor":47.0,"key":"hexamod:EctoCoolerPotion"},{"floor":52.0,"key":"hexamod:DoubleChargePotion"}],"is_trial":false,"path_per_floor":["R","M","M","$","M","R","T","E","M","M","$","M","?","M","M","B",null,"R","M","M","$","M","?","T","?","R","M","$","?","E","?","M","B",null,"R","M","M","M","?","M","T","$","M","?","M","R","?","$","M","B",null,"E","$","R","B","B",null],"character_chosen":"THE_SPIRIT","items_purchased":["Omamori","hexamod:HauntingEcho","hexamod:AdvancingGuard","Medical Kit","expansioncontent:Chronoboost"],"campfire_rested":1,"item_purchase_floors":[4,21,21,28,53],"current_hp_per_floor":[57,57,57,57,50,50,50,47,44,35,25,23,23,17,12,15,51,51,48,24,31,30,9,9,13,31,34,38,38,38,45,52,50,60,60,63,63,60,60,61,61,61,63,63,63,73,73,73,73,37,64,61,61,61,46,43],"gold":8,"neow_bonus":"TWO_FIFTY_GOLD","is_daily":false,"chose_seed":false,"campfire_upgraded":5,"win_rate":0.0,"timestamp":1612981628,"path_taken":["R","M","?","$","M","R","T","E","M","M","$","M","?","M","M","BOSS","R","M","M","$","M","?","T","?","R","M","?","?","E","?","M","BOSS","R","M","M","M","?","M","T","$","?","?","M","R","?","?","M","BOSS","E","$","R","BOSS","BOSS"],"items_purchased_type":["Relic","Card","Card","Relic","Card"],"build_version":"2020-12-22","purchased_purges":6,"victory":true,"max_hp_per_floor":[63,63,63,63,63,63,63,63,63,63,63,63,63,63,63,63,63,63,63,63,63,63,63,63,63,63,63,63,63,63,63,63,63,63,63,63,63,63,63,63,63,63,63,63,63,73,73,73,73,73,73,73,73,73,73,73],"relic_stats":{"Regal Pillow":0,"counters":[36,171],"Gambling Chip":[23],"PreservedInsect":370,"Turnip":[22],"Necronomicon":[53],"Bag of Preparation":[4],"Medical Kit":[0],"obtain_stats":[{"Regal Pillow":30,"downfall:HeartBlessingRed":46,"hexamod:Sixitude":47,"downfall:HeartBlessingGreen":26,"PreservedInsect":7,"The Courier":31,"Omamori":4,"expansioncontent:StudyCardRelic":34,"Bag of Preparation":52,"Medical Kit":28,"Akabeko":24,"downfall:HeartBlessingBlue":46,"Gambling Chip":31,"Philosopher\u0027s Stone":17,"Turnip":8,"Necronomicon":23,"hexamod:SpiritBrand":0,"Ring of the Serpent":0},{"Regal Pillow":20,"downfall:HeartBlessingRed":30,"hexamod:Sixitude":31,"downfall:HeartBlessingGreen":17,"PreservedInsect":4,"The Courier":21,"Omamori":3,"expansioncontent:StudyCardRelic":23,"Bag of Preparation":34,"Medical Kit":19,"Akabeko":16,"downfall:HeartBlessingBlue":30,"Gambling Chip":21,"Philosopher\u0027s Stone":12,"Turnip":5,"Necronomicon":16,"hexamod:SpiritBrand":0,"Ring of the Serpent":0},{"Regal Pillow":82,"downfall:HeartBlessingRed":119,"hexamod:Sixitude":123,"downfall:HeartBlessingGreen":70,"PreservedInsect":14,"The Courier":85,"Omamori":11,"expansioncontent:StudyCardRelic":93,"Bag of Preparation":151,"Medical Kit":78,"Akabeko":67,"downfall:HeartBlessingBlue":119,"Gambling Chip":85,"Philosopher\u0027s Stone":48,"Turnip":18,"Necronomicon":67,"hexamod:SpiritBrand":0,"Ring of the Serpent":0}]},"card_choices":[{"not_picked":["hexamod:AdvancingGuard","hexamod:NightmareStrike"],"picked":"hexamod:PhantomFireball","floor":2.0},{"not_picked":["hexamod:FirstSeal","hexamod:ChargedBarrage"],"picked":"hexamod:GhostOfSpirePast","floor":3.0},{"not_picked":["hexamod:FastForward","hexamod:HeatMetal"],"picked":"hexamod:WildfireWeapon","floor":4.0},{"not_picked":["hexamod:BacktrackSmack","hexamod:PhantomCloak"],"picked":"hexamod:RetreatToShadows","floor":5.0},{"not_picked":["hexamod:FlamesFromBeyond","hexamod:ChargedBarrage"],"picked":"hexamod:DynamicBlow","floor":8.0},{"not_picked":["hexamod:FlamesFromBeyond","hexamod:FastForward"],"picked":"hexamod:SkipABeat","floor":9.0},{"not_picked":["hexamod:SuperheatedStrike","hexamod:GhostLash"],"picked":"hexamod:HeatMetal","floor":10.0},{"not_picked":["hexamod:NecessarySacrifice","hexamod:RecurringNightmare","hexamod:SpectralSpark"],"picked":"SKIP","floor":11.0},{"not_picked":["hexamod:Haunt","hexamod:NightmareStrike"],"picked":"hexamod:HeatShield","floor":12.0},{"not_picked":["hexamod:NightmareStrike","hexamod:HauntingEcho"],"picked":"hexamod:ShieldOfDarkness","floor":14.0},{"not_picked":["hexamod:Hexaguard","hexamod:AdvancingGuard"],"picked":"hexamod:TimeOfNeed","floor":15.0},{"not_picked":["hexamod:ParanormalForm","hexamod:Toasty"],"picked":"hexamod:SixthSeal","floor":16.0},{"not_picked":["hexamod:ShieldOfDarkness","hexamod:HeatMetal"],"picked":"hexamod:SuperheatedStrike","floor":19.0},{"not_picked":["hexamod:NightmareGuise","hexamod:FlamesFromBeyond"],"picked":"hexamod:FirstSeal","floor":20.0},{"not_picked":["hexamod:GhostflameBarrier","hexamod:NightmareGuise"],"picked":"hexamod:Toasty","floor":21.0},{"not_picked":["hexamod:NightmareStrike","hexamod:CatchUp","hexamod:Again"],"picked":"SKIP","floor":22.0},{"not_picked":["hexamod:AdvancingGuard","hexamod:Haunt"],"picked":"hexamod:GhostShield","floor":25.0},{"not_picked":["hexamod:VolcanoVisage","hexamod:AdvancingGuard","hexamod:RadiantFlame"],"picked":"SKIP","floor":27.0},{"not_picked":["hexamod:Again+1","hexamod:GhostShield"],"picked":"hexamod:Hexaguard","floor":28.0},{"not_picked":["hexamod:HeatCrush","hexamod:NightmareGuise","hexamod:CatchUp"],"picked":"SKIP","floor":30.0},{"not_picked":["hexamod:ThermalTransfer","hexamod:EmpoweredFlame"],"picked":"hexamod:SwordOfDarkness","floor":31.0},{"not_picked":["hexamod:InspiringFlames","hexamod:NightmareStrike"],"picked":"hexamod:PowerFromBeyond+1","floor":32.0},{"not_picked":["hexamod:VolcanoVisage","hexamod:ApocalypseNow"],"picked":"hexamod:Toasty","floor":33.0},{"not_picked":["hexamod:RetreatToShadows","hexamod:GhostOfSpireFuture"],"picked":"hexamod:FastForward","floor":36.0},{"not_picked":["hexamod:NightmareStrike","hexamod:SwordOfDarkness","hexamod:SkipABeat"],"picked":"SKIP","floor":37.0},{"not_picked":["hexamod:FlamesFromBeyond","hexamod:BurningTouch","hexamod:BacktrackSmack"],"picked":"SKIP","floor":38.0},{"not_picked":["hexamod:FastForward","hexamod:ShieldOfDarkness","hexamod:ExtraCrispy+1"],"picked":"SKIP","floor":40.0},{"not_picked":["hexamod:BacktrackSmack+1","hexamod:HauntingEcho"],"picked":"hexamod:GiftsFromTheDead","floor":43.0},{"not_picked":["hexamod:HauntingEcho","hexamod:NightmareStrike","hexamod:NightmareGuise"],"picked":"SKIP","floor":45.0},{"not_picked":["hexamod:BacktrackSmack","hexamod:SkipABeat","hexamod:FirstSeal"],"picked":"SKIP","floor":49.0},{"not_picked":["hexamod:TimeOfNeed","hexamod:ParanormalForm","hexamod:FlamesFromBeyond"],"picked":"SKIP","floor":52.0}],"player_experience":3547617,"relics_obtained":[{"floor":7.0,"key":"PreservedInsect"},{"floor":8.0,"key":"Turnip"},{"floor":23.0,"key":"Necronomicon"},{"floor":24.0,"key":"Akabeko"},{"floor":30.0,"key":"Regal Pillow"},{"floor":31.0,"key":"Gambling Chip"},{"floor":31.0,"key":"The Courier"},{"floor":47.0,"key":"hexamod:Sixitude"},{"floor":52.0,"key":"Bag of Preparation"}],"event_choices":[],"is_beta":false,"boss_relics":[{"not_picked":["Fusion Hammer","Coffee Dripper"],"picked":"Philosopher\u0027s Stone"},{"not_picked":["sneckomod:SneckoTalon","SlaversCollar"],"picked":"expansioncontent:StudyCardRelic"}],"items_purged_floors":[4,11,21,28,42,48],"is_endless":false,"potions_floor_spawned":[2,5,9,12,15,16,22,30,31,33,37,40,43,45,47,52],"ascension_level":20}}