{"host":"uv5ws9rdk87e8i5k","time":1612981811,"event":{"mods":["AchievementEnabler","BaseMod","Colored Map","Minty Spire (QoL Compilation)","Permanent Neow","Quick Restart","StSLib","SuperFastMode","The Necromancer"],"gold_per_floor":[118,137,26,46,58,58,76,76,76,105,105,105,137,212,212,313,313,323,337,262,262,262,262,280,280,334,334,345,380,206,283,283,283,283],"floor_reached":33,"language":"ENG","playtime":665,"items_purged":["Strike_R","Strike_R"],"score":539,"play_id":"8579f9dc-a08d-4228-b5ce-21c62392ff20","local_time":"20210210123011","is_ascension_mode":true,"campfire_choices":[{"data":"Searing Blow","floor":6,"key":"SMITH"},{"data":"Searing Blow+1","floor":8,"key":"SMITH"},{"data":"Searing Blow+2","floor":12,"key":"SMITH"},{"data":"Searing Blow+3","floor":15,"key":"SMITH"},{"data":"Searing Blow+4","floor":23,"key":"SMITH"},{"data":"Searing Blow+5","floor":25,"key":"SMITH"},{"data":"Searing Blow+6","floor":27,"key":"SMITH"},{"floor":32,"key":"REST"}],"circlet_count":0,"master_deck":["AscendersBane","Strike_R+1","Strike_R","Defend_R+1","Defend_R","Defend_R","Defend_R","Bash","Searing Blow+7","Battle Trance","Pommel Strike","Offering","Armaments","Dual Wield","Seeing Red","Impervious","CurseOfTheBell","Battle Trance","Brutality","Uppercut"],"relics":["Philosopher\u0027s Stone","Pocketwatch","InkBottle","Torii","Calling Bell","Tiny Chest","Letter Opener","Prayer Wheel","Orichalcum","Dream Catcher","White Beast Statue"],"acts_visited":["Exordium","TheCity"],"potions_floor_usage":[10,18,28,29,33,33],"damage_taken":[{"damage":3.0,"enemies":"Jaw Worm","floor":1.0,"turns":3.0},{"damage":0.0,"enemies":"2 Louse","floor":2.0,"turns":3.0},{"damage":0.0,"enemies":"Small Slimes","floor":4.0,"turns":3.0},{"damage":9,"enemies":"Looter","floor":5,"turns":3},{"damage":5,"enemies":"2 Fungi Beasts","floor":7,"turns":4},{"damage":6,"enemies":"Gremlin Nob","floor":10,"turns":4},{"damage":11,"enemies":"Lagavulin","floor":13,"turns":5},{"damage":6,"enemies":"Slime Boss","floor":16,"turns":3},{"damage":1,"enemies":"Shell Parasite","floor":18,"turns":4},{"damage":6,"enemies":"Spheric Guardian","floor":19,"turns":3},{"damage":14,"enemies":"Snecko","floor":24,"turns":4},{"damage":7,"enemies":"Snake Plant","floor":28,"turns":2},{"damage":38,"enemies":"Slavers","floor":29,"turns":5},{"damage":34,"enemies":"Champ","floor":33,"turns":3}],"seed_played":"-7678899835014098938","potions_obtained":[{"floor":1.0,"key":"SkillPotion"},{"floor":10,"key":"Block Potion"},{"floor":13,"key":"SkillPotion"},{"floor":28,"key":"Fire Potion"},{"floor":29,"key":"BlessingOfTheForge"}],"is_trial":false,"path_per_floor":["M","M","$","M","M","R","M","R","T","E","?","R","E","?","R","B",null,"M","M","?","?","?","R","M","R","T","R","M","E","$","T","R","B"],"character_chosen":"IRONCLAD","items_purchased":["Battle Trance","DistilledChaos"],"campfire_rested":1,"item_purchase_floors":[3,30],"current_hp_per_floor":[69,69,69,69,60,60,55,55,55,49,33,33,22,11,11,5,61,60,54,54,39,67,67,53,53,53,53,46,8,8,8,33,0,0],"gold":283,"neow_bonus":"BOSS_RELIC","is_daily":false,"chose_seed":false,"campfire_upgraded":7,"win_rate":0.0,"timestamp":1612981811,"path_taken":["M","M","$","M","M","R","M","R","T","E","?","R","E","?","R","BOSS","M","M","?","?","?","R","M","R","T","R","M","E","$","?","R","BOSS"],"items_purchased_type":["Card","Potion"],"build_version":"2020-12-22","purchased_purges":2,"victory":false,"max_hp_per_floor":[80,80,80,80,80,80,80,80,80,80,80,80,80,80,80,80,80,80,80,80,85,85,85,85,85,85,85,85,85,85,85,85,85,85],"card_choices":[{"not_picked":["Shrug It Off","Havoc"],"picked":"Searing Blow","floor":1.0},{"not_picked":["Inflame","Searing Blow","Pummel"],"picked":"SKIP","floor":2.0},{"not_picked":["Thunderclap","Clothesline"],"picked":"Pommel Strike","floor":4.0},{"not_picked":["Disarm","Feel No Pain"],"picked":"Offering","floor":5},{"not_picked":["Wild Strike","Second Wind"],"picked":"Armaments","floor":7},{"not_picked":["Inflame","Carnage"],"picked":"Dual Wield","floor":10},{"not_picked":["Whirlwind","Entrench"],"picked":"Seeing Red","floor":13},{"not_picked":["Berserk","Fiend Fire"],"picked":"Impervious","floor":16},{"not_picked":["Rupture","Clothesline","Thunderclap"],"picked":"SKIP","floor":18},{"not_picked":["Metallicize","Evolve","Dark Embrace"],"picked":"SKIP","floor":18},{"not_picked":["Havoc","Body Slam+1","Immolate"],"picked":"SKIP","floor":19},{"not_picked":["Heavy Blade","Anger","Bloodletting"],"picked":"SKIP","floor":19},{"not_picked":["Havoc","Carnage"],"picked":"Battle Trance","floor":24},{"not_picked":["Dropkick","Rage","Heavy Blade+1"],"picked":"SKIP","floor":24},{"not_picked":["Anger","Infernal Blade"],"picked":"Brutality","floor":28},{"not_picked":["Disarm","Body Slam","Intimidate"],"picked":"SKIP","floor":28},{"not_picked":["Twin Strike","Sword Boomerang+1","Clothesline"],"picked":"SKIP","floor":29},{"not_picked":["Clothesline","Perfected Strike"],"picked":"Uppercut","floor":32}],"player_experience":164339,"relics_obtained":[{"floor":9,"key":"Pocketwatch"},{"floor":10,"key":"InkBottle"},{"floor":13,"key":"Torii"},{"floor":17,"key":"Tiny Chest"},{"floor":17,"key":"Letter Opener"},{"floor":17,"key":"Prayer Wheel"},{"floor":26,"key":"Orichalcum"},{"floor":29,"key":"Dream Catcher"},{"floor":31,"key":"White Beast Statue"}],"event_choices":[{"damage_healed":0,"gold_gain":0,"player_choice":"Entered Light","damage_taken":16,"max_hp_gain":0,"max_hp_loss":0,"event_name":"Shining Light","floor":11,"gold_loss":0,"cards_upgraded":["Strike_R","Defend_R"]},{"damage_healed":0,"gold_gain":75,"player_choice":"Gather Gold","damage_taken":11,"max_hp_gain":0,"max_hp_loss":0,"event_name":"World of Goop","floor":14,"gold_loss":0},{"cards_removed":["Strike_R"],"damage_healed":0,"gold_gain":0,"player_choice":"Gave Gold","damage_taken":0,"max_hp_gain":0,"max_hp_loss":0,"event_name":"Beggar","floor":20,"gold_loss":75},{"damage_healed":0,"gold_gain":0,"player_choice":"Shed Blood","damage_taken":20,"max_hp_gain":5,"max_hp_loss":0,"event_name":"Forgotten Altar","floor":21,"gold_loss":0},{"damage_healed":28,"gold_gain":0,"player_choice":"Heal","damage_taken":0,"max_hp_gain":0,"max_hp_loss":0,"event_name":"The Library","floor":22,"gold_loss":0}],"is_beta":false,"boss_relics":[{"not_picked":["Tiny House","Sozu"],"picked":"Calling Bell"}],"items_purged_floors":[3,30],"is_endless":false,"potions_floor_spawned":[1,10,13,28,29],"killed_by":"Champ","ascension_level":11}}