{"host":"cijem1szy7pmmjx6","time":1612960529,"event":{"mods":["Act Like it!","Arknights","BaseMod","BetterRewards","Downfall","Marisa????????","Minty Spire (QoL Compilation)","Reimu??????","StSLib","The Bug Knight","The Senshi","The Servant 0.9.4"],"gold_per_floor":[118,118,131,151,169,204,204,223,223,235,235,235,253,253,253,353,353,373,373,386,56,71,103,103,103,103],"floor_reached":25,"language":"ZHS","playtime":2597,"items_purged":[],"score":225,"play_id":"07400fbf-70b8-4676-9a52-551af736c1ca","local_time":"20210210073529","is_ascension_mode":false,"campfire_choices":[{"data":"theSenshi:MoonPrincessHalation","floor":7,"key":"SMITH"},{"data":"theSenshi:SailorMarsAssists","floor":15,"key":"SMITH"},{"floor":24,"key":"REST"}],"circlet_count":0,"master_deck":["theSenshi:SailorKick","theSenshi:SailorKick","theSenshi:SailorKick+1","theSenshi:SailorKick","theSenshi:SailorBlock","theSenshi:SailorBlock","theSenshi:SailorBlock","theSenshi:SailorBlock","theSenshi:RoseThrow","theSenshi:MoonPrismPowerMakeUp+1","theSenshi:MoonPrincessHalation+1","theSenshi:SailorMarsAssists+1","theSenshi:SailorMercuryAssists","theSenshi:CrisisMakeUp","theSenshi:TallSilhouette","theSenshi:MoonPunch","theSenshi:MoonHealingEscalation+1","theSenshi:SailorVenusAssists","theSenshi:MoonGorgeousMeditation","theSenshi:Sidestep","theSenshi:SailorNeptuneAssists","theSenshi:SailorStarFighterAssists","theSenshi:MoonTiaraMagic","theSenshi:MoonPunch","theSenshi:TallSilhouette"],"relics":["theSenshi:TransformationBroochRelic","Sundial","FossilizedHelix","Bottled Flame","Calipers"],"acts_visited":["Exordium","TheCity"],"potions_floor_usage":[13,16,18,20,22,22,25],"damage_taken":[{"damage":6,"enemies":"2 Louse","floor":1,"turns":3},{"damage":0,"enemies":"Cultist","floor":3,"turns":4},{"damage":1,"enemies":"Small Slimes","floor":4,"turns":3},{"damage":8,"enemies":"2 Fungi Beasts","floor":5,"turns":4},{"damage":27,"enemies":"Lagavulin","floor":6,"turns":9},{"damage":0,"enemies":"Looter","floor":8,"turns":2},{"damage":1,"enemies":"Exordium Thugs","floor":10,"turns":5},{"damage":0,"enemies":"Lots of Slimes","floor":13,"turns":9},{"damage":18,"enemies":"Hexaghost","floor":16,"turns":10},{"damage":36,"enemies":"3 Byrds","floor":18,"turns":7},{"damage":7,"enemies":"Chosen","floor":20,"turns":6},{"damage":31,"enemies":"Sentry and Sphere","floor":22,"turns":9},{"damage":50,"enemies":"Gremlin Leader","floor":23,"turns":7},{"damage":42,"enemies":"Cultist and Chosen","floor":25,"turns":7}],"seed_played":"-2626105329146440029","potions_obtained":[{"floor":6,"key":"Regen Potion"},{"floor":8,"key":"DistilledChaos"},{"floor":14,"key":"Fire Potion"},{"floor":14,"key":"Weak Potion"},{"floor":16,"key":"Dexterity Potion"},{"floor":18,"key":"ColorlessPotion"},{"floor":23,"key":"Fire Potion"}],"is_trial":false,"path_per_floor":["M","?","M","M","M","E","R","M","T","M","?","?","M","?","R","B",null,"M","?","M","$","M","E","R","M"],"character_chosen":"THE_SENSHI","items_purchased":["theSenshi:SailorStarFighterAssists","Bottled Flame","theSenshi:MoonTiaraMagic"],"campfire_rested":1,"item_purchase_floors":[21,21,21],"current_hp_per_floor":[76,76,76,75,67,40,40,40,40,39,39,23,68,68,68,70,82,56,56,69,69,48,8,32,0,0],"gold":103,"neow_bonus":"TEN_PERCENT_HP_BONUS","is_daily":false,"chose_seed":false,"campfire_upgraded":2,"win_rate":0.0,"timestamp":1612960529,"path_taken":["M","?","M","?","M","E","R","M","T","M","?","?","M","?","R","BOSS","M","?","M","$","M","E","R","?"],"items_purchased_type":["Card","Relic","Card"],"build_version":"2020-12-22","purchased_purges":0,"victory":false,"max_hp_per_floor":[82,82,82,82,82,82,82,82,82,82,82,82,82,82,82,82,82,82,82,82,82,82,82,82,82,82],"card_choices":[{"not_picked":["theSenshi:EncouragingSpeech","theSenshi:MoonPower"],"picked":"theSenshi:MoonPrincessHalation","floor":1},{"not_picked":["theSenshi:TuxedoSmokingBomber","theSenshi:Sidestep"],"picked":"theSenshi:SailorMarsAssists","floor":3},{"not_picked":["theSenshi:LunasBite","theSenshi:TuxedoSmokingBomber"],"picked":"theSenshi:SailorMercuryAssists","floor":4},{"not_picked":["theSenshi:EncouragingSpeech","theSenshi:SailorStarHealerAssists"],"picked":"theSenshi:CrisisMakeUp","floor":5},{"not_picked":["theSenshi:SailorV","theSenshi:SchoolBag"],"picked":"theSenshi:TallSilhouette","floor":6},{"not_picked":["theSenshi:SchoolBag","theSenshi:TallSilhouette"],"picked":"theSenshi:MoonPunch","floor":8},{"not_picked":["theSenshi:MoonPrincessHalation","theSenshi:MoonPower"],"picked":"theSenshi:MoonHealingEscalation","floor":10},{"not_picked":["theSenshi:LunaWiseMentor","theSenshi:Sidestep"],"picked":"theSenshi:SailorVenusAssists","floor":13},{"not_picked":["theSenshi:IWillPunishYou","theSenshi:SailorPlutoAssists"],"picked":"theSenshi:MoonGorgeousMeditation","floor":16},{"not_picked":["theSenshi:SteeledNerves","theSenshi:OdangoHead"],"picked":"theSenshi:Sidestep","floor":18},{"not_picked":["theSenshi:MoonHealingEscalation","theSenshi:SailorMarsAssists"],"picked":"theSenshi:SailorNeptuneAssists","floor":20},{"not_picked":["theSenshi:SailorMarsAssists","theSenshi:HesSoDreamy"],"picked":"theSenshi:MoonPunch","floor":22},{"not_picked":["theSenshi:CrisisMakeUp","theSenshi:SailorStarFighterAssists"],"picked":"theSenshi:TallSilhouette","floor":23}],"player_experience":70711,"relics_obtained":[{"floor":6,"key":"Sundial"},{"floor":9,"key":"FossilizedHelix"},{"floor":23,"key":"Calipers"}],"event_choices":[{"damage_healed":0,"gold_gain":0,"player_choice":"Forge","damage_taken":0,"max_hp_gain":0,"max_hp_loss":0,"event_name":"Accursed Blacksmith","floor":2,"gold_loss":0,"cards_upgraded":["theSenshi:MoonPrismPowerMakeUp"]},{"damage_healed":0,"gold_gain":0,"player_choice":"Ignored","damage_taken":0,"max_hp_gain":0,"max_hp_loss":0,"event_name":"Golden Wing","floor":11,"gold_loss":0},{"damage_healed":0,"gold_gain":0,"player_choice":"Entered Light","damage_taken":16,"max_hp_gain":0,"max_hp_loss":0,"event_name":"Shining Light","floor":12,"gold_loss":0,"cards_upgraded":["theSenshi:SailorKick","theSenshi:MoonHealingEscalation"]},{"damage_healed":0,"gold_gain":0,"player_choice":"Got Potions","damage_taken":0,"max_hp_gain":0,"max_hp_loss":0,"event_name":"Lab","floor":14,"gold_loss":0},{"damage_healed":0,"gold_gain":0,"player_choice":"Ignored","damage_taken":0,"max_hp_gain":0,"max_hp_loss":0,"event_name":"NoteForYourself","floor":19,"gold_loss":0}],"is_beta":false,"boss_relics":[{"not_picked":["Runic Dome","bronze:MakeshiftBattery","Fusion Hammer"]}],"items_purged_floors":[],"is_endless":false,"potions_floor_spawned":[6,8,16,18,23],"killed_by":"Cultist and Chosen","ascension_level":0}}