{"host":"je4rgfex33y123xe","time":1612936295,"event":{"mods":["BaseMod","Minty Spire (QoL Compilation)","StSLib"],"gold_per_floor":[119,69,18,37,54,84,84,117,117,145,145,161,116,71,71,175,175,189,199,199,217,235,235,235,235],"floor_reached":24,"language":"ENG","playtime":1138,"items_purged":[],"score":364,"play_id":"a0644f55-98ad-47dd-859f-5cb510df97f8","local_time":"20210209235135","is_ascension_mode":true,"campfire_choices":[{"data":"SignatureMove","floor":7,"key":"SMITH"},{"data":"TalkToTheHand","floor":11,"key":"SMITH"},{"floor":15,"key":"REST"},{"data":"WaveOfTheHand","floor":23,"key":"SMITH"}],"circlet_count":0,"master_deck":["Eruption","Vigilance","DeceiveReality","Worship","Scrawl","InnerPeace","DevaForm","Sanctity","MentalFortress","Consecrate","FlyingSleeves","SignatureMove+1","TalkToTheHand+1","ForeignInfluence","ReachHeaven","PathToVictory","Vault","Indignation+1","Consecrate","WaveOfTheHand+1"],"relics":["Pandora\u0027s Box","StoneCalendar","Letter Opener","Bottled Flame","Bag of Marbles","VioletLotus","MutagenicStrength"],"acts_visited":["Exordium","TheCity"],"potions_floor_usage":[12,12,19,21,22],"damage_taken":[{"damage":7,"enemies":"Jaw Worm","floor":1,"turns":6},{"damage":0,"enemies":"2 Louse","floor":4,"turns":2},{"damage":0,"enemies":"Cultist","floor":5,"turns":3},{"damage":24,"enemies":"Gremlin Nob","floor":6,"turns":4},{"damage":0,"enemies":"Lagavulin","floor":8,"turns":4},{"damage":22,"enemies":"3 Sentries","floor":10,"turns":7},{"damage":0,"enemies":"Lots of Slimes","floor":12,"turns":1},{"damage":0,"enemies":"The Guardian","floor":16,"turns":6},{"damage":9,"enemies":"Shell Parasite","floor":18,"turns":3},{"damage":24,"enemies":"3 Byrds","floor":19,"turns":4},{"damage":18,"enemies":"Snake Plant","floor":21,"turns":3},{"damage":6,"enemies":"Snecko","floor":22,"turns":4},{"damage":18,"enemies":"Slavers","floor":24,"turns":1}],"seed_played":"3107433925516124802","potions_obtained":[{"floor":5,"key":"Explosive Potion"},{"floor":10,"key":"Explosive Potion"},{"floor":12,"key":"StancePotion"},{"floor":16,"key":"BottledMiracle"},{"floor":19,"key":"ColorlessPotion"}],"is_trial":false,"path_per_floor":["M","?","?","M","M","E","R","E","T","E","R","M","$","?","R","B",null,"M","M","?","M","M","R","E"],"character_chosen":"WATCHER","items_purchased":["PathToVictory"],"campfire_rested":1,"item_purchase_floors":[13],"current_hp_per_floor":[65,65,65,65,65,41,41,41,41,19,19,19,19,19,40,40,64,55,31,31,13,7,7,0,0],"gold":235,"neow_bonus":"BOSS_RELIC","is_daily":false,"chose_seed":false,"campfire_upgraded":3,"win_rate":0.0,"timestamp":1612936295,"path_taken":["M","?","?","?","M","E","R","E","T","E","R","?","?","?","R","BOSS","M","M","?","M","M","R","E"],"items_purchased_type":["Card"],"build_version":"2020-12-22","purchased_purges":0,"victory":false,"max_hp_per_floor":[72,72,72,72,72,72,72,72,72,72,72,72,72,72,72,72,72,72,72,72,72,72,72,72,72],"card_choices":[{"not_picked":["ThirdEye","Crescendo"],"picked":"Consecrate","floor":1},{"not_picked":["JustLucky","Wireheading"],"picked":"FlyingSleeves","floor":4},{"not_picked":["FlurryOfBlows","Vengeance"],"picked":"SignatureMove","floor":5},{"not_picked":["Perseverance","Ragnarok"],"picked":"TalkToTheHand","floor":6},{"not_picked":["FollowUp","Indignation"],"picked":"ForeignInfluence","floor":8},{"not_picked":["Protect","Nirvana","EmptyMind"],"picked":"SKIP","floor":10},{"not_picked":["CrushJoints","Halt"],"picked":"ReachHeaven","floor":12},{"not_picked":["Establishment","Blasphemy"],"picked":"Vault","floor":16},{"not_picked":["WreathOfFlame","Indignation+1","Study"],"picked":"SKIP","floor":18},{"not_picked":["WreathOfFlame","Study"],"picked":"Indignation+1","floor":18},{"not_picked":["EmptyFist","FollowUp"],"picked":"Consecrate","floor":19},{"not_picked":["ForeignInfluence","FollowUp","Adaptation"],"picked":"SKIP","floor":21},{"not_picked":["FlyingSleeves","Vengeance"],"picked":"WaveOfTheHand","floor":22}],"player_experience":434318,"relics_obtained":[{"floor":6,"key":"Letter Opener"},{"floor":8,"key":"Bottled Flame"},{"floor":10,"key":"Bag of Marbles"}],"event_choices":[{"cards_removed":["ThirdEye"],"damage_healed":0,"gold_gain":0,"player_choice":"Card Removal","damage_taken":0,"max_hp_gain":0,"max_hp_loss":0,"event_name":"The Cleric","floor":2,"gold_loss":50},{"damage_healed":0,"gold_gain":0,"player_choice":"Paid Gold","damage_taken":0,"relics_obtained":["StoneCalendar"],"max_hp_gain":0,"max_hp_loss":0,"event_name":"WeMeetAgain","floor":3,"gold_loss":51},{"damage_healed":0,"gold_gain":0,"player_choice":"Left Gold","damage_taken":0,"max_hp_gain":0,"max_hp_loss":0,"event_name":"World of Goop","floor":14,"gold_loss":45},{"damage_healed":0,"gold_gain":0,"player_choice":"Inject Mutagens","damage_taken":0,"relics_obtained":["MutagenicStrength"],"max_hp_gain":0,"max_hp_loss":0,"event_name":"Drug Dealer","floor":20,"gold_loss":0}],"is_beta":false,"boss_relics":[{"not_picked":["SacredBark","Velvet Choker"],"picked":"VioletLotus"}],"items_purged_floors":[],"is_endless":false,"potions_floor_spawned":[5,10,12,16,19],"killed_by":"Slavers","ascension_level":5}}