{"host":"iwx63wjdqe91ab4t","time":1612985262,"event":{"mods":["AchievementEnabler","Act Like it!","Aspiration","BaseMod","BetterRewards","Downfall","Friendly Minions","Hermit","Hubris","Infinite Spire","Jorbs\u0027s Wanderer Trilogy","Marisa????????","Mimic Mod","Minty Spire (QoL Compilation)","Quick Restart","Reliquary","Replay The Spire","StSLib","The Bug Knight","The Construct","The Cursed","The Disciple","The Hierophant","The Jungle","The Necromancer","The Runesmith","The Servant 0.9.4"],"gold_per_floor":[0,13,26,46,46,46,73,98,98,111,128,157,157,157,167,167,167,167],"floor_reached":16,"language":"ENG","playtime":967,"items_purged":[],"score":118,"play_id":"b331fa8a-5a61-4029-9175-1bcf84835a49","local_time":"20210210132742","is_ascension_mode":true,"campfire_choices":[{"data":"bronze:Strike","floor":1,"key":"PURGE"},{"data":"bronze:SpaghettiCode","floor":9,"key":"SMITH"}],"circlet_count":0,"master_deck":["bronze:Strike","bronze:Strike","bronze:Defend","bronze:Defend","bronze:Defend","bronze:Replicate","bronze:Break","bronze:FindAndReplace","bronze:Backtrace","bronze:BuggyMess+1","bronze:ForLoop+1","bronze:SpaghettiCode+1","hubris:NaturalOne","bronze:Assembly","bronze:Return"],"relics":["bronze:BronzeCore","hubris:Icosahedron","Pocketwatch","Orichalcum","hubris:Towel"],"acts_visited":["Exordium"],"potions_floor_usage":[8,10,11,11,12,16],"damage_taken":[{"damage":0,"enemies":"Jaw Worm","floor":2,"turns":3},{"damage":0,"enemies":"2 Louse","floor":3,"turns":2},{"damage":0,"enemies":"Small Slimes","floor":4,"turns":1},{"damage":14,"enemies":"HollowMod:MossKnight","floor":8,"turns":6},{"damage":0,"enemies":"Gremlin Gang","floor":10,"turns":1},{"damage":0,"enemies":"3 Louse","floor":11,"turns":1},{"damage":47,"enemies":"Lagavulin","floor":12,"turns":6},{"damage":0,"enemies":"Exordium Thugs","floor":15,"turns":3},{"damage":18,"enemies":"DF_ARCHETYPE_STREAMLINE","floor":16,"turns":3}],"seed_played":"2910781467351365710","potions_obtained":[{"floor":2,"key":"PowerPotion"},{"floor":3,"key":"Explosive Potion"},{"floor":10,"key":"EntropicBrew"},{"floor":12,"key":"Flashbang"}],"is_trial":false,"path_per_floor":["R","M","M","M","?","?","T","E","R","M","M","E","?","?","M","B"],"character_chosen":"THE_AUTOMATON","items_purchased":[],"campfire_rested":0,"item_purchase_floors":[],"current_hp_per_floor":[70,70,70,70,70,70,70,56,56,56,56,9,9,9,9,0,0,0],"gold":167,"neow_bonus":"TRANSFORM_TWO_CARDS","is_daily":false,"chose_seed":false,"campfire_upgraded":1,"win_rate":0.0,"timestamp":1612985262,"path_taken":["R","M","M","M","?","?","T","E","R","M","M","E","?","?","M","BOSS"],"items_purchased_type":[],"build_version":"2020-12-22","purchased_purges":0,"victory":false,"max_hp_per_floor":[70,70,70,70,70,70,70,70,70,70,70,70,70,70,70,70,70,70],"card_choices":[{"not_picked":["bronze:WhirlingStrike","bronze:Deprecate"],"picked":"bronze:Backtrace","floor":2},{"not_picked":["bronze:Frontload","bronze:Constructor","bronze:Separator"],"picked":"SKIP","floor":3},{"not_picked":["bronze:Safeguard","bronze:CloningBeam"],"picked":"bronze:BuggyMess","floor":4},{"not_picked":["bronze:DelayedGuard","bronze:Repair"],"picked":"bronze:SpaghettiCode","floor":8},{"not_picked":["bronze:Turbo","bronze:Frontload","bronze:CutThrough"],"picked":"SKIP","floor":10},{"not_picked":["bronze:Branch","bronze:Invalidate","bronze:Shield"],"picked":"SKIP","floor":11},{"not_picked":["bronze:ChosenStrike","bronze:Backtrace"],"picked":"bronze:Assembly","floor":12},{"not_picked":["bronze:Branch","bronze:MaxOutput"],"picked":"bronze:Return","floor":15}],"player_experience":286378,"relics_obtained":[{"floor":8,"key":"Pocketwatch"},{"floor":12,"key":"Orichalcum"}],"event_choices":[],"is_beta":false,"boss_relics":[],"items_purged_floors":[],"is_endless":false,"potions_floor_spawned":[2,3,10,12],"killed_by":"DF_ARCHETYPE_STREAMLINE","ascension_level":1}}