{"host":"8p8mq6wqs4l9r8vf","time":1612977774,"event":{"mods":["BaseMod","Colored Powertips","Minty Spire (QoL Compilation)","Replay The Spire","StSLib"],"gold_per_floor":[116,116,116,128,145,145,164,178,204,216,391,391,403,17,17,114,114,127,138,138,138,138],"floor_reached":21,"language":"RUS","playtime":575,"items_purged":[],"score":173,"play_id":"02a2cb43-3daf-4cca-b6e7-70cd6b941e04","local_time":"20210210222254","is_ascension_mode":false,"campfire_choices":[{"data":"Hemokinesis","floor":6,"key":"SMITH"},{"floor":15,"key":"REST"}],"circlet_count":0,"master_deck":["Strike_R+1","Strike_R+1","Strike_R","Strike_R","Strike_R","Defend_R","Defend_R","Defend_R","Defend_R","Bash","ReplayTheSpireMod:Limb From Limb+1","Hemokinesis+1","Body Slam","Life Link","Feel No Pain","Rampage","Doubt","Intimidate","Replay:BasicMightCard","Feed","Run Through","Replay:Undeath\u0027s Touch+1"],"relics":["SacredBark","Whetstone","Sling","Pen Nib","Replay:Bronze Core"],"acts_visited":["Exordium","TheCity"],"potions_floor_usage":[13,16,16],"damage_taken":[{"damage":11,"enemies":"Jaw Worm","floor":1,"turns":2},{"damage":6,"enemies":"Cultist","floor":4,"turns":3},{"damage":5,"enemies":"Small Slimes","floor":5,"turns":3},{"damage":9,"enemies":"Blue Slaver","floor":7,"turns":2},{"damage":15,"enemies":"Exordium Thugs","floor":8,"turns":4},{"damage":26,"enemies":"Exordium Wildlife","floor":10,"turns":5},{"damage":6,"enemies":"3 Louse","floor":13,"turns":3},{"damage":23,"enemies":"Hexaghost","floor":16,"turns":9},{"damage":35,"enemies":"Shell Parasite","floor":18,"turns":5},{"damage":17,"enemies":"Spheric Guardian","floor":19,"turns":4},{"damage":29,"enemies":"Shelled Parasite and Fungi","floor":21,"turns":3}],"seed_played":"-4721076482535676120","potions_obtained":[{"floor":1,"key":"Strength Potion"},{"floor":4,"key":"SpeedPotion"},{"floor":5,"key":"EssenceOfSteel"},{"floor":16,"key":"Adrenaline Potion"},{"floor":18,"key":"BlessingOfTheForge"}],"is_trial":false,"path_per_floor":["M","?","?","M","M","R","M","M","T","M","?","?","M","$","R","B",null,"M","M","?","M"],"character_chosen":"IRONCLAD","items_purchased":["Replay:BasicMightCard","Sling","Pen Nib"],"campfire_rested":1,"item_purchase_floors":[14,14,14],"current_hp_per_floor":[69,69,69,63,58,58,49,34,34,8,8,8,2,2,26,3,80,45,28,28,0,0],"gold":138,"neow_bonus":"BOSS_RELIC","is_daily":false,"chose_seed":false,"campfire_upgraded":1,"win_rate":0.0,"timestamp":1612977774,"path_taken":["M","?","?","?","M","R","M","M","T","M","?","?","?","?","R","BOSS","M","M","?","M"],"items_purchased_type":["Card","Relic","Relic"],"build_version":"2020-12-22","purchased_purges":0,"victory":false,"max_hp_per_floor":[80,80,80,80,80,80,80,80,80,80,80,80,80,80,80,80,80,80,80,80,80,80],"card_choices":[{"not_picked":["Rupture","True Grit"],"picked":"ReplayTheSpireMod:Limb From Limb","floor":1},{"not_picked":["ReplayTheSpireMod:Corrosion Curse","Cleave"],"picked":"Hemokinesis","floor":4},{"not_picked":["Bloodletting","Burning Pact"],"picked":"Body Slam","floor":5},{"not_picked":["Defy Death","Entrench"],"picked":"Life Link","floor":7},{"not_picked":["Entrench","True Grit"],"picked":"Feel No Pain","floor":8},{"not_picked":["Bloodletting","Armaments"],"picked":"Rampage","floor":10},{"not_picked":["Flex","Life Link"],"picked":"Intimidate","floor":13},{"not_picked":["Demonic Infusion","Barricade"],"picked":"Feed","floor":16},{"not_picked":["Heavy Blade","Entrench+1"],"picked":"Run Through","floor":18},{"not_picked":["Intimidate+1","ReplayTheSpireMod:Strike From Hell"],"picked":"Replay:Undeath\u0027s Touch+1","floor":19}],"player_experience":47688,"relics_obtained":[{"floor":9,"key":"Whetstone"}],"event_choices":[{"damage_healed":0,"gold_gain":0,"player_choice":"Grow","damage_taken":0,"max_hp_gain":0,"max_hp_loss":0,"event_name":"Living Wall","floor":2,"gold_loss":0,"cards_upgraded":["ReplayTheSpireMod:Limb From Limb"]},{"damage_healed":0,"gold_gain":0,"player_choice":"1 cards matched","damage_taken":0,"max_hp_gain":0,"max_hp_loss":0,"event_name":"Match and Keep!","floor":3,"gold_loss":0,"cards_obtained":["Defy Death"]},{"damage_healed":0,"gold_gain":175,"player_choice":"AGREE","damage_taken":0,"max_hp_gain":0,"max_hp_loss":0,"event_name":"Liars Game","floor":11,"gold_loss":0,"cards_obtained":["Doubt"]},{"cards_removed":["Doubt"],"damage_healed":0,"gold_gain":0,"player_choice":"Took Card","damage_taken":0,"max_hp_gain":0,"max_hp_loss":0,"event_name":"NoteForYourself","floor":12,"gold_loss":0,"cards_obtained":["Doubt"]},{"cards_removed":["Defy Death"],"damage_healed":0,"gold_gain":0,"player_choice":"Purged","damage_taken":0,"max_hp_gain":0,"max_hp_loss":0,"event_name":"Purifier","floor":20,"gold_loss":0}],"is_beta":false,"boss_relics":[{"not_picked":["Kintsugi","Abe\u0027s Treasure"],"picked":"Replay:Bronze Core"}],"items_purged_floors":[],"is_endless":false,"potions_floor_spawned":[1,4,5,16,18],"killed_by":"Shelled Parasite and Fungi","ascension_level":0}}