{"host":"3qkmyeoym75lj4wn","time":1612994733,"event":{"mods":["2.2 Compatiblity","BaseMod","Block Reminder","Colored Powertips","Highlight Path","Minty Spire (QoL Compilation)","Permanent Neow","Potion Indicator Mod","Rare Cards Sparkle","Relic Stats","StSLib","Unceasing Turn Reminder"],"gold_per_floor":[144,319,319,319,25,115,115,205,205,250,295,340,21,66,66,366,366,411,411,411,456,501,501,591,636,686,335,380,425,425,470,470,770,770,815,860,860,905,473,473,563,608,633,633,678,900,945,990,990,990],"floor_reached":51,"language":"ENG","playtime":2552,"items_purged":["Glass Knife"],"score":838,"play_id":"693534fc-ccac-4531-b454-f81d31bd88e1","local_time":"20210210220533","daily_mods":["SealedDeck","Purple Cards","Midas"],"is_ascension_mode":false,"campfire_choices":[{"floor":7,"key":"REST"},{"floor":15,"key":"REST"},{"floor":23,"key":"REST"},{"floor":32,"key":"REST"},{"floor":40,"key":"REST"},{"floor":44,"key":"REST"},{"floor":49,"key":"REST"}],"circlet_count":0,"master_deck":["FearNoEvil","Evaluate","Backflip","Slice","Blade Dance","Quick Slash","BowlingBash","PiercingWail","Backflip","Cloak And Dagger","EmptyBody","Bandage Up","Poisoned Stab","Wallop","Panacea","A Thousand Cuts","Escape Plan+1","PiercingWail","CutThroughFate","Consecrate","Noxious Fumes","Die Die Die","Panache","Noxious Fumes+1","Parasite"],"relics":["Ring of the Snake","CultistMask","ClockworkSouvenir","Snake Skull","Vajra","Centennial Puzzle","Membership Card","Question Card","Philosopher\u0027s Stone","Red Mask","PreservedInsect","MawBank","Chemical X","Orichalcum","Mummified Hand","Runic Pyramid","Pen Nib","Potion Belt","Toolbox","Bottled Flame","Bag of Preparation"],"acts_visited":["Exordium","TheCity","TheBeyond"],"potions_floor_usage":[6,8,16,18,18,21,24,33,33,38,50,50,50,50,50],"damage_taken":[{"damage":0,"enemies":"Jaw Worm","floor":1,"turns":2},{"damage":0,"enemies":"Gremlin Nob","floor":6,"turns":4},{"damage":0,"enemies":"Lagavulin","floor":8,"turns":6},{"damage":1,"enemies":"Small Slimes","floor":10,"turns":2},{"damage":0,"enemies":"Cultist","floor":11,"turns":2},{"damage":0,"enemies":"2 Fungi Beasts","floor":12,"turns":3},{"damage":0,"enemies":"Large Slime","floor":14,"turns":4},{"damage":1,"enemies":"Slime Boss","floor":16,"turns":7},{"damage":0,"enemies":"3 Byrds","floor":18,"turns":2},{"damage":5,"enemies":"Masked Bandits","floor":19,"turns":3},{"damage":0,"enemies":"2 Thieves","floor":21,"turns":3},{"damage":2,"enemies":"Snake Plant","floor":22,"turns":4},{"damage":5,"enemies":"Slavers","floor":24,"turns":4},{"damage":0,"enemies":"Chosen and Byrds","floor":25,"turns":5},{"damage":3,"enemies":"Shelled Parasite and Fungi","floor":28,"turns":3},{"damage":0,"enemies":"Centurion and Healer","floor":29,"turns":5},{"damage":0,"enemies":"3 Cultists","floor":31,"turns":4},{"damage":10,"enemies":"Collector","floor":33,"turns":10},{"damage":0,"enemies":"3 Shapes","floor":35,"turns":4},{"damage":0,"enemies":"Orb Walker","floor":36,"turns":3},{"damage":14,"enemies":"Maw","floor":38,"turns":6},{"damage":0,"enemies":"Nemesis","floor":41,"turns":4},{"damage":5,"enemies":"Sphere and 2 Shapes","floor":42,"turns":3},{"damage":0,"enemies":"4 Shapes","floor":45,"turns":4},{"damage":0,"enemies":"Spire Growth","floor":47,"turns":3},{"damage":0,"enemies":"Writhing Mass","floor":48,"turns":4},{"damage":34,"enemies":"Awakened One","floor":50,"turns":10}],"seed_played":"-5810517303651203205","potions_obtained":[{"floor":1,"key":"PowerPotion"},{"floor":10,"key":"Strength Potion"},{"floor":14,"key":"Energy Potion"},{"floor":16,"key":"Fire Potion"},{"floor":19,"key":"FearPotion"},{"floor":21,"key":"GamblersBrew"},{"floor":25,"key":"Dexterity Potion"},{"floor":35,"key":"Swift Potion"},{"floor":42,"key":"FearPotion"},{"floor":45,"key":"Dexterity Potion"}],"is_trial":false,"path_per_floor":["M","?","?","?","$","E","R","E","T","M","M","M","$","M","R","B",null,"M","?","?","M","M","R","E","M","T","$","M","M","?","M","R","B",null,"M","M","?","M","$","R","E","M","T","R","M","?","M","M","R","B",null],"character_chosen":"THE_SILENT","items_purchased":["ClockworkSouvenir","Bandage Up","PowerPotion","Membership Card","Question Card","Panacea","Chemical X","Orichalcum","Mummified Hand","CutThroughFate","LiquidBronze","DistilledChaos","Pen Nib","Potion Belt","Toolbox","Poison Potion","Dexterity Potion","FearPotion","Panache"],"campfire_rested":7,"item_purchase_floors":[5,5,5,13,13,13,27,27,27,27,27,27,39,39,39,39,39,39,39],"current_hp_per_floor":[70,70,63,63,63,67,70,70,70,70,70,70,70,70,70,69,70,70,65,65,69,70,70,67,70,70,70,67,70,70,70,70,64,70,70,70,70,60,60,70,70,69,69,70,70,70,70,70,70,40],"gold":990,"neow_bonus":"","is_daily":true,"chose_seed":false,"campfire_upgraded":0,"win_rate":0.0,"timestamp":1612994733,"path_taken":["M","?","?","?","$","E","R","E","T","?","M","M","$","M","R","BOSS","M","?","?","M","M","R","E","M","T","$","M","M","?","M","R","BOSS","M","?","?","?","$","R","E","M","T","R","?","?","M","M","R","BOSS"],"items_purchased_type":["Relic","Card","Potion","Relic","Relic","Card","Relic","Relic","Relic","Card","Potion","Potion","Relic","Relic","Relic","Potion","Potion","Potion","Card"],"build_version":"2020-12-22","purchased_purges":1,"victory":true,"max_hp_per_floor":[70,70,70,70,70,70,70,70,70,70,70,70,70,70,70,70,70,70,70,70,70,70,70,70,70,70,70,70,70,70,70,70,70,70,70,70,70,70,70,70,70,70,70,70,70,70,70,70,70,70],"relic_stats":{"counters":[27,114],"Snake Skull":[54],"PreservedInsect":47,"Pen Nib":[10],"Bag of Preparation":[8],"Orichalcum":[36],"Question Card":20,"MawBank":12,"Centennial Puzzle":[30],"Mummified Hand":[37],"Chemical X":[2],"obtain_stats":[{"Potion Belt":39,"Vajra":8,"Snake Skull":6,"PreservedInsect":24,"Pen Nib":39,"Bag of Preparation":43,"Orichalcum":27,"Question Card":13,"MawBank":26,"ClockworkSouvenir":5,"Centennial Puzzle":9,"Bottled Flame":41,"Mummified Hand":27,"Toolbox":39,"Philosopher\u0027s Stone":17,"CultistMask":4,"Red Mask":19,"Membership Card":13,"Chemical X":27,"Ring of the Snake":0,"Runic Pyramid":34},{"Potion Belt":21,"Vajra":3,"Snake Skull":2,"PreservedInsect":13,"Pen Nib":21,"Bag of Preparation":23,"Orichalcum":14,"Question Card":6,"MawBank":14,"ClockworkSouvenir":1,"Centennial Puzzle":3,"Bottled Flame":22,"Mummified Hand":14,"Toolbox":21,"Philosopher\u0027s Stone":8,"CultistMask":1,"Red Mask":10,"Membership Card":6,"Chemical X":14,"Ring of the Snake":0,"Runic Pyramid":18},{"Potion Belt":86,"Vajra":12,"Snake Skull":6,"PreservedInsect":46,"Pen Nib":86,"Bag of Preparation":93,"Orichalcum":51,"Question Card":19,"MawBank":51,"ClockworkSouvenir":2,"Centennial Puzzle":12,"Bottled Flame":90,"Mummified Hand":51,"Toolbox":86,"Philosopher\u0027s Stone":30,"CultistMask":2,"Red Mask":35,"Membership Card":19,"Chemical X":51,"Ring of the Snake":0,"Runic Pyramid":73}],"Ring of the Snake":[54]},"card_choices":[{"not_picked":["FollowUp","Dagger Throw"],"picked":"EmptyBody","floor":1},{"not_picked":["Deflect","Alpha"],"picked":"Poisoned Stab","floor":6},{"not_picked":["CarveReality","Pray","Evaluate"],"picked":"SKIP","floor":8},{"not_picked":["FlyingSleeves","Dagger Throw"],"picked":"Wallop","floor":10},{"not_picked":["EmptyBody","LikeWater","Underhanded Strike"],"picked":"SKIP","floor":11},{"not_picked":["Protect","Acrobatics","Riddle With Holes"],"picked":"SKIP","floor":12},{"not_picked":["Outmaneuver","ClearTheMind","Unload","Sucker Punch"],"picked":"SKIP","floor":14},{"not_picked":["After Image","Establishment","Phantasmal Killer"],"picked":"A Thousand Cuts","floor":16},{"not_picked":["EmptyMind","WindmillStrike","FlyingSleeves","Flying Knee"],"picked":"SKIP","floor":18},{"not_picked":["Dash","Prepared","SandsOfTime"],"picked":"Escape Plan+1","floor":19},{"not_picked":["Calculated Gamble","EmptyBody+1","FollowUp","InnerPeace"],"picked":"SKIP","floor":21},{"not_picked":["Prostrate","Deadly Poison+1","Poisoned Stab","Underhanded Strike"],"picked":"SKIP","floor":22},{"not_picked":["EmptyFist","Concentrate","Endless Agony","Flying Knee"],"picked":"SKIP","floor":24},{"not_picked":["ClearTheMind+1","Setup+1","FollowUp"],"picked":"PiercingWail","floor":25},{"not_picked":["Dodge and Roll","Underhanded Strike","Deadly Poison","Evaluate"],"picked":"SKIP","floor":28},{"not_picked":["Poisoned Stab","Backflip","Dodge and Roll","CrushJoints"],"picked":"SKIP","floor":29},{"not_picked":["Dodge and Roll+1","WindmillStrike","EmptyMind"],"picked":"Consecrate","floor":31},{"not_picked":["Burst","Omniscience","Judgement"],"picked":"Glass Knife","floor":33},{"not_picked":["FlyingSleeves","Protect","EmptyBody","SashWhip"],"picked":"SKIP","floor":35},{"not_picked":["WheelKick+1","ClearTheMind+1","LikeWater+1"],"picked":"Noxious Fumes","floor":36},{"not_picked":["Conclude+1","Blade Dance","Prostrate"],"picked":"Die Die Die","floor":38},{"not_picked":["Wraith Form v2","SpiritShield","Accuracy","BowlingBash"],"picked":"SKIP","floor":41},{"not_picked":["PathToVictory","Consecrate","Dagger Throw+1"],"picked":"Noxious Fumes+1","floor":42},{"not_picked":["Dash+1","Protect","Underhanded Strike+1","Cloak And Dagger+1"],"picked":"SKIP","floor":45},{"not_picked":["Sanctity","InnerPeace+1","Crescendo+1","Poisoned Stab+1"],"picked":"SKIP","floor":47},{"not_picked":["Collect","Deadly Poison+1","Flying Knee+1","Prepared+1"],"picked":"SKIP","floor":48}],"player_experience":1746587,"relics_obtained":[{"floor":6,"key":"Snake Skull"},{"floor":8,"key":"Vajra"},{"floor":9,"key":"Centennial Puzzle"},{"floor":19,"key":"Red Mask"},{"floor":24,"key":"PreservedInsect"},{"floor":26,"key":"MawBank"},{"floor":41,"key":"Bottled Flame"},{"floor":43,"key":"Bag of Preparation"}],"event_choices":[{"damage_healed":0,"gold_gain":175,"player_choice":"AGREE","damage_taken":0,"max_hp_gain":0,"max_hp_loss":0,"event_name":"Liars Game","floor":2,"gold_loss":0,"cards_obtained":["Doubt"]},{"cards_removed":["Doubt"],"damage_healed":0,"gold_gain":0,"player_choice":"Card Removal","damage_taken":7,"max_hp_gain":0,"max_hp_loss":0,"event_name":"Golden Wing","floor":3,"gold_loss":0},{"damage_healed":0,"gold_gain":0,"player_choice":"Trade","damage_taken":0,"relics_obtained":["CultistMask"],"max_hp_gain":0,"max_hp_loss":0,"event_name":"FaceTrader","floor":4,"gold_loss":0},{"damage_healed":0,"gold_gain":0,"player_choice":"Fought Bandits","damage_taken":0,"max_hp_gain":0,"max_hp_loss":0,"event_name":"Masked Bandits","floor":19,"gold_loss":0},{"damage_healed":0,"gold_gain":0,"player_choice":"Ignored","damage_taken":0,"max_hp_gain":0,"max_hp_loss":0,"event_name":"Cursed Tome","floor":20,"gold_loss":0},{"damage_healed":0,"gold_gain":0,"player_choice":"Ignored","damage_taken":0,"max_hp_gain":0,"max_hp_loss":0,"event_name":"Transmorgrifier","floor":30,"gold_loss":0},{"damage_healed":0,"gold_gain":0,"player_choice":"Ignored","damage_taken":0,"max_hp_gain":0,"max_hp_loss":0,"event_name":"Transmorgrifier","floor":37,"gold_loss":0},{"damage_healed":0,"gold_gain":222,"player_choice":"Wore Mask","damage_taken":0,"max_hp_gain":0,"max_hp_loss":0,"event_name":"Tomb of Lord Red Mask","floor":46,"gold_loss":0}],"is_beta":false,"boss_relics":[{"not_picked":["Ring of the Serpent","WristBlade"],"picked":"Philosopher\u0027s Stone"},{"not_picked":["Runic Dome","Snecko Eye"],"picked":"Runic Pyramid"}],"items_purged_floors":[39],"is_endless":false,"potions_floor_spawned":[1,10,14,16,19,21,25,28,31,35,42,45,48],"ascension_level":0}}