{"host":"ln8zowmpyx5bxamj","time":1612935564,"event":{"mods":["Act Like it!","BaseMod","Colored Map","Conspire","Gensokyo","GifTheSpireLib","Hallownest","Hubris","Minty Spire (QoL Compilation)","Permanent Neow","Replay The Spire","StSLib","Uncapped","Yuyuko"],"gold_per_floor":[119,119,131,55,1,1,34,34,79,79,79,79,91,101,101,204,204,216,226,226,0,18,18,51,51,77,107,123,123,123,140,140,236,236,254,270,290,99,19,44,64,93,93,93,121,140,210,221,221,221],"floor_reached":51,"language":"ENG","playtime":9066,"items_purged":[],"score":800,"play_id":"3e1fb95a-6067-426e-baf6-f75f7b7d30eb","local_time":"20210209233924","is_ascension_mode":false,"campfire_choices":[{"data":"Immigrant Phantom","floor":6,"key":"SMITH"},{"data":"Elegance","floor":10,"key":"SMITH"},{"data":"City of Death","floor":12,"key":"SMITH"},{"data":"Phantom Gift","floor":23,"key":"SMITH"},{"data":"Sakura Ward","floor":29,"key":"SMITH"},{"data":"Snow","floor":32,"key":"SMITH"},{"data":"Nihility","floor":44,"key":"SMITH"},{"data":"Past Graveyard","floor":49,"key":"SMITH"}],"circlet_count":0,"master_deck":["Fantasy Butterflies","Fantasy Butterflies","Fantasy Butterflies","Fantasy Butterflies","Fantasy Butterflies","Dreamy Sakura","Dreamy Sakura","Dreamy Sakura","Dreamy Sakura","Dreamy Sakura","Faramita\u0027s Temptation","Ghost Spot","Bloom","Immigrant Phantom+1","Elegance+1","Hallownest:skillLeafShield","Hallownest:skillLeafShield","Hallownest:skillLeafShield","Hallownest:skillLeafShield","Hallownest:skillLeafShield","Butterflies Rainbow+1","Ticket to Heaven","Serene Spring+1","Sakura Ward+1","Phantom Gift+1","Sweet of Phantom","Dying Butterflies+1","hubris:DuctTapeCard","Snow+1","Full Moon","Mirror of Mind","Wandering Soul+1","Reverse The Screen+1","Butterflies Rainbow","Panache","Hallownest:attackMasterDashSlash","Phantom Gift","Nihility+1","Past Graveyard+1","Ghostdom Sakura+1","Butterflies Rainbow+1","Wandering Soul+1"],"relics":["Coronal","Yuyuko\u0027s fan","Hallownest:DreamNailRelic","Bronze Scales","Art of War","Black Star","MealTicket","Smiling Mask","Mercury Hourglass","Red Mask","Centennial Puzzle","Bird Faced Urn","hubris:DuctTape","hubris:ScarierMask","Potion Belt","Gambling Chip","conspire:TopHat","Trip to Hell","Trap Lamp","White Beast Statue","hubris:TenFootPole","Replay:Bottled Steam"],"acts_visited":["Exordium","Hallownest:Greenpath","Hallownest:CityofTears"],"potions_floor_usage":[7,7,16,35,36,37,40,40,48],"damage_taken":[{"damage":30,"enemies":"Hallownest:2_Baldur","floor":1,"turns":6},{"damage":4,"enemies":"Hallownest:monsterHuskWarrior","floor":3,"turns":4},{"damage":23,"enemies":"Hallownest:eliteMossKnight","floor":7,"turns":6},{"damage":9,"enemies":"Hallownest:2_Tiktiks_and_1_Crawlid","floor":13,"turns":3},{"damage":19,"enemies":"Hallownest:1_Ooma_and_2_Uuma","floor":14,"turns":4},{"damage":46,"enemies":"Hallownest:BossFalseKnight","floor":16,"turns":9},{"damage":35,"enemies":"Hallownest:Guard_and_Sentry","floor":18,"turns":5},{"damage":14,"enemies":"Hallownest:3_Youths","floor":19,"turns":6},{"damage":30,"enemies":"Hallownest:Master_and_Novice","floor":22,"turns":5},{"damage":24,"enemies":"Hallownest:eliteSoulWarrior","floor":24,"turns":8},{"damage":29,"enemies":"Hallownest:eliteWatcherKnight","floor":27,"turns":10},{"damage":24,"enemies":"Hallownest:monsterShrumalOgre","floor":28,"turns":6},{"damage":9,"enemies":"Hallownest:Warrior_and_Youth","floor":31,"turns":3},{"damage":59,"enemies":"Hallownest:BossGrimm","floor":33,"turns":7},{"damage":5,"enemies":"Hallownest:Shield_Heavy","floor":35,"turns":4},{"damage":45,"enemies":"Hallownest:3_Siblings","floor":36,"turns":10},{"damage":19,"enemies":"Hallownest:2_Soldiers_and_1_Guardian","floor":37,"turns":7},{"damage":21,"enemies":"Hallownest:eliteCollector","floor":40,"turns":11},{"damage":26,"enemies":"Hallownest:Slobbering_and_Violent","floor":41,"turns":5},{"damage":32,"enemies":"Hallownest:eliteHiveKnight","floor":42,"turns":8},{"damage":49,"enemies":"Hallownest:eliteCollector","floor":45,"turns":8},{"damage":6,"enemies":"Hallownest:2_Great","floor":46,"turns":6},{"damage":41,"enemies":"Hallownest:Xero_Hu_Marmu","floor":48,"turns":6},{"damage":81,"enemies":"Hallownest:BossGreyPrinceZote","floor":50,"turns":13}],"seed_played":"6075196622049526732","potions_obtained":[{"floor":1,"key":"Ancient Potion"},{"floor":3,"key":"ColorlessPotion"},{"floor":14,"key":"Ancient Potion"},{"floor":27,"key":"Dexterity Potion"},{"floor":28,"key":"Energy Potion"},{"floor":31,"key":"Swift Potion"},{"floor":35,"key":"Elixir"},{"floor":36,"key":"Regen Potion"},{"floor":37,"key":"Explosive Potion"},{"floor":45,"key":"SkillPotion"},{"floor":46,"key":"Firefly"},{"floor":48,"key":"SteroidPotion"}],"is_trial":false,"path_per_floor":["M","?","M","$","$","R","E","$","T","R","?","R","M","M","R_BF","B",null,"M","M","?","$","M","R","E","?","T","E","M","R","?","M","R","B",null,"M","M","M","$","?","E","M","E","T","R","E","M","T","M","R_BF","B",null],"character_chosen":"YUYOKO","items_purchased":["Immigrant Phantom","Elegance","Phantom Gift","MealTicket","Panache"],"campfire_rested":0,"item_purchase_floors":[4,5,21,21,38],"current_hp_per_floor":[31,31,36,36,36,36,33,33,33,33,33,33,32,35,40,25,40,28,32,28,28,22,22,30,30,30,22,22,22,36,37,37,6,40,36,30,33,40,40,29,35,32,32,32,23,34,34,31,31,23],"gold":221,"neow_bonus":"ONE_RANDOM_RARE_CARD","is_daily":false,"chose_seed":false,"campfire_upgraded":8,"win_rate":0.0,"timestamp":1612935564,"path_taken":["M","?","?","?","$","R","E","$","T","R","?","R","M","?","R_BF","BOSS","M","M","?","$","M","R","E","?","T","E","M","R","?","M","R","BOSS","M","M","?","$","?","E","M","E","T","R","E","M","?","M","R_BF","BOSS"],"items_purchased_type":["Card","Card","Card","Relic","Card"],"build_version":"2020-12-22","purchased_purges":0,"victory":true,"max_hp_per_floor":[40,40,40,40,40,40,40,40,40,40,40,40,40,40,40,40,40,40,40,40,40,40,40,40,40,40,40,40,40,40,40,40,40,40,40,40,40,40,40,40,40,40,40,40,40,40,40,40,40,40],"card_choices":[{"not_picked":["Unknown Petal","Gather the Spring"],"picked":"Dying Butterflies","floor":1},{"not_picked":["Butterflies in Dream","Stifle"],"picked":"Bloom","floor":3},{"not_picked":["Infinite Sin","Postpone Bloom"],"picked":"City of Death","floor":7},{"not_picked":["Suicide","Gauzy Sakura","End of Faramita"],"picked":"SKIP","floor":13},{"not_picked":["Wandering Soul","Sweet of Phantom"],"picked":"Butterflies Rainbow","floor":14},{"not_picked":["Dream of Spring","Supernatural Nether"],"picked":"Ticket to Heaven","floor":16},{"not_picked":["Spear of Papilio","Dancing Soul+1"],"picked":"Serene Spring+1","floor":18},{"not_picked":["Trap Lamp","All Wander"],"picked":"Sakura Ward","floor":19},{"not_picked":["Become Phantom","Elegance"],"picked":"Sweet of Phantom","floor":22},{"not_picked":["All Wander","Fondling of Papilio"],"picked":"Dying Butterflies+1","floor":24},{"not_picked":["Unstable Ward","Butterflies in Dream+1"],"picked":"Snow","floor":27},{"not_picked":["Sweet of Phantom","Serene Spring"],"picked":"Full Moon","floor":28},{"not_picked":["Scenery of Papilio","Infinite Sin","Become Phantom+1"],"picked":"SKIP","floor":31},{"not_picked":["Scenery of Papilio","Living to Die"],"picked":"Mirror of Mind","floor":33},{"not_picked":["Unborn Light","Become Phantom"],"picked":"Wandering Soul+1","floor":35},{"not_picked":["Phantom Butterflies+1","Bomb+1"],"picked":"Reverse The Screen+1","floor":36},{"not_picked":["Unborn Light","Spear of Papilio+1"],"picked":"Butterflies Rainbow","floor":37},{"not_picked":["Fondling of Papilio","Cerasus Subhirtella"],"picked":"Phantom Gift","floor":40},{"not_picked":["Unknown Petal","Chase The Sukhavati"],"picked":"Nihility","floor":41},{"not_picked":["Serene Spring","Become Phantom+1"],"picked":"Past Graveyard","floor":42},{"not_picked":["Unpaved Way+1","Steamed Phantom"],"picked":"Ghostdom Sakura+1","floor":45},{"not_picked":["Bomb","Steamed Phantom"],"picked":"Butterflies Rainbow+1","floor":46},{"not_picked":["Unreal","Open The Fan"],"picked":"Wandering Soul+1","floor":48}],"player_experience":317235,"relics_obtained":[{"floor":7,"key":"Bronze Scales"},{"floor":9,"key":"Art of War"},{"floor":24,"key":"Smiling Mask"},{"floor":24,"key":"Mercury Hourglass"},{"floor":26,"key":"Centennial Puzzle"},{"floor":27,"key":"Bird Faced Urn"},{"floor":27,"key":"hubris:DuctTape"},{"floor":40,"key":"Potion Belt"},{"floor":40,"key":"Gambling Chip"},{"floor":42,"key":"conspire:TopHat"},{"floor":42,"key":"Trip to Hell"},{"floor":43,"key":"Trap Lamp"},{"floor":45,"key":"White Beast Statue"},{"floor":45,"key":"hubris:TenFootPole"},{"floor":47,"key":"Replay:Bottled Steam"}],"event_choices":[],"is_beta":false,"boss_relics":[{"not_picked":["Philosopher\u0027s Stone","hubris:GrandSneckoEye"],"picked":"Black Star"},{"not_picked":["hubris:RunicObelisk","ReplayTheSpireMod:DimensionalGlitch"],"picked":"hubris:ScarierMask"}],"items_purged_floors":[],"is_endless":false,"potions_floor_spawned":[1,3,14,27,28,31,35,36,37,45,46,48],"ascension_level":0}}