{"host":"vit9b6u76k1y61sh","time":1612931943,"event":{"mods":["BaseMod","Block Reminder","Colored Powertips","Highlight Path","Minty Spire (QoL Compilation)","Quick Restart","Rare Cards Sparkle","Relic Sorter","Relic Stats","StSLib"],"gold_per_floor":[109,109,120,39,114,114,142,48,71,71,246,246,261,281,281,385,385,397,380,380,380,399,399,399,399],"floor_reached":24,"language":"ENG","playtime":863,"items_purged":[],"score":241,"play_id":"0defd42d-6450-4adb-9b3b-7bc9d85e78a7","local_time":"20210209233903","is_ascension_mode":true,"campfire_choices":[{"data":"Swift Strike","floor":6.0,"key":"SMITH"},{"data":"Good Instincts","floor":10.0,"key":"SMITH"},{"data":"Cloak And Dagger","floor":15.0,"key":"SMITH"},{"floor":23.0,"key":"REST"}],"circlet_count":0,"master_deck":["Strike_G","Strike_G","Strike_G","Defend_G","Defend_G","Defend_G","Survivor","Neutralize","Expertise","Quick Slash","Swift Strike+1","Blade Dance+1","Good Instincts+1","Doubt","Blur","Cloak And Dagger+1","Envenom","Distraction+1","Doppelganger+1","Bullet Time+1","Blade Dance","Necronomicurse","J.A.X.","Poisoned Stab"],"relics":["Ring of the Snake","NeowsBlessing","WingedGreaves","Astrolabe","Necronomicon"],"acts_visited":["Exordium","TheCity"],"potions_floor_usage":[24],"damage_taken":[{"damage":0.0,"enemies":"Cultist","floor":1.0,"turns":1.0},{"damage":0.0,"enemies":"2 Louse","floor":3.0,"turns":1.0},{"damage":0.0,"enemies":"Lagavulin","floor":7.0,"turns":1.0},{"damage":0.0,"enemies":"Small Slimes","floor":13.0,"turns":2.0},{"damage":0.0,"enemies":"2 Fungi Beasts","floor":14.0,"turns":4.0},{"damage":55.0,"enemies":"The Guardian","floor":16.0,"turns":13.0},{"damage":0.0,"enemies":"Shell Parasite","floor":18.0,"turns":6.0},{"damage":13.0,"enemies":"2 Thieves","floor":19.0,"turns":4.0},{"damage":33.0,"enemies":"Snake Plant","floor":22.0,"turns":5.0},{"damage":29,"enemies":"Gremlin Leader","floor":24,"turns":3}],"seed_played":"1530430232929252849","potions_obtained":[{"floor":3.0,"key":"SpeedPotion"},{"floor":13.0,"key":"BlessingOfTheForge"},{"floor":14.0,"key":"SneckoOil"},{"floor":16.0,"key":"Block Potion"},{"floor":22.0,"key":"PowerPotion"}],"is_trial":false,"path_per_floor":["M","?","M","$","?","R","E","$","T","R","?","?","M","M","R","B",null,"M","M","?","?","M","R","E"],"character_chosen":"THE_SILENT","items_purchased":["Swift Strike","Good Instincts"],"campfire_rested":1,"item_purchase_floors":[4,8],"current_hp_per_floor":[70,70,70,70,59,59,59,59,59,59,59,59,59,59,59,4,70,70,57,41,41,8,29,0,0],"gold":399,"neow_bonus":"THREE_ENEMY_KILL","is_daily":false,"chose_seed":false,"campfire_upgraded":3,"win_rate":0.0,"timestamp":1612931943,"path_taken":["M","?","?","$","?","R","E","$","T","R","?","?","M","M","R","BOSS","M","?","?","?","M","R","E"],"items_purchased_type":["Card","Card"],"build_version":"2020-12-22","purchased_purges":0,"victory":false,"max_hp_per_floor":[70,70,70,70,70,70,70,70,70,70,70,70,70,70,70,70,70,70,70,70,70,70,70,70,70],"relic_stats":{"counters":[10,40],"Astrolabe":["Distraction","Doppelganger","Bullet Time"],"Necronomicon":[0],"obtain_stats":[{"NeowsBlessing":0,"Astrolabe":17,"WingedGreaves":7,"Necronomicon":20,"Ring of the Snake":0},{"NeowsBlessing":0,"Astrolabe":6,"WingedGreaves":3,"Necronomicon":8,"Ring of the Snake":0},{"NeowsBlessing":0,"Astrolabe":22,"WingedGreaves":3,"Necronomicon":32,"Ring of the Snake":0}],"Ring of the Snake":[20]},"card_choices":[{"not_picked":["Prepared","Reflex"],"picked":"Expertise","floor":1.0},{"not_picked":["PiercingWail","Acrobatics"],"picked":"Quick Slash","floor":3.0},{"not_picked":["Flying Knee","Deflect"],"picked":"Blade Dance","floor":7.0},{"not_picked":["Underhanded Strike","Malaise"],"picked":"Blur","floor":13.0},{"not_picked":["Reflex","Quick Slash"],"picked":"Cloak And Dagger","floor":14.0},{"not_picked":["Bullet Time","Doppelganger"],"picked":"Envenom","floor":16.0},{"not_picked":["Bouncing Flask+1","Outmaneuver","Dash+1"],"picked":"SKIP","floor":18.0},{"not_picked":["Dagger Throw+1","Slice"],"picked":"Blade Dance","floor":19.0},{"not_picked":["Reflex+1","Prepared"],"picked":"Poisoned Stab","floor":22.0}],"player_experience":171000,"relics_obtained":[{"floor":7.0,"key":"WingedGreaves"},{"floor":20.0,"key":"Necronomicon"}],"event_choices":[{"cards_removed":["Defend_G"],"damage_healed":0.0,"max_hp_gain":0.0,"max_hp_loss":0.0,"gold_gain":0.0,"event_name":"Bonfire Elementals","player_choice":"Offered Basic","floor":2.0,"gold_loss":0.0,"damage_taken":0.0},{"damage_healed":0.0,"max_hp_gain":0.0,"max_hp_loss":0.0,"gold_gain":75.0,"event_name":"World of Goop","player_choice":"Gather Gold","floor":5.0,"gold_loss":0.0,"damage_taken":11.0},{"damage_healed":0.0,"max_hp_gain":0.0,"max_hp_loss":0.0,"gold_gain":175.0,"event_name":"Liars Game","player_choice":"AGREE","floor":11.0,"gold_loss":0.0,"damage_taken":0.0,"cards_obtained":["Doubt"]},{"damage_healed":0.0,"max_hp_gain":0.0,"max_hp_loss":0.0,"gold_gain":0.0,"event_name":"Accursed Blacksmith","player_choice":"Forge","floor":12.0,"gold_loss":0.0,"damage_taken":0.0,"cards_upgraded":["Blade Dance"]},{"damage_healed":0.0,"max_hp_gain":0.0,"max_hp_loss":0.0,"gold_gain":0.0,"event_name":"Cursed Tome","player_choice":"Obtained Book","floor":20.0,"gold_loss":0.0,"damage_taken":16.0},{"damage_healed":0.0,"max_hp_gain":0.0,"max_hp_loss":0.0,"gold_gain":0.0,"event_name":"Drug Dealer","player_choice":"Obtain J.A.X.","floor":21.0,"gold_loss":0.0,"damage_taken":0.0,"cards_obtained":["J.A.X."]}],"is_beta":false,"boss_relics":[{"not_picked":["Runic Pyramid","Cursed Key"],"picked":"Astrolabe"}],"items_purged_floors":[],"is_endless":false,"potions_floor_spawned":[3,13,14,16,22],"killed_by":"Gremlin Leader","ascension_level":2}}