{"host":"snczp9esof91ppiq","time":1612935706,"event":{"mods":["AchievementEnabler","BaseMod","Better Match","Better Note","Better Sensory Stone","Better Skull","Colored Map","Colored Powertips","Hermit","Minty Spire (QoL Compilation)","Relic Stats","StSLib"],"gold_per_floor":[119,44,55,55,55,55,93,93,93,43,66,102,118,136,136,226,226,246,265,280,304,304,304,344,344,344,375,290,290,8,27,27,120,120,141,154,167,0,333,333,367,367,391,422,440,452,462,475,475,475],"floor_reached":51,"language":"ENG","playtime":4356,"items_purged":["Defend_R","Strike_R"],"score":1245,"play_id":"82a3b96e-c7e6-4836-9318-5d42c28a5b7b","local_time":"20210209234146","is_ascension_mode":true,"campfire_choices":[{"floor":6.0,"key":"REST"},{"data":"Whirlwind","floor":8.0,"key":"SMITH"},{"data":"Disarm","floor":15.0,"key":"SMITH"},{"floor":23.0,"key":"RECALL"},{"floor":25.0,"key":"REST"},{"floor":32.0,"key":"REST"},{"floor":40.0,"key":"REST"},{"floor":42.0,"key":"REST"},{"floor":49,"key":"REST"}],"circlet_count":0,"master_deck":["AscendersBane","Strike_R","Strike_R","Strike_R","Strike_R+1","Defend_R+1","Defend_R","Bash","Ghostly Armor","Shrug It Off","Whirlwind+1","Clothesline","Thunderclap","Thunderclap","Shrug It Off","Battle Trance","Disarm+1","Demon Form","Armaments+1","Heavy Blade","Heavy Blade+1","Flex","Feed","Clothesline","Shockwave","Twin Strike+1","Demon Form","Burning Pact","Sentinel","Whirlwind+1","Juggernaut","Sword Boomerang+1","Ghostly Armor+1","Body Slam+1"],"relics":["Burning Blood","Strawberry","Meat on the Bone","Eternal Feather","Fusion Hammer","Red Skull","Paper Frog","Toy Ornithopter","Akabeko","White Beast Statue","ClockworkSouvenir","Runic Pyramid","Red Mask","Sundial","Bag of Marbles","Question Card"],"acts_visited":["Exordium","TheCity","TheBeyond"],"potions_floor_usage":[46,47,48,50],"damage_taken":[{"damage":0.0,"enemies":"Cultist","floor":1.0,"turns":4.0},{"damage":0.0,"enemies":"Small Slimes","floor":3.0,"turns":4.0},{"damage":32.0,"enemies":"Gremlin Nob","floor":7.0,"turns":4.0},{"damage":0.0,"enemies":"2 Louse","floor":11.0,"turns":2.0},{"damage":27.0,"enemies":"3 Sentries","floor":12.0,"turns":6.0},{"damage":7.0,"enemies":"Blue Slaver","floor":13.0,"turns":4.0},{"damage":18.0,"enemies":"Lots of Slimes","floor":14.0,"turns":3.0},{"damage":34.0,"enemies":"Slime Boss","floor":16.0,"turns":10.0},{"damage":0.0,"enemies":"Chosen","floor":18.0,"turns":5.0},{"damage":0.0,"enemies":"3 Byrds","floor":19.0,"turns":5.0},{"damage":0.0,"enemies":"3 Cultists","floor":20.0,"turns":4.0},{"damage":19.0,"enemies":"Snecko","floor":21.0,"turns":6.0},{"damage":25.0,"enemies":"Gremlin Leader","floor":24.0,"turns":6.0},{"damage":46.0,"enemies":"Slavers","floor":27.0,"turns":5.0},{"damage":19.0,"enemies":"Snake Plant","floor":31.0,"turns":4.0},{"damage":56.0,"enemies":"Collector","floor":33.0,"turns":8.0},{"damage":12.0,"enemies":"3 Shapes","floor":35.0,"turns":4.0},{"damage":23.0,"enemies":"3 Darklings","floor":36.0,"turns":4.0},{"damage":18.0,"enemies":"Sphere and 2 Shapes","floor":37.0,"turns":2.0},{"damage":56.0,"enemies":"Reptomancer","floor":41.0,"turns":8.0},{"damage":74.0,"enemies":"Giant Head","floor":44.0,"turns":8.0},{"damage":4.0,"enemies":"Spire Growth","floor":45.0,"turns":4.0},{"damage":19,"enemies":"Maw","floor":46,"turns":5},{"damage":10,"enemies":"Sphere and 2 Shapes","floor":47,"turns":4},{"damage":3,"enemies":"Spire Growth","floor":48,"turns":4},{"damage":86,"enemies":"Awakened One","floor":50,"turns":10}],"seed_played":"2333968356414870967","potions_obtained":[{"floor":7.0,"key":"Ancient Potion"},{"floor":14.0,"key":"Weak Potion"},{"floor":16.0,"key":"Ancient Potion"},{"floor":19.0,"key":"SkillPotion"},{"floor":20.0,"key":"DistilledChaos"},{"floor":24.0,"key":"Dexterity Potion"},{"floor":31.0,"key":"BloodPotion"},{"floor":33.0,"key":"DuplicationPotion"},{"floor":35.0,"key":"EssenceOfSteel"},{"floor":36.0,"key":"BloodPotion"},{"floor":37.0,"key":"Regen Potion"},{"floor":41.0,"key":"Fruit Juice"},{"floor":44.0,"key":"DistilledChaos"},{"floor":45.0,"key":"Dexterity Potion"},{"floor":46,"key":"Swift Potion"},{"floor":47,"key":"Swift Potion"},{"floor":48,"key":"Energy Potion"}],"is_trial":false,"path_per_floor":["M","$","M","?","?","R","E","R","T","$","M","E","M","M","R","B",null,"M","M","M","M","?","R","E","R","T","E","?","T","$","M","R","B",null,"M","M","M","?","?","R","E","R","T","E","M","M","M","M","R","B",null],"character_chosen":"IRONCLAD","items_purchased":["Thunderclap","ClockworkSouvenir","Shockwave"],"campfire_rested":6,"item_purchase_floors":[10,30,30],"current_hp_per_floor":[78,78,80,60,44,68,49,49,49,49,55,46,57,57,66,50,78,84,87,87,74,74,86,67,87,87,62,62,62,62,64,93,69,89,83,71,64,64,64,96,86,96,96,53,70,66,67,75,111,43],"gold":475,"neow_bonus":"TRANSFORM_CARD","is_daily":false,"chose_seed":false,"campfire_upgraded":2,"win_rate":0.0,"timestamp":1612935706,"path_taken":["M","$","?","?","?","R","E","R","T","?","M","E","M","?","R","BOSS","M","M","M","M","?","R","E","R","T","E","?","?","$","M","R","BOSS","M","M","M","?","?","R","E","R","T","E","M","M","M","M","R","BOSS"],"items_purchased_type":["Card","Relic","Card"],"build_version":"2020-12-22","purchased_purges":2,"victory":true,"max_hp_per_floor":[80,80,80,80,80,80,87,87,87,87,87,87,87,87,87,87,87,87,87,87,87,87,87,87,87,87,90,90,90,90,93,93,96,96,96,96,96,96,96,96,96,96,96,104,107,111,111,111,111,111],"relic_stats":{"counters":[26,133],"Sundial":[0],"Eternal Feather":94,"Question Card":4,"obtain_stats":[{"Golden Idol":4,"Eternal Feather":12,"Question Card":44,"Burning Blood":0,"Akabeko":28,"White Beast Statue":29,"ClockworkSouvenir":30,"Sundial":41,"Strawberry":7,"Fusion Hammer":17,"Red Mask":38,"Bag of Marbles":43,"Red Skull":24,"Toy Ornithopter":27,"Meat on the Bone":9,"Paper Frog":26,"Runic Pyramid":34},{"Golden Idol":2,"Eternal Feather":5,"Question Card":21,"Burning Blood":0,"Akabeko":14,"White Beast Statue":14,"ClockworkSouvenir":14,"Sundial":20,"Strawberry":3,"Fusion Hammer":8,"Red Mask":19,"Bag of Marbles":20,"Red Skull":13,"Toy Ornithopter":14,"Meat on the Bone":3,"Paper Frog":13,"Runic Pyramid":16},{"Golden Idol":8,"Eternal Feather":20,"Question Card":106,"Burning Blood":0,"Akabeko":68,"White Beast Statue":68,"ClockworkSouvenir":68,"Sundial":98,"Strawberry":12,"Fusion Hammer":37,"Red Mask":90,"Bag of Marbles":98,"Red Skull":63,"Toy Ornithopter":68,"Meat on the Bone":12,"Paper Frog":63,"Runic Pyramid":80}],"Burning Blood":143,"Toy Ornithopter":45,"Meat on the Bone":108},"card_choices":[{"not_picked":["Body Slam","Anger"],"picked":"Shrug It Off","floor":1.0},{"not_picked":["Seeing Red","Combust"],"picked":"Whirlwind","floor":3.0},{"not_picked":["Seeing Red","Bloodletting"],"picked":"Clothesline","floor":7.0},{"not_picked":["Clothesline","Reckless Charge"],"picked":"Thunderclap","floor":11.0},{"not_picked":["Heavy Blade","Offering"],"picked":"Shrug It Off","floor":12.0},{"not_picked":["Sever Soul","Armaments"],"picked":"Battle Trance","floor":13.0},{"not_picked":["Pommel Strike","Heavy Blade"],"picked":"Disarm","floor":14.0},{"not_picked":["Offering","Brutality"],"picked":"Demon Form","floor":16.0},{"not_picked":["Body Slam","Headbutt+1"],"picked":"Armaments+1","floor":18.0},{"not_picked":["Iron Wave","Clash"],"picked":"Heavy Blade","floor":19.0},{"not_picked":["Metallicize","Berserk"],"picked":"Heavy Blade+1","floor":20.0},{"not_picked":["Sentinel","Twin Strike"],"picked":"Flex","floor":21.0},{"not_picked":["Flame Barrier","Anger+1"],"picked":"Feed","floor":24.0},{"not_picked":["Sword Boomerang","Dark Embrace"],"picked":"Clothesline","floor":27.0},{"not_picked":["Inflame","Iron Wave"],"picked":"Twin Strike+1","floor":31.0},{"not_picked":["Reaper","Juggernaut"],"picked":"Demon Form","floor":33.0},{"not_picked":["Second Wind+1","Carnage+1"],"picked":"Burning Pact","floor":35.0},{"not_picked":["Dark Embrace","Hemokinesis"],"picked":"Sentinel","floor":36.0},{"not_picked":["Havoc","Cleave"],"picked":"Whirlwind+1","floor":37.0},{"not_picked":["Clash","Evolve"],"picked":"Juggernaut","floor":41.0},{"not_picked":["Rage","Rampage"],"picked":"Sword Boomerang+1","floor":44.0},{"not_picked":["Hemokinesis","Perfected Strike","Headbutt"],"picked":"Ghostly Armor+1","floor":45.0},{"not_picked":["Wild Strike","Entrench","Body Slam","Shrug It Off+1"],"picked":"SKIP","floor":46},{"not_picked":["Havoc","Power Through","Dark Embrace","Evolve"],"picked":"SKIP","floor":47},{"not_picked":["Dual Wield","Seeing Red","Flex"],"picked":"Body Slam+1","floor":48}],"player_experience":908077,"relics_obtained":[{"floor":7.0,"key":"Strawberry"},{"floor":9.0,"key":"Meat on the Bone"},{"floor":12.0,"key":"Eternal Feather"},{"floor":24.0,"key":"Red Skull"},{"floor":26.0,"key":"Paper Frog"},{"floor":27.0,"key":"Toy Ornithopter"},{"floor":29.0,"key":"White Beast Statue"},{"floor":41.0,"key":"Sundial"},{"floor":43.0,"key":"Bag of Marbles"},{"floor":44.0,"key":"Question Card"}],"event_choices":[{"damage_healed":0.0,"max_hp_gain":0.0,"max_hp_loss":0.0,"gold_gain":0.0,"event_name":"Golden Idol","player_choice":"Take Damage","floor":4.0,"gold_loss":0.0,"damage_taken":20.0,"relics_obtained":["Golden Idol"]},{"damage_healed":0.0,"max_hp_gain":0.0,"max_hp_loss":0.0,"gold_gain":0.0,"event_name":"Shining Light","player_choice":"Entered Light","floor":5.0,"gold_loss":0.0,"damage_taken":16.0,"cards_upgraded":["Defend_R","Strike_R"]},{"cards_removed":["Strike_R"],"damage_healed":0.0,"max_hp_gain":0.0,"max_hp_loss":0.0,"gold_gain":0.0,"event_name":"betterNote:BetterNote","player_choice":"Give","floor":22.0,"gold_loss":0.0,"damage_taken":0.0,"cards_obtained":["Defend_R"]},{"damage_healed":0.0,"max_hp_gain":0.0,"max_hp_loss":0.0,"gold_gain":0.0,"event_name":"Addict","player_choice":"Obtained Relic","floor":28.0,"gold_loss":85.0,"damage_taken":0.0,"relics_obtained":["Akabeko"]},{"damage_healed":0.0,"max_hp_gain":0.0,"max_hp_loss":0.0,"gold_gain":0.0,"event_name":"Tomb of Lord Red Mask","player_choice":"Paid","floor":38.0,"gold_loss":167.0,"damage_taken":0.0,"relics_obtained":["Red Mask"]},{"damage_healed":0.0,"max_hp_gain":0.0,"max_hp_loss":0.0,"gold_gain":333.0,"event_name":"The Moai Head","player_choice":"Gave Idol","floor":39.0,"relics_lost":["Golden Idol"],"gold_loss":0.0,"damage_taken":0.0}],"is_beta":false,"boss_relics":[{"not_picked":["SlaversCollar","Cursed Key"],"picked":"Fusion Hammer"},{"not_picked":["Black Blood","Runic Dome"],"picked":"Runic Pyramid"}],"items_purged_floors":[2,30],"is_endless":false,"potions_floor_spawned":[7,14,16,19,20,24,31,33,35,36,37,41,44,45,46,47,48],"ascension_level":13}}