{"host":"egwexuw5uvnxf11j","time":1612919478,"event":{"mods":["2.2 Compatiblity","Aspiration","BaseMod","Better Altar","Better Note","Better Sensory Stone","Better Third Choice","Displayed Cursed Tome","Downfall","Hermit","Key Reminder","Koishi","Marisa????????","Minty Spire (QoL Compilation)","Quick Restart","Shade Mod","Spicy Shops","StSLib","The Construct","The Cursed","The Hierophant","The Runesmith","The Senshi","The Servant 0.9.4","Transform Curses"],"gold_per_floor":[110,87,112,123,123,153,168,168,168,193,203,237,237,237,237,338,338,349,1,1,14,25,25,25],"floor_reached":23,"language":"ENG","playtime":1067,"items_purged":[],"score":257,"play_id":"dc7eab4f-62c8-4c4b-bd47-7a7ba8c67eee","local_time":"20210209201118","is_ascension_mode":true,"campfire_choices":[{"data":"Finisher","floor":8,"key":"SMITH"},{"floor":15,"key":"REST"}],"circlet_count":0,"master_deck":["Strike_G","Strike_G","Strike_G","Strike_G","Defend_G","Defend_G+1","Defend_G","Defend_G","Defend_G+1","Survivor","Neutralize","Finisher+1","Underhanded Strike","Predator+1","Crippling Poison","Acrobatics","Sucker Punch","Underhanded Strike","Flechettes","Glass Knife","Blade Dance","Cloak And Dagger","Masterful Stab","Catalyst","Dagger Spray+1","Calculated Gamble"],"relics":["Ring of the Snake","NeowsBlessing","Omamori","Singing Bowl","Letter Opener","War Paint","Centennial Puzzle","keyreminder:keyreminder","aspiration:MobileForge","Runesmith:Nanobots"],"acts_visited":["Exordium","TheCity"],"potions_floor_usage":[10,12,16,23],"damage_taken":[{"damage":0,"enemies":"Cultist","floor":1,"turns":1},{"damage":0,"enemies":"Jaw Worm","floor":4,"turns":1},{"damage":0,"enemies":"Lagavulin","floor":6,"turns":1},{"damage":0,"enemies":"2 Louse","floor":7,"turns":2},{"damage":31,"enemies":"3 Sentries","floor":10,"turns":6},{"damage":13,"enemies":"Lots of Slimes","floor":11,"turns":6},{"damage":5,"enemies":"Lagavulin","floor":12,"turns":5},{"damage":39,"enemies":"Hexaghost","floor":16,"turns":12},{"damage":4,"enemies":"Chosen","floor":18,"turns":4},{"damage":11,"enemies":"Spheric Guardian","floor":21,"turns":3},{"damage":18,"enemies":"Snake Plant","floor":22,"turns":4},{"damage":42,"enemies":"Gremlin Leader","floor":23,"turns":5}],"seed_played":"-2588352030169328009","potions_obtained":[{"floor":1,"key":"PowerPotion"},{"floor":11,"key":"Dexterity Potion"},{"floor":12,"key":"Explosive Potion"},{"floor":21,"key":"Regen Potion"}],"is_trial":false,"path_per_floor":["M","$","T","M","?","E","M","R","T","E","M","E","?","?","R","B",null,"M","$","?","M","M","E"],"character_chosen":"THE_SILENT","items_purchased":["Underhanded Strike","Runesmith:Nanobots","Cloak And Dagger","Masterful Stab"],"campfire_rested":1,"item_purchase_floors":[2,19,19,19],"current_hp_per_floor":[70,70,70,70,70,70,70,70,70,39,26,21,38,38,59,20,70,66,66,66,55,37,0,0],"gold":25,"neow_bonus":"THREE_ENEMY_KILL","is_daily":false,"chose_seed":false,"campfire_upgraded":1,"win_rate":0.0,"timestamp":1612919478,"path_taken":["M","$","?","M","?","E","?","R","T","E","M","E","?","?","R","BOSS","M","$","?","?","M","E"],"items_purchased_type":["Card","Relic","Card","Card"],"build_version":"2020-12-22","purchased_purges":0,"victory":false,"max_hp_per_floor":[70,70,70,70,70,70,70,70,70,70,70,70,70,70,70,70,70,70,70,70,70,70,70,70],"card_choices":[{"not_picked":["Expertise","Blade Dance"],"picked":"Finisher","floor":1},{"not_picked":["Poisoned Stab","Backflip"],"picked":"Predator","floor":4},{"not_picked":["Concentrate","Underhanded Strike"],"picked":"Crippling Poison","floor":6},{"not_picked":["Footwork","Blade Dance"],"picked":"Acrobatics","floor":7},{"not_picked":["Acrobatics","Venomology"],"picked":"Sucker Punch","floor":10},{"not_picked":["Dagger Spray","Riddle With Holes"],"picked":"Underhanded Strike","floor":11},{"not_picked":["Masterful Stab","Dodge and Roll"],"picked":"Flechettes","floor":12},{"not_picked":["Unload","Adrenaline"],"picked":"Glass Knife","floor":16},{"not_picked":["Backflip","Heel Hook"],"picked":"Blade Dance","floor":18},{"not_picked":["Backflip","Poisoned Stab"],"picked":"Dagger Spray+1","floor":21},{"not_picked":["Masterful Stab","Underhanded Strike+1"],"picked":"Calculated Gamble","floor":22}],"player_experience":2329815,"relics_obtained":[{"floor":3,"key":"Omamori"},{"floor":6,"key":"Singing Bowl"},{"floor":9,"key":"Letter Opener"},{"floor":10,"key":"War Paint"},{"floor":12,"key":"Centennial Puzzle"}],"event_choices":[{"damage_healed":0,"gold_gain":0,"player_choice":"Upgraded","damage_taken":0,"max_hp_gain":0,"max_hp_loss":0,"event_name":"Upgrade Shrine","floor":5,"gold_loss":0,"cards_upgraded":["Predator"]},{"damage_healed":17,"gold_gain":0,"player_choice":"Healed and dodged fight","damage_taken":0,"max_hp_gain":0,"max_hp_loss":0,"event_name":"Mushrooms","floor":13,"gold_loss":0,"cards_obtained":["Parasite"]},{"cards_removed":["Strike_G"],"damage_healed":0,"gold_gain":0,"player_choice":"Forget","damage_taken":0,"max_hp_gain":0,"max_hp_loss":0,"event_name":"Living Wall","floor":14,"gold_loss":0},{"damage_healed":0,"gold_gain":0,"player_choice":"1 cards matched","damage_taken":0,"max_hp_gain":0,"max_hp_loss":0,"event_name":"Match and Keep!","floor":20,"gold_loss":0,"cards_obtained":["Catalyst"]}],"is_beta":false,"boss_relics":[{"not_picked":["aspiration:FutureDiary","Black Star"],"picked":"aspiration:MobileForge"}],"items_purged_floors":[],"is_endless":false,"potions_floor_spawned":[1,11,12,21],"killed_by":"Gremlin Leader","ascension_level":2}}