{"host":"3c8x8j1h2jyrixpf","time":1612994511,"event":{"mods":["BaseMod","Colored Powertips","Highlight Path","Minty Spire (QoL Compilation)","StSLib"],"gold_per_floor":[115,115,115,40,64,104,137,179,203,232,280,280,313,335,335,335,335],"floor_reached":16,"language":"ENG","playtime":517,"items_purged":["Defend_P"],"score":228,"play_id":"16b9b8f1-2040-48c9-816a-897746f33a6e","local_time":"20210210160151","is_ascension_mode":true,"campfire_choices":[{"data":"CrushJoints","floor":12,"key":"SMITH"},{"data":"JustLucky","floor":15,"key":"SMITH"}],"circlet_count":0,"master_deck":["AscendersBane","Strike_P","Strike_P","Strike_P","Defend_P","Defend_P","Defend_P","Eruption","Vigilance","CrushJoints+1","Adaptation","DeusExMachina","JustLucky+1","ThirdEye","FlurryOfBlows","Halt","Wallop","Wireheading"],"relics":["PureWater","NeowsBlessing","Golden Idol","CeramicFish","Ancient Tea Set","Bag of Marbles","Nunchaku"],"acts_visited":["Exordium"],"potions_floor_usage":[11,16],"damage_taken":[{"damage":0,"enemies":"Cultist","floor":1,"turns":1},{"damage":0,"enemies":"Small Slimes","floor":5,"turns":1},{"damage":0,"enemies":"Gremlin Nob","floor":6,"turns":1},{"damage":0,"enemies":"Jaw Worm","floor":7,"turns":3},{"damage":20,"enemies":"3 Sentries","floor":8,"turns":8},{"damage":4,"enemies":"Large Slime","floor":10,"turns":5},{"damage":16,"enemies":"Gremlin Nob","floor":11,"turns":3},{"damage":0,"enemies":"Exordium Thugs","floor":13,"turns":2},{"damage":2,"enemies":"Looter","floor":14,"turns":2},{"damage":44,"enemies":"The Guardian","floor":16,"turns":7}],"seed_played":"-6455220365300632375","potions_obtained":[{"floor":7,"key":"FairyPotion"},{"floor":10,"key":"DistilledChaos"},{"floor":13,"key":"SkillPotion"},{"floor":14,"key":"LiquidMemories"}],"is_trial":false,"path_per_floor":["M","?","?","$","M","E","M","E","T","M","E","R","M","M","R","B"],"character_chosen":"WATCHER","items_purchased":[],"campfire_rested":0,"item_purchase_floors":[],"current_hp_per_floor":[65,65,65,65,65,65,65,45,45,41,25,25,25,23,23,0,0],"gold":335,"neow_bonus":"THREE_ENEMY_KILL","is_daily":false,"chose_seed":false,"campfire_upgraded":2,"win_rate":0.0,"timestamp":1612994511,"path_taken":["M","?","?","$","M","E","M","E","T","M","E","R","?","M","R","BOSS"],"items_purchased_type":[],"build_version":"2020-12-22","purchased_purges":1,"victory":false,"max_hp_per_floor":[72,67,67,67,67,67,67,67,67,67,67,67,67,67,67,67,67],"card_choices":[{"not_picked":["Halt","ClearTheMind"],"picked":"CrushJoints","floor":1},{"not_picked":["CutThroughFate","Halt"],"picked":"Adaptation","floor":5},{"not_picked":["SashWhip","ThirdEye"],"picked":"DeusExMachina","floor":6},{"not_picked":["Evaluate","Crescendo"],"picked":"JustLucky","floor":7},{"not_picked":["PathToVictory","Evaluate"],"picked":"ThirdEye","floor":8},{"not_picked":["SashWhip","FollowUp"],"picked":"FlurryOfBlows","floor":10},{"not_picked":["BowlingBash","Evaluate"],"picked":"Halt","floor":11},{"not_picked":["SashWhip","Halt"],"picked":"Wallop","floor":13},{"not_picked":["ClearTheMind","PathToVictory"],"picked":"Wireheading","floor":14}],"player_experience":224885,"relics_obtained":[{"floor":6,"key":"CeramicFish"},{"floor":8,"key":"Ancient Tea Set"},{"floor":9,"key":"Bag of Marbles"},{"floor":11,"key":"Nunchaku"}],"event_choices":[{"damage_healed":0,"gold_gain":0,"player_choice":"Lose Max HP","damage_taken":0,"relics_obtained":["Golden Idol"],"max_hp_gain":0,"max_hp_loss":5,"event_name":"Golden Idol","floor":2,"gold_loss":0},{"cards_removed":["Strike_P"],"damage_healed":0,"gold_gain":0,"player_choice":"Purged","damage_taken":0,"max_hp_gain":0,"max_hp_loss":0,"event_name":"Purifier","floor":3,"gold_loss":0}],"is_beta":false,"boss_relics":[],"items_purged_floors":[4],"is_endless":false,"potions_floor_spawned":[7,10,13,14],"killed_by":"The Guardian","ascension_level":11}}