{"host":"rw1trt79hfpl7pom","time":1612933548,"event":{"mods":["BaseMod","Bestiary","Colored Map","Minty Spire (QoL Compilation)","Relic Stats","StSLib","SuperFastMode"],"gold_per_floor":[112,162,181,65,65,99,117,149,149,149,161,175,175,205,205,280,280,293,293,293,311,321,348,348,381,381,381,397,428,445,464,464,540,540,550,585,628,386,432,483,1,61,96,105,194,272,272,40,40,120,180,180,180,7,41,41],"floor_reached":57,"language":"ENG","playtime":7419,"items_purged":["WindmillStrike"],"score":3440,"play_id":"e144eb36-a060-4b51-8b1f-50bd70d0e891","local_time":"20210209210548","is_ascension_mode":true,"campfire_choices":[{"data":"BattleHymn","floor":13.0,"key":"SMITH"},{"data":"Eruption","floor":15.0,"key":"SMITH"},{"data":"TalkToTheHand","floor":24.0,"key":"SMITH"},{"data":"Nirvana","floor":27.0,"key":"SMITH"},{"data":"TalkToTheHand","floor":32.0,"key":"SMITH"},{"floor":47.0,"key":"RECALL"},{"data":"MentalFortress","floor":49.0,"key":"SMITH"},{"data":"Protect","floor":53.0,"key":"SMITH"}],"circlet_count":0,"master_deck":["AscendersBane","Eruption+1","Vigilance+1","BowlingBash+1","EmptyMind+1","BattleHymn+1","Meditate+1","Protect+1","Crescendo","Wallop+1","Scrawl+1","Wireheading+1","Nirvana+1","DeceiveReality+1","MasterReality","Wireheading","Consecrate+1","TalkToTheHand+1","Tantrum+1","InnerPeace","JustLucky+1","Adaptation+1","TalkToTheHand+1","LessonLearned+1","CutThroughFate+1","Wish+1","Collect+1","FlurryOfBlows+1","FearNoEvil","Establishment+1","Evaluate+1","Halt+1","Injury","Wish+1","MentalFortress+1","Omniscience+1","DevaForm"],"relics":["PureWater","NeowsBlessing","Oddly Smooth Stone","HornCleat","War Paint","Bird Faced Urn","Pandora\u0027s Box","InkBottle","Potion Belt","Pear","Cursed Key","Melange","Du-Vu Doll","Matryoshka","Toxic Egg 2","CeramicFish","Smiling Mask","Ancient Tea Set","Mummified Hand","Bag of Preparation","ClockworkSouvenir","Sundial"],"acts_visited":["Exordium","TheCity","TheBeyond","TheEnding"],"potions_floor_usage":[56,56,56],"damage_taken":[{"damage":0.0,"enemies":"Jaw Worm","floor":1.0,"turns":2.0},{"damage":0.0,"enemies":"Cultist","floor":3.0,"turns":1.0},{"damage":0.0,"enemies":"Lagavulin","floor":6.0,"turns":1.0},{"damage":0.0,"enemies":"2 Louse","floor":7.0,"turns":2.0},{"damage":10.0,"enemies":"3 Sentries","floor":8.0,"turns":5.0},{"damage":0.0,"enemies":"Gremlin Gang","floor":11.0,"turns":5.0},{"damage":8.0,"enemies":"Red Slaver","floor":12.0,"turns":4.0},{"damage":0.0,"enemies":"Gremlin Nob","floor":14.0,"turns":3.0},{"damage":0.0,"enemies":"Slime Boss","floor":16.0,"turns":5.0},{"damage":4.0,"enemies":"2 Thieves","floor":18.0,"turns":4.0},{"damage":0.0,"enemies":"Spheric Guardian","floor":21.0,"turns":3.0},{"damage":5.0,"enemies":"Centurion and Healer","floor":22.0,"turns":4.0},{"damage":43.0,"enemies":"Slavers","floor":23.0,"turns":6.0},{"damage":2.0,"enemies":"Gremlin Leader","floor":25.0,"turns":6.0},{"damage":20.0,"enemies":"Snake Plant","floor":28.0,"turns":7.0},{"damage":11.0,"enemies":"Slavers","floor":29.0,"turns":6.0},{"damage":2.0,"enemies":"Snecko","floor":30.0,"turns":5.0},{"damage":0.0,"enemies":"3 Cultists","floor":31.0,"turns":4.0},{"damage":53.0,"enemies":"Champ","floor":33.0,"turns":11.0},{"damage":9.0,"enemies":"3 Darklings","floor":35.0,"turns":6.0},{"damage":16.0,"enemies":"Orb Walker","floor":36.0,"turns":6.0},{"damage":48.0,"enemies":"4 Shapes","floor":37.0,"turns":8.0},{"damage":12.0,"enemies":"2 Orb Walkers","floor":39.0,"turns":5.0},{"damage":3.0,"enemies":"Nemesis","floor":40.0,"turns":9.0},{"damage":0.0,"enemies":"Giant Head","floor":42.0,"turns":6.0},{"damage":0.0,"enemies":"Nemesis","floor":45.0,"turns":8.0},{"damage":16.0,"enemies":"Writhing Mass","floor":46.0,"turns":5.0},{"damage":0.0,"enemies":"Donu and Deca","floor":50.0,"turns":5.0},{"damage":0.0,"enemies":"Awakened One","floor":51.0,"turns":9.0},{"damage":69.0,"enemies":"Shield and Spear","floor":55.0,"turns":6.0},{"damage":15,"enemies":"The Heart","floor":56,"turns":7}],"seed_played":"4360395596452171265","potions_obtained":[{"floor":3.0,"key":"Strength Potion"},{"floor":7.0,"key":"ColorlessPotion"},{"floor":16.0,"key":"BottledMiracle"},{"floor":23.0,"key":"Regen Potion"},{"floor":25.0,"key":"Weak Potion"},{"floor":35.0,"key":"Regen Potion"},{"floor":39.0,"key":"Weak Potion"},{"floor":42.0,"key":"Dexterity Potion"}],"is_trial":false,"path_per_floor":["M","?","M","$","?","E","M","E","T","?","M","M","R","E","R","B",null,"M","?","?","M","M","E","R","E","T","R","M","E","M","M","R","B",null,"M","M","M","$","?","E","$","E","T","?","E","M","R","$","R","B","B",null,"R","$","E","B",null],"character_chosen":"WATCHER","items_purchased":["BattleHymn","Meditate","Melange","Toxic Egg 2","Establishment","Evaluate+1","Bag of Preparation","Omniscience+1","ClockworkSouvenir"],"campfire_rested":0,"item_purchase_floors":[4,4,38,41,41,41,48,48,54],"current_hp_per_floor":[61,55,55,55,55,55,55,45,45,45,45,37,37,37,37,39,61,63,63,63,68,68,33,33,39,39,39,31,38,42,50,50,9,61,64,60,24,24,56,65,65,78,78,78,78,74,74,74,74,78,78,78,78,78,19,22],"gold":41,"neow_bonus":"THREE_ENEMY_KILL","is_daily":false,"chose_seed":false,"campfire_upgraded":7,"win_rate":0.0,"timestamp":1612933548,"path_taken":["M","?","?","$","?","E","M","E","T","?","M","?","R","E","R","BOSS","M","?","?","M","M","E","R","E","T","R","?","E","M","M","R","BOSS","M","M","M","$","?","E","?","E","T","?","E","?","R","?","R","BOSS","BOSS","R","$","E","BOSS"],"items_purchased_type":["Card","Card","Relic","Relic","Card","Card","Relic","Card","Relic"],"build_version":"2020-12-22","purchased_purges":1,"victory":true,"max_hp_per_floor":[68,68,68,68,68,68,68,68,68,68,68,68,68,68,68,68,68,68,68,68,68,68,68,68,68,68,68,68,78,78,78,78,78,78,78,78,78,78,78,78,78,78,78,78,78,78,78,78,78,78,78,78,78,78,78,78],"relic_stats":{"counters":[31,164],"CeramicFish":54,"Melange":[57],"Bag of Preparation":[8],"War Paint":["Defend_P","Meditate"],"Cursed Key":1,"Smiling Mask":0,"Mummified Hand":[67],"Sundial":[2],"Bird Faced Urn":[195],"Pandora\u0027s Box":["Wireheading","Pray","Nirvana","DeceiveReality","WindmillStrike","MasterReality","Wireheading"],"obtain_stats":[{"Potion Belt":25,"Pear":29,"NeowsBlessing":0,"CeramicFish":42,"Oddly Smooth Stone":6,"Melange":38,"Bag of Preparation":48,"War Paint":9,"Cursed Key":34,"Smiling Mask":43,"Ancient Tea Set":43,"ClockworkSouvenir":54,"Du-Vu Doll":39,"HornCleat":8,"Matryoshka":40,"Mummified Hand":45,"Sundial":55,"Bird Faced Urn":14,"Pandora\u0027s Box":17,"PureWater":0,"Toxic Egg 2":41,"InkBottle":23},{"Potion Belt":14,"Pear":16,"NeowsBlessing":0,"CeramicFish":25,"Oddly Smooth Stone":3,"Melange":22,"Bag of Preparation":27,"War Paint":5,"Cursed Key":19,"Smiling Mask":25,"Ancient Tea Set":25,"ClockworkSouvenir":29,"Du-Vu Doll":23,"HornCleat":5,"Matryoshka":24,"Mummified Hand":26,"Sundial":30,"Bird Faced Urn":8,"Pandora\u0027s Box":9,"PureWater":0,"Toxic Egg 2":24,"InkBottle":13},{"Potion Belt":51,"Pear":64,"NeowsBlessing":0,"CeramicFish":124,"Oddly Smooth Stone":4,"Melange":104,"Bag of Preparation":137,"War Paint":11,"Cursed Key":84,"Smiling Mask":124,"Ancient Tea Set":124,"ClockworkSouvenir":151,"Du-Vu Doll":109,"HornCleat":11,"Matryoshka":118,"Mummified Hand":132,"Sundial":157,"Bird Faced Urn":23,"Pandora\u0027s Box":28,"PureWater":0,"Toxic Egg 2":118,"InkBottle":45}],"InkBottle":[73]},"card_choices":[{"not_picked":["FollowUp","EmptyBody"],"picked":"BowlingBash","floor":1.0},{"not_picked":["BowlingBash","SashWhip"],"picked":"EmptyMind","floor":3.0},{"not_picked":["ThirdEye","SignatureMove"],"picked":"Protect","floor":6.0},{"not_picked":["SignatureMove","FlyingSleeves"],"picked":"Crescendo","floor":7.0},{"not_picked":["LikeWater","SandsOfTime"],"picked":"Wallop","floor":8.0},{"not_picked":["WindmillStrike","ReachHeaven","Study"],"picked":"SKIP","floor":11.0},{"not_picked":["JustLucky","EmptyFist"],"picked":"Wireheading","floor":12.0},{"not_picked":["SignatureMove","Wireheading"],"picked":"Scrawl","floor":14.0},{"not_picked":["FlyingSleeves","CrushJoints"],"picked":"Consecrate+1","floor":18.0},{"not_picked":["Prostrate","CarveReality","Fasting2"],"picked":"SKIP","floor":21.0},{"not_picked":["SignatureMove","SandsOfTime"],"picked":"InnerPeace","floor":22.0},{"not_picked":["Consecrate","FollowUp"],"picked":"JustLucky+1","floor":23.0},{"not_picked":["PathToVictory","Devotion"],"picked":"Adaptation","floor":25.0},{"not_picked":["LikeWater","EmptyFist"],"picked":"TalkToTheHand","floor":28.0},{"not_picked":["FlyingSleeves","ThirdEye"],"picked":"LessonLearned","floor":29.0},{"not_picked":["Sanctity","PathToVictory","Vengeance"],"picked":"SKIP","floor":30.0},{"not_picked":["Sanctity+1","LikeWater"],"picked":"CutThroughFate+1","floor":31.0},{"not_picked":["MasterReality","Brilliance"],"picked":"Wish","floor":33.0},{"not_picked":["LikeWater","Evaluate"],"picked":"Collect","floor":35.0},{"not_picked":["ClearTheMind+1","Fasting2"],"picked":"FlurryOfBlows","floor":36.0},{"not_picked":["FlyingSleeves","Consecrate","SandsOfTime"],"picked":"SKIP","floor":37.0},{"not_picked":["Prostrate","Wireheading"],"picked":"FearNoEvil","floor":40.0},{"not_picked":["BowlingBash","Evaluate+1"],"picked":"Halt+1","floor":42.0},{"not_picked":["Crescendo+1","ReachHeaven","Consecrate"],"picked":"SKIP","floor":45.0},{"not_picked":["Evaluate+1","Crescendo+1"],"picked":"MentalFortress","floor":46.0},{"not_picked":["Evaluate+1","CutThroughFate+1"],"picked":"DevaForm","floor":55.0}],"player_experience":2666399,"relics_obtained":[{"floor":6.0,"key":"Oddly Smooth Stone"},{"floor":8.0,"key":"HornCleat"},{"floor":9.0,"key":"War Paint"},{"floor":14.0,"key":"Bird Faced Urn"},{"floor":23.0,"key":"InkBottle"},{"floor":25.0,"key":"Potion Belt"},{"floor":29.0,"key":"Pear"},{"floor":39.0,"key":"Du-Vu Doll"},{"floor":40.0,"key":"Matryoshka"},{"floor":42.0,"key":"CeramicFish"},{"floor":43.0,"key":"Smiling Mask"},{"floor":43.0,"key":"Ancient Tea Set"},{"floor":45.0,"key":"Mummified Hand"},{"floor":55.0,"key":"Sundial"}],"event_choices":[{"damage_healed":0.0,"max_hp_gain":0.0,"max_hp_loss":0.0,"gold_gain":50.0,"event_name":"FaceTrader","player_choice":"Touch","floor":2.0,"gold_loss":0.0,"damage_taken":6.0},{"damage_healed":0.0,"max_hp_gain":0.0,"max_hp_loss":0.0,"gold_gain":0.0,"event_name":"Liars Game","player_choice":"Ignored","floor":5.0,"gold_loss":0.0,"damage_taken":0.0},{"cards_removed":["Strike_P"],"damage_healed":0.0,"max_hp_gain":0.0,"max_hp_loss":0.0,"gold_gain":0.0,"event_name":"Purifier","player_choice":"Purged","floor":10.0,"gold_loss":0.0,"damage_taken":0.0},{"damage_healed":0.0,"max_hp_gain":0.0,"max_hp_loss":0.0,"gold_gain":0.0,"event_name":"Vampires","player_choice":"Ignored","floor":19.0,"gold_loss":0.0,"damage_taken":0.0},{"damage_healed":0.0,"max_hp_gain":0.0,"max_hp_loss":0.0,"gold_gain":0.0,"cards_transformed":["Wireheading","Pray"],"event_name":"Drug Dealer","player_choice":"Became Test Subject","floor":20.0,"gold_loss":0.0,"damage_taken":0.0,"cards_obtained":["TalkToTheHand","Tantrum"]},{"damage_healed":0.0,"max_hp_gain":0.0,"max_hp_loss":0.0,"gold_gain":0.0,"event_name":"Mysterious Sphere","player_choice":"Fight","floor":39.0,"gold_loss":0.0,"damage_taken":0.0},{"damage_healed":0.0,"max_hp_gain":0.0,"max_hp_loss":0.0,"gold_gain":0.0,"event_name":"Match and Keep!","player_choice":"1 cards matched","floor":44.0,"gold_loss":0.0,"damage_taken":0.0,"cards_obtained":["Wish"]}],"is_beta":false,"boss_relics":[{"not_picked":["SacredBark","Ectoplasm"],"picked":"Pandora\u0027s Box"},{"not_picked":["HolyWater","Calling Bell"],"picked":"Cursed Key"}],"items_purged_floors":[38],"is_endless":false,"potions_floor_spawned":[3,7,16,18,23,25,35,39,42],"ascension_level":20}}