{"host":"ve5hox67eka4rdnb","time":1612941927,"event":{"mods":["ATMod(∞¢Ë™Mod)","AchievementEnabler","Act Like it!","BaseMod","Downfall","Gensokyo","Hermit","Koishi","Lobotomy","LobotomyExtend","Marisa£®ÏF”Í°°ƒß¿Ì…≥£©","Minty Spire (QoL Compilation)","Reimu£®≤©¿ˆ¡È√Œ£©","Remilia£®¿Ÿ√◊¿Ú—«£©","Replay The Spire","Shop Mod","StSLib","The Construct","The Cursed","The Servant 0.9.4"],"gold_per_floor":[110,128,128,138,138,167,167,167,167],"floor_reached":8,"language":"ZHS","playtime":217,"items_purged":[],"score":62,"play_id":"bb03db26-d405-4cac-9bf2-04b3b4b61d19","local_time":"20210210152527","is_ascension_mode":true,"campfire_choices":[{"floor":7,"key":"REST"}],"circlet_count":0,"master_deck":["Strike_B+1","Strike_B","Strike_B","Defend_B","Defend_B","Defend_B","Defend_B","Zap","Dualcast+1","AT_StudyProgram","Capacitor"],"relics":["Cracked Core","AT_ATBox","Boot","LetterFromLob","Replay:Rubber Ducky","Prayer Wheel"],"acts_visited":["Exordium"],"potions_floor_usage":[8],"damage_taken":[{"damage":5.0,"enemies":"Small Slimes","floor":1.0,"turns":3.0},{"damage":4.0,"enemies":"2 Louse","floor":2.0,"turns":3.0},{"damage":0.0,"enemies":"Cultist","floor":4.0,"turns":3.0},{"damage":40,"enemies":"Gremlin Nob","floor":6,"turns":5},{"damage":17,"enemies":"3 Sentries","floor":8,"turns":3}],"seed_played":"-1256030275450500793","potions_obtained":[{"floor":6,"key":"Dexterity Potion"}],"is_trial":false,"path_per_floor":["M","M","?","M","?","E","R","E"],"character_chosen":"DEFECT","items_purchased":[],"campfire_rested":1,"item_purchase_floors":[],"current_hp_per_floor":[70,66,51,51,44,4,26,9,9],"gold":167,"neow_bonus":"RANDOM_COMMON_RELIC","is_daily":false,"chose_seed":false,"campfire_upgraded":0,"win_rate":0.0,"timestamp":1612941927,"path_taken":["M","M","?","M","?","E","R","E"],"items_purchased_type":[],"build_version":"2020-12-22","purchased_purges":0,"victory":false,"max_hp_per_floor":[75,75,75,75,75,75,75,75,75],"card_choices":[{"not_picked":["Compile Driver","Beam Cell","Leap"],"picked":"SKIP","floor":1.0},{"not_picked":["Darkness","Static Discharge","Scrape"],"picked":"SKIP","floor":2.0},{"not_picked":["Steam","Redo"],"picked":"Capacitor","floor":4.0},{"not_picked":["Beam Cell","Steam"],"picked":"ReplayTheSpireMod:Fabricate Wheel","floor":6}],"player_experience":202831,"relics_obtained":[{"floor":1.0,"key":"LetterFromLob"},{"floor":6,"key":"Replay:Rubber Ducky"}],"event_choices":[{"damage_healed":0.0,"max_hp_gain":0.0,"max_hp_loss":0.0,"gold_gain":0.0,"event_name":"Shining Light","player_choice":"Entered Light","floor":3.0,"gold_loss":0.0,"damage_taken":15.0,"cards_upgraded":["Strike_B","Dualcast"]},{"cards_removed":["Strike_B"],"damage_healed":0.0,"max_hp_gain":0.0,"max_hp_loss":0.0,"gold_gain":0.0,"event_name":"Golden Wing","player_choice":"Card Removal","floor":5.0,"gold_loss":0.0,"damage_taken":7.0}],"is_beta":false,"boss_relics":[],"items_purged_floors":[],"is_endless":false,"potions_floor_spawned":[6],"killed_by":"3 Sentries","ascension_level":2}}