{"host":"6bsan6hkua32tfq7","time":1612969487,"event":{"mods":["BaseMod","Better Third Choice","Colored Map","Highlight Path","Minty Spire (QoL Compilation)","StSLib"],"gold_per_floor":[110,120,136,136,61,95,105,137,161,189,189,189,189,200,200,200,200],"floor_reached":16,"language":"ENG","playtime":456,"items_purged":["Strike_G"],"score":290,"play_id":"0309da8d-9804-4781-a5e0-97fb68a8c202","local_time":"20210210160447","is_ascension_mode":true,"campfire_choices":[{"data":"Crippling Poison","floor":11,"key":"SMITH"},{"data":"Dagger Spray","floor":13,"key":"SMITH"},{"data":"Dagger Spray","floor":15,"key":"SMITH"}],"circlet_count":0,"master_deck":["AscendersBane","Strike_G","Strike_G","Strike_G","Strike_G","Defend_G","Defend_G","Defend_G","Survivor","Neutralize","Dagger Spray+1","Underhanded Strike","Predator","Dagger Spray+1","Crippling Poison+1"],"relics":["Ring of the Snake","Mercury Hourglass","Dream Catcher","Centennial Puzzle","Omamori"],"acts_visited":["Exordium"],"potions_floor_usage":[10,10,10,10,16],"damage_taken":[{"damage":0,"enemies":"2 Louse","floor":1,"turns":2},{"damage":1,"enemies":"Cultist","floor":2,"turns":4},{"damage":1,"enemies":"Jaw Worm","floor":3,"turns":3},{"damage":27,"enemies":"3 Sentries","floor":6,"turns":7},{"damage":0,"enemies":"Blue Slaver","floor":7,"turns":2},{"damage":0,"enemies":"Gremlin Nob","floor":8,"turns":3},{"damage":18,"enemies":"Lagavulin","floor":10,"turns":7},{"damage":0,"enemies":"Lots of Slimes","floor":14,"turns":1},{"damage":37,"enemies":"The Guardian","floor":16,"turns":10}],"seed_played":"3019472891068864316","potions_obtained":[{"floor":6,"key":"EntropicBrew"},{"floor":7,"key":"DuplicationPotion"},{"floor":10,"key":"PowerPotion"}],"is_trial":false,"path_per_floor":["M","M","M","?","$","E","M","E","T","E","R","?","R","M","R","B"],"character_chosen":"THE_SILENT","items_purchased":[],"campfire_rested":0,"item_purchase_floors":[],"current_hp_per_floor":[59,58,57,57,57,30,30,30,30,12,12,34,34,34,34,0,0],"gold":200,"neow_bonus":"REMOVE_CARD","is_daily":false,"chose_seed":false,"campfire_upgraded":3,"win_rate":0.0,"timestamp":1612969487,"path_taken":["M","M","M","?","?","E","M","E","T","E","R","?","R","M","R","BOSS"],"items_purchased_type":[],"build_version":"2020-12-22","purchased_purges":1,"victory":false,"max_hp_per_floor":[66,66,66,66,66,66,66,66,66,66,66,66,66,66,66,66,66],"card_choices":[{"not_picked":["Backflip","Dagger Throw"],"picked":"Dagger Spray","floor":1},{"not_picked":["Prepared","Tactician"],"picked":"Underhanded Strike","floor":2},{"not_picked":["Backflip","Blade Dance"],"picked":"Predator","floor":3},{"not_picked":["Leg Sweep","Finisher"],"picked":"Dagger Spray","floor":6},{"not_picked":["Storm of Steel","Blade Dance","Dodge and Roll"],"picked":"SKIP","floor":7},{"not_picked":["Riddle With Holes","Dodge and Roll","Finisher"],"picked":"SKIP","floor":8},{"not_picked":["Dash","Envenom"],"picked":"Crippling Poison","floor":10},{"not_picked":["Prepared","Dodge and Roll","Riddle With Holes"],"picked":"SKIP","floor":14}],"player_experience":5426502,"relics_obtained":[{"floor":6,"key":"Mercury Hourglass"},{"floor":8,"key":"Dream Catcher"},{"floor":9,"key":"Centennial Puzzle"},{"floor":10,"key":"Omamori"}],"event_choices":[{"cards_removed":["Defend_G"],"damage_healed":0,"gold_gain":0,"player_choice":"Offered Basic","damage_taken":0,"max_hp_gain":0,"max_hp_loss":0,"event_name":"Bonfire Elementals","floor":4,"gold_loss":0},{"damage_healed":22,"gold_gain":0,"player_choice":"Banana","damage_taken":0,"max_hp_gain":0,"max_hp_loss":0,"event_name":"Big Fish","floor":12,"gold_loss":0}],"is_beta":false,"boss_relics":[],"items_purged_floors":[5],"is_endless":false,"potions_floor_spawned":[6,7,10],"killed_by":"The Guardian","ascension_level":20}}