{"host":"pgm1p3lvdjflie30","time":1612964620,"event":{"mods":["AchievementEnabler","Alarm Clock","Aspiration","BaseMod","Challenge The Spire","Colored Map","Colored Powertips","Dark Map","Energized Spire","Hermit","HornydragonMod","Minty Spire (QoL Compilation)","Quarter Circle Forward PUNCH!","Quick Restart","Relic Stats","Robot Space Explorer","Spicy Shops","StSLib","The Blackbeard","The IronCluck","Waifu the Spire","【功能Mod】混沌之?修复?丁","篝火指南"],"gold_per_floor":[116,40,54,54,34,34,48,48,48,68,78,98,98,6,6,106,106,117,131,165,165,69,69,69,86,113,113,124,124,142,142,142],"floor_reached":31,"language":"ZHS","playtime":1568,"items_purged":[],"score":227,"play_id":"13186684-f1d2-4168-a29b-850d9b451c8c","local_time":"20210210214340","is_ascension_mode":false,"campfire_choices":[{"data":"RobotSpaceExplorer:BlastShield","floor":6,"key":"SMITH"},{"data":"RobotSpaceExplorer:Autoloader","floor":8,"key":"SMITH"},{"data":"Dark Shackles","floor":15,"key":"SMITH"},{"data":"RobotSpaceExplorer:HighVoltage","floor":23,"key":"SMITH"},{"floor":27,"key":"REST"},{"floor":29,"key":"REST"}],"circlet_count":0,"master_deck":["RobotSpaceExplorer:Strike","RobotSpaceExplorer:Strike","RobotSpaceExplorer:Strike","RobotSpaceExplorer:Strike","RobotSpaceExplorer:Defend","RobotSpaceExplorer:Defend","RobotSpaceExplorer:Defend","RobotSpaceExplorer:Scan","RobotSpaceExplorer:MiniLasers","RobotSpaceExplorer:BlastShield+1","RobotSpaceExplorer:RigExplosive","RobotSpaceExplorer:GlueShot","RobotSpaceExplorer:SlimeMissile","RobotSpaceExplorer:ShovelStrike","RobotSpaceExplorer:Autoloader+1","RobotSpaceExplorer:Jetpack","RobotSpaceExplorer:SurgingStrike","RobotSpaceExplorer:StarLightning","Dark Shackles+1","RobotSpaceExplorer:HighVoltage+1","RobotSpaceExplorer:MiniDrones","RobotSpaceExplorer:FrostMissile","RobotSpaceExplorer:SurgingShield","Jack Of All Trades","RobotSpaceExplorer:Smokescreen","RobotSpaceExplorer:IronShell+1","RobotSpaceExplorer:MiniDrones+1","RobotSpaceExplorer:SlimeMissile"],"relics":["RobotSpaceExplorer:RoboCore"],"acts_visited":["Exordium","TheCity"],"potions_floor_usage":[7,10,11,12,12,16,18,19,20,20,25,25,28,28,30,31,31,31],"damage_taken":[{"damage":9,"enemies":"Jaw Worm","floor":1,"turns":6},{"damage":0,"enemies":"Cultist","floor":3,"turns":4},{"damage":0,"enemies":"Small Slimes","floor":7,"turns":2},{"damage":10,"enemies":"Looter","floor":10,"turns":3},{"damage":7,"enemies":"2 Fungi Beasts","floor":11,"turns":3},{"damage":1,"enemies":"Lots of Slimes","floor":12,"turns":3},{"damage":49,"enemies":"The Guardian","floor":16,"turns":11},{"damage":20,"enemies":"2 Thieves","floor":18,"turns":3},{"damage":2,"enemies":"3 Byrds","floor":19,"turns":5},{"damage":8,"enemies":"Masked Bandits","floor":20,"turns":3},{"damage":37,"enemies":"Centurion and Healer","floor":25,"turns":7},{"damage":15,"enemies":"Snake Plant","floor":28,"turns":5},{"damage":39,"enemies":"Snecko","floor":30,"turns":7},{"damage":10,"enemies":"Cultist and Chosen","floor":31,"turns":3}],"seed_played":"-3064360900773997107","potions_obtained":[{"floor":1,"key":"RobotSpaceExplorer:PlasmaFlask"},{"floor":5,"key":"RobotSpaceExplorer:RecyclePotion"},{"floor":12,"key":"Energy Potion"},{"floor":16,"key":"Dexterity Potion"},{"floor":25,"key":"EssenceOfSteel"},{"floor":28,"key":"SkillPotion"},{"floor":30,"key":"PowerPotion"}],"is_trial":false,"path_per_floor":["M","$","M","?","?","R","M","R","T","M","M","M","?","$","R","B",null,"M","M","?","?","$","R","?","M","T","R","M","R","M","M"],"character_chosen":"RobotSpaceExplorer","items_purchased":["RobotSpaceExplorer:GlueShot","RobotSpaceExplorer:SlimeMissile","Dark Shackles","Jack Of All Trades"],"campfire_rested":2,"item_purchase_floors":[2,2,14,22],"current_hp_per_floor":[66,66,66,71,71,71,71,71,71,61,54,53,53,53,53,4,80,60,58,50,50,50,50,50,13,13,37,22,46,7,0,0],"gold":142,"neow_bonus":"ONE_RANDOM_RARE_CARD","is_daily":false,"chose_seed":false,"campfire_upgraded":4,"win_rate":0.0,"timestamp":1612964620,"path_taken":["M","$","M","?","?","R","M","R","T","?","M","M","?","$","R","BOSS","M","M","?","?","$","R","?","M","T","R","M","R","M","?"],"items_purchased_type":["Card","Card","Card","Card"],"build_version":"2020-12-22","purchased_purges":0,"victory":false,"max_hp_per_floor":[75,75,75,80,80,80,80,80,80,80,80,80,80,80,80,80,80,80,80,80,80,80,80,80,80,80,80,80,80,80,80,80],"relic_stats":{"counters":[14,65],"obtain_stats":[{"RobotSpaceExplorer:RoboCore":0},{"RobotSpaceExplorer:RoboCore":0},{"RobotSpaceExplorer:RoboCore":0}]},"card_choices":[{"not_picked":["RobotSpaceExplorer:SwiftStep","RobotSpaceExplorer:ScrapShield"],"picked":"RobotSpaceExplorer:RigExplosive","floor":1},{"not_picked":["RobotSpaceExplorer:StunGrenade","RobotSpaceExplorer:DoubleFind"],"picked":"RobotSpaceExplorer:ShovelStrike","floor":3},{"not_picked":["RobotSpaceExplorer:BigMissile","RobotSpaceExplorer:ShockKick"],"picked":"RobotSpaceExplorer:Autoloader","floor":7},{"not_picked":["RobotSpaceExplorer:SlimeMissile","RobotSpaceExplorer:StunGrenade"],"picked":"RobotSpaceExplorer:Jetpack","floor":10},{"not_picked":["RobotSpaceExplorer:ShockKick","RobotSpaceExplorer:Counterblock"],"picked":"RobotSpaceExplorer:SurgingStrike","floor":11},{"not_picked":["RobotSpaceExplorer:ScrapMissile","RobotSpaceExplorer:FreezingShield"],"picked":"RobotSpaceExplorer:StarLightning","floor":12},{"not_picked":["RobotSpaceExplorer:ShockMissile","RobotSpaceExplorer:Accelerator"],"picked":"RobotSpaceExplorer:HighVoltage","floor":16},{"not_picked":["RobotSpaceExplorer:Ammunition","RobotSpaceExplorer:MetalStrike"],"picked":"RobotSpaceExplorer:MiniDrones","floor":18},{"not_picked":["RobotSpaceExplorer:MakeshiftVolley","RobotSpaceExplorer:Jetpack"],"picked":"RobotSpaceExplorer:FrostMissile","floor":19},{"not_picked":["RobotSpaceExplorer:ScrapToss","RobotSpaceExplorer:Pulsar"],"picked":"RobotSpaceExplorer:SurgingShield","floor":20},{"not_picked":["RobotSpaceExplorer:GlueShot+1","RobotSpaceExplorer:FrostMissile+1"],"picked":"RobotSpaceExplorer:IronShell+1","floor":25},{"not_picked":["RobotSpaceExplorer:Electroshield","RobotSpaceExplorer:IronShell"],"picked":"RobotSpaceExplorer:MiniDrones+1","floor":28},{"not_picked":["RobotSpaceExplorer:Probe","RobotSpaceExplorer:ScrapShield+1"],"picked":"RobotSpaceExplorer:SlimeMissile","floor":30}],"player_experience":378307,"relics_obtained":[],"event_choices":[{"damage_healed":0,"gold_gain":0,"player_choice":"Donut","damage_taken":0,"max_hp_gain":5,"max_hp_loss":0,"event_name":"Big Fish","floor":4,"gold_loss":0},{"damage_healed":0,"gold_gain":0,"player_choice":"Bought 1 Potion","damage_taken":0,"max_hp_gain":0,"max_hp_loss":0,"event_name":"The Woman in Blue","floor":5,"gold_loss":0},{"damage_healed":0,"gold_gain":0,"player_choice":"Fought Bandits","damage_taken":0,"max_hp_gain":0,"max_hp_loss":0,"event_name":"Masked Bandits","floor":20,"gold_loss":0},{"damage_healed":0,"gold_gain":0,"player_choice":"Ignored","damage_taken":0,"max_hp_gain":0,"max_hp_loss":0,"event_name":"Cursed Tome","floor":21,"gold_loss":0},{"damage_healed":0,"gold_gain":0,"cards_transformed":["RobotSpaceExplorer:Defend"],"player_choice":"Transformed","damage_taken":0,"max_hp_gain":0,"max_hp_loss":0,"event_name":"Transmorgrifier","floor":24,"gold_loss":0,"cards_obtained":["RobotSpaceExplorer:Smokescreen"]}],"is_beta":false,"boss_relics":[{"not_picked":["qcfpunch:Crimson_Sash","Ectoplasm","energizedSpire:HugeHouse"]}],"items_purged_floors":[],"is_endless":false,"potions_floor_spawned":[1,12,16,25,28,30],"killed_by":"Cultist and Chosen","ascension_level":0}}