{"host":"3mt4w4o4jnuk8q1t","time":1612983468,"event":{"mods":["Act Like it!","BaseMod","Colored Map","Colored Powertips","Decade(王小明)","Gensokyo","GungeonMod","Hermit","Jedi Mod","Marisa（F雨　魔理沙）","Minty Spire (QoL Compilation)","Red Circlet Mod","Reimu（博丽灵梦）","Remilia（蕾米莉亚）","Replay The Spire","RumiaBox-露米娅的神秘盒子","Shop Mod","Spicy Shops","StSLib","TestMod","The Jungle","Waifu the Spire","Yakumo Yukari mod","Youmu（魂魄妖梦）","[IsaacMod]以撒尖塔","【功能Mod】混沌之环修复补丁","【功能Mod】聪明的最终Boss"],"gold_per_floor":[110,121,137,137,137,170,191,235,235,235,235,235,254,275,275,395,395,394,109,123,143,143,143,174,174,174,174,198,198,198,216,216,346,346,310,331,60,60,60,99,99,137,137,137,161,176,176,196,196,196,196,196,43,77,77,77],"floor_reached":55,"language":"ZHS","playtime":5523,"items_purged":[],"score":987,"play_id":"843cfe92-555b-40a1-8230-effb329d4305","local_time":"20210211025748","is_ascension_mode":false,"campfire_choices":[{"floor":10.0,"key":"RECALL"},{"floor":12.0,"key":"REST"},{"data":"KamenRide","floor":15.0,"key":"SMITH"},{"data":"KamenRideHibiki","floor":23.0,"key":"SMITH"},{"data":"AttackRide","floor":27.0,"key":"SMITH"},{"data":"Hibiki_FEVER","floor":32.0,"key":"SMITH"},{"floor":47,"key":"REST"},{"floor":49,"key":"REST"},{"floor":52,"key":"REST"}],"circlet_count":0,"master_deck":["Decade_Attack+1","Decade_Attack+1","Decade_Attack+1","Decade_Attack+1","KamenRide+1","Decade_SpecialSkill+1","Decade_Defend+1","Decade_Defend+1","Decade_Defend+1","Decade_Defend+1","Hibiki_Attack3+1","Hibiki_Attack2+1","Hibiki_FEVER+1","RideBooker_Skill_2+1","AttackRide+1","Hibiki_FEVER+1","NMDAZYYGL+1","Kiva_Swallow+1","Hibiki_Attack2+1","KamenRideHibiki+1","Hibiki_Attack3+1","Hibiki_Attack2+1","Hibiki_Attack2+1","Hibiki_Attack1+1","Blade_Slash+1","Blade_Metal+1"],"relics":["Decadriver","HushsDoor","testmod-TestBox","TheBean","testmod-TurbochargingSystem","Baka2","Golden Idol","Boot","Iron Hammer","SoulBox","MerchantsRug","ZombieArmy","testmod-ArcanaOfDestiny","Mirror","testmod-CardMagician","ClockworkSouvenir","Sling","DemoMod:VorpalBullet","Ring of Chaos","ReplayTheSpireMod:Ring of Collecting","DemoMod:Metronome","BookOfRevelations","jedi:heavyjacket","Ring of Searing","TheBible","Lee\u0027s Waffle","DemoMod:Antibody"],"acts_visited":["Exordium","TheCity","TheBeyond","TheEnding"],"potions_floor_usage":[44,54],"damage_taken":[{"damage":1.0,"enemies":"Small Slimes","floor":1.0,"turns":3.0},{"damage":0.0,"enemies":"2 Louse","floor":2.0,"turns":1.0},{"damage":0.0,"enemies":"Cultist","floor":3.0,"turns":3.0},{"damage":0.0,"enemies":"Gremlin Nob","floor":6.0,"turns":3.0},{"damage":20.0,"enemies":"Exordium Thugs","floor":7.0,"turns":2.0},{"damage":16.0,"enemies":"Lagavulin","floor":8.0,"turns":4.0},{"damage":0.0,"enemies":"2 Fungi Beasts","floor":13.0,"turns":1.0},{"damage":9.0,"enemies":"Red Slaver","floor":14.0,"turns":2.0},{"damage":30.0,"enemies":"Hexaghost","floor":16.0,"turns":3.0},{"damage":0.0,"enemies":"2 Thieves","floor":18.0,"turns":3.0},{"damage":0.0,"enemies":"3 Byrds","floor":20.0,"turns":3.0},{"damage":0.0,"enemies":"Sentry and Sphere","floor":21.0,"turns":2.0},{"damage":0.0,"enemies":"Gremlin Leader","floor":24.0,"turns":1.0},{"damage":0.0,"enemies":"Snake Plant","floor":25.0,"turns":1.0},{"damage":0.0,"enemies":"3 Cultists","floor":28.0,"turns":1.0},{"damage":0.0,"enemies":"Centurion and Healer","floor":31.0,"turns":2.0},{"damage":30.0,"enemies":"Automaton","floor":33.0,"turns":5.0},{"damage":0.0,"enemies":"3 Shapes","floor":35.0,"turns":2.0},{"damage":0,"enemies":"Orb Walker","floor":36,"turns":1},{"damage":0,"enemies":"Writhing Mass","floor":39,"turns":2},{"damage":2,"enemies":"Giant Head","floor":40,"turns":2},{"damage":39,"enemies":"Giant Head","floor":41,"turns":6},{"damage":0,"enemies":"R_Hoarder","floor":42,"turns":3},{"damage":0,"enemies":"Nemesis","floor":44,"turns":1},{"damage":5,"enemies":"Maw","floor":45,"turns":2},{"damage":0,"enemies":"Transient","floor":46,"turns":1},{"damage":0,"enemies":"4 Shapes","floor":48,"turns":1},{"damage":5,"enemies":"Time Eater","floor":50,"turns":2},{"damage":25,"enemies":"Shield and Spear","floor":54,"turns":3},{"damage":56,"enemies":"LittleHush","floor":55,"turns":10}],"seed_played":"6503387701678020748","potions_obtained":[{"floor":2.0,"key":"GamblersBrew"},{"floor":6.0,"key":"PowerPotion"},{"floor":8.0,"key":"Swift Potion"},{"floor":13.0,"key":"testmod-SpacePotion"},{"floor":18.0,"key":"LifebloodPotion"},{"floor":20.0,"key":"Dexterity Potion"},{"floor":24.0,"key":"SkillPotion"},{"floor":36,"key":"jedi:wingpotion"},{"floor":40,"key":"Adrenaline Potion"},{"floor":45,"key":"SpeedPotion"}],"is_trial":false,"path_per_floor":["M","M","M","?","?","E","M","E","T","R","?","R","M","M","R","B",null,"M","$","M","M","?","R","E","M","T","R","M","T","?","M","R_BF","B",null,"M","M","$","?","M","E","?","E","T","E","M","M","R","M","R","B",null,"R","$","E","B"],"character_chosen":"Decade","items_purchased":["MerchantsRug","KamenRideHibiki","Guide Book","ZombieArmy","ClockworkSouvenir","Sling","DemoMod:VorpalBullet","Lee\u0027s Waffle"],"campfire_rested":4,"item_purchase_floors":[19,19,19,19,37,37,37,53],"current_hp_per_floor":[76,76,76,71,71,70,50,34,34,34,34,55,55,51,51,51,70,70,70,70,70,70,70,70,70,70,70,70,70,70,70,70,40,70,70,70,70,70,70,68,70,70,70,70,65,65,70,70,70,65,70,70,77,52,0,0],"gold":77,"neow_bonus":"TEN_PERCENT_HP_BONUS","is_daily":false,"chose_seed":false,"campfire_upgraded":4,"win_rate":0.0,"timestamp":1612983468,"path_taken":["M","M","M","?","?","E","M","E","T","R","?","R","M","M","R","BOSS","M","$","M","M","?","R","E","M","T","R","?","?","?","M","R_BF","BOSS","M","M","$","?","M","E","?","E","T","E","?","M","R","M","R","BOSS","R","$","E","BOSS"],"items_purchased_type":["Relic","Card","Relic","Relic","Relic","Relic","Relic","Relic"],"build_version":"2020-12-22","purchased_purges":0,"victory":false,"max_hp_per_floor":[77,77,77,71,71,70,70,70,70,70,70,70,70,70,70,70,70,70,70,70,70,70,70,70,70,70,70,70,70,70,70,70,70,70,70,70,70,70,70,70,70,70,70,70,70,70,70,70,70,70,70,70,77,77,77,77],"card_choices":[{"not_picked":[],"picked":"Bomb","floor":0.0},{"not_picked":["Blade_Slash","Hibiki_Attack2"],"picked":"Hibiki_Attack3","floor":1.0},{"not_picked":["FormRidePegasus","KamenRideKiva","UnarmedAttack1"],"picked":"SKIP","floor":1.0},{"not_picked":["NMDAZYYGL","DenO_Sword"],"picked":"Hibiki_Attack2","floor":2.0},{"not_picked":["FormRideStorm","DenO_Ax","FormRideDragon"],"picked":"SKIP","floor":3.0},{"not_picked":["DragClaw","UnarmedAttack7","Kiva_Frozen"],"picked":"SKIP","floor":3.0},{"not_picked":["Decade_Dash2","DenO_Ax","Decade_Dash1"],"picked":"SKIP","floor":6.0},{"not_picked":["UnarmedAttack1","RideBooker","KamenRideKabuto"],"picked":"SKIP","floor":6.0},{"not_picked":["FormRideBasshaa","Decade_Defend2"],"picked":"Hibiki_FEVER","floor":7.0},{"not_picked":["FormRideStorm","UnarmedAttack1","UnarmedAttack5"],"picked":"SKIP","floor":7.0},{"not_picked":["UnarmedAttack5","UnarmedAttack3"],"picked":"RideBooker_Skill_2","floor":8.0},{"not_picked":["KamenRideDecade","Bomb"],"picked":"AttackRide","floor":13.0},{"not_picked":["Blade_Beat","FormRideJack"],"picked":"Hibiki_FEVER","floor":14.0},{"not_picked":["TimeVent","UnarmedAttack9"],"picked":"NMDAZYYGL","floor":16.0},{"not_picked":["UnarmedAttack9","NMDAZYYGL"],"picked":"Kiva_Swallow","floor":16.0},{"not_picked":["AutoVajin","Kiva_Frozen"],"picked":"Hibiki_Attack2","floor":18.0},{"not_picked":["Blade_Beat","DenO_Ax+1","Decade_Defend2+1"],"picked":"SKIP","floor":18.0},{"not_picked":["FormRidePegasus","DenO_Rod+1","UnarmedAttack1"],"picked":"SKIP","floor":20.0},{"not_picked":["RideBooker","PrometheusPower+1","MirrorWorld"],"picked":"SKIP","floor":20.0},{"not_picked":["FormRidePegasus+1","RideBooker_Skill_3"],"picked":"Hibiki_Attack3","floor":21.0},{"not_picked":["RideBooker_Skill_3","Blade_Slash"],"picked":"AttackRide+1","floor":21.0},{"not_picked":["RideBooker_Skill_3","Kiva_Frozen+1","UnarmedAttack7"],"picked":"SKIP","floor":24.0},{"not_picked":["FormRideTitan","FormRideFlame+1","UnarmedAttack8"],"picked":"SKIP","floor":25.0},{"not_picked":["UnarmedAttack1+1","UnarmedAttack3","UnarmedAttack7"],"picked":"SKIP","floor":28.0},{"not_picked":["Decade_Illusion","FormRide"],"picked":"Hibiki_Attack2","floor":31.0},{"not_picked":["UnarmedAttack3","FormRideBasshaa+1"],"picked":"Hibiki_Attack2","floor":35.0},{"not_picked":["Kiva_Swallow","Kuuga_GouramAttack","RideBooker"],"picked":"SKIP","floor":36},{"not_picked":["UnarmedAttack8","KamenRideDenO+1","Decade_Defend3+1"],"picked":"SKIP","floor":39},{"not_picked":["UnarmedAttack1","Kuuga_Rising"],"picked":"Hibiki_Attack1","floor":40},{"not_picked":["FormRideTitan+1","Blade_Mach+1"],"picked":"Blade_Slash+1","floor":42},{"not_picked":["KamenRideKuuga","Decade_Invisible","Decade_Dash1+1"],"picked":"SKIP","floor":44},{"not_picked":["DenO_Gun","UnarmedAttack6","KamenRideKiva+1"],"picked":"SKIP","floor":45},{"not_picked":["Decade_Defend2","UnarmedAttack7+1","Decade_Invisible+1"],"picked":"SKIP","floor":45},{"not_picked":["AttackRide","DenO_Gun+1","AutoVajin"],"picked":"SKIP","floor":46},{"not_picked":["UnarmedAttack8+1","AutoVajin+1"],"picked":"Blade_Metal+1","floor":48}],"player_experience":189639,"relics_obtained":[{"floor":1.0,"key":"Baka"},{"floor":2.0,"key":"Baka2"},{"floor":6.0,"key":"Boot"},{"floor":8.0,"key":"Iron Hammer"},{"floor":24.0,"key":"testmod-ArcanaOfDestiny"},{"floor":26.0,"key":"Mirror"},{"floor":29.0,"key":"SharpPlug"},{"floor":38,"key":"Ring of Chaos"},{"floor":38,"key":"ReplayTheSpireMod:Ring of Collecting"},{"floor":40,"key":"DemoMod:Metronome"},{"floor":42,"key":"BookOfRevelations"},{"floor":43,"key":"jedi:heavyjacket"},{"floor":43,"key":"Ring of Searing"},{"floor":44,"key":"TheBible"},{"floor":54,"key":"DemoMod:Antibody"}],"event_choices":[{"damage_healed":0.0,"max_hp_gain":0.0,"max_hp_loss":6.0,"gold_gain":0.0,"event_name":"Golden Idol","player_choice":"Lose Max HP","floor":4.0,"gold_loss":0.0,"damage_taken":0.0,"relics_obtained":["Golden Idol"]},{"damage_healed":0.0,"max_hp_gain":0.0,"max_hp_loss":0.0,"gold_gain":0.0,"event_name":"The Cleric","player_choice":"Leave","floor":5.0,"gold_loss":0.0,"damage_taken":0.0},{"damage_healed":0.0,"max_hp_gain":0.0,"max_hp_loss":0.0,"gold_gain":0.0,"event_name":"The Woman in Blue","player_choice":"Bought 0 Potions","floor":11.0,"gold_loss":0.0,"damage_taken":0.0},{"damage_healed":0.0,"max_hp_gain":0.0,"max_hp_loss":0.0,"gold_gain":0.0,"event_name":"Vampires","player_choice":"Ignored","floor":22.0,"gold_loss":0.0,"damage_taken":0.0},{"damage_healed":0.0,"max_hp_gain":0.0,"max_hp_loss":0.0,"gold_gain":0.0,"event_name":"给自己的盒子","player_choice":"Swap Relic","floor":30.0,"relics_lost":["SharpPlug"],"gold_loss":0.0,"damage_taken":0.0,"relics_obtained":["DemoMod:GlassGuonStoneRelic"]}],"is_beta":false,"boss_relics":[{"not_picked":["testmod-StringDisintegrator","testmod-IncinerationGenerator"],"picked":"SoulBox"},{"not_picked":[]},{"not_picked":["ChampionBelt","testmod-Prudence"],"picked":"testmod-CardMagician"},{"not_picked":[]}],"items_purged_floors":[],"is_endless":false,"potions_floor_spawned":[2,6,8,13,18,20,24,36,40,42,45],"killed_by":"LittleHush","ascension_level":0}}