{"host":"3zmssa4s99zhxek5","time":1612954516,"event":{"mods":["AchievementEnabler","BaseMod","Minty Spire (QoL Compilation)","Permanent Neow","Relic Stats"],"gold_per_floor":[12,28,40,55,73,73,98,98,98,98,113,113,141,141,141,215,215,235,255,255,23,23,52,52,77,131,131,131],"floor_reached":27,"language":"KOR","playtime":6663,"items_purged":["Strike_R"],"score":522,"play_id":"76879c5e-dbc2-403f-99b1-8e55bc4bc76f","local_time":"20210210195516","is_ascension_mode":true,"campfire_choices":[{"data":"Searing Blow","floor":6.0,"key":"SMITH"},{"data":"Searing Blow+1","floor":8.0,"key":"SMITH"},{"data":"Searing Blow+2","floor":10.0,"key":"SMITH"},{"data":"Searing Blow+3","floor":12.0,"key":"SMITH"},{"data":"Searing Blow+4","floor":15.0,"key":"SMITH"},{"data":"Searing Blow+6","floor":24,"key":"SMITH"}],"circlet_count":0,"master_deck":["AscendersBane","Strike_R","Strike_R","Strike_R","Defend_R","Defend_R","Defend_R","Bash","Berserk","Power Through","Uppercut","Battle Trance","True Grit","Searing Blow+7","Shockwave","Burning Pact","Impervious","Feel No Pain"],"relics":["Burning Blood","Bird Faced Urn","Mummified Hand","Eternal Feather","White Beast Statue","Velvet Choker","ClockworkSouvenir","Singing Bowl","Sundial","Art of War","Orichalcum"],"acts_visited":["Exordium","TheCity"],"potions_floor_usage":[],"damage_taken":[{"damage":4.0,"enemies":"Cultist","floor":1.0,"turns":3.0},{"damage":0.0,"enemies":"2 Louse","floor":2.0,"turns":4.0},{"damage":9.0,"enemies":"Jaw Worm","floor":3.0,"turns":6.0},{"damage":0.0,"enemies":"Exordium Wildlife","floor":4.0,"turns":4.0},{"damage":2.0,"enemies":"Blue Slaver","floor":5.0,"turns":5.0},{"damage":33.0,"enemies":"Gremlin Nob","floor":7.0,"turns":4.0},{"damage":0.0,"enemies":"Large Slime","floor":11.0,"turns":4.0},{"damage":11.0,"enemies":"Lagavulin","floor":13.0,"turns":6.0},{"damage":20,"enemies":"The Guardian","floor":16,"turns":7},{"damage":5,"enemies":"3 Byrds","floor":18,"turns":7},{"damage":0,"enemies":"Chosen","floor":19,"turns":2},{"damage":5,"enemies":"Gremlin Leader","floor":23,"turns":4},{"damage":69,"enemies":"Slavers","floor":25,"turns":13}],"seed_played":"-1110060942594094898","potions_obtained":[{"floor":3.0,"key":"Dexterity Potion"},{"floor":5.0,"key":"EssenceOfSteel"},{"floor":7.0,"key":"EssenceOfSteel"},{"floor":13.0,"key":"Fire Potion"},{"floor":16,"key":"Dexterity Potion"},{"floor":18,"key":"DuplicationPotion"},{"floor":19,"key":"Fire Potion"}],"is_trial":false,"path_per_floor":["M","M","M","M","M","R","E","R","T","R","M","R","E","?","R","B",null,"M","M","?","$","T","E","R","E","T","?"],"character_chosen":"IRONCLAD","items_purchased":["ClockworkSouvenir"],"campfire_rested":0,"item_purchase_floors":[21],"current_hp_per_floor":[70,75,72,75,75,75,48,48,48,48,56,56,51,51,60,48,68,71,75,75,75,75,77,77,20,20,0,0],"gold":131,"neow_bonus":"TRANSFORM_TWO_CARDS","is_daily":false,"chose_seed":false,"campfire_upgraded":6,"win_rate":0.0,"timestamp":1612954516,"path_taken":["M","M","?","M","M","R","E","R","T","R","M","R","E","?","R","BOSS","M","M","?","$","?","E","R","E","T","?"],"items_purchased_type":["Relic"],"build_version":"2020-12-22","purchased_purges":1,"victory":false,"max_hp_per_floor":[75,75,75,75,75,75,75,75,75,75,75,75,75,75,75,75,75,75,75,75,75,75,77,77,79,79,79,79],"relic_stats":{"Singing Bowl":4,"counters":[13,69],"Mummified Hand":[9],"Sundial":[2],"Bird Faced Urn":[12],"Eternal Feather":9,"Art of War":[0],"Orichalcum":[0],"obtain_stats":[{"Singing Bowl":22,"Mummified Hand":9,"Sundial":23,"Bird Faced Urn":7,"Velvet Choker":17,"Eternal Feather":13,"Art of War":25,"Orichalcum":26,"Burning Blood":0,"White Beast Statue":14,"ClockworkSouvenir":21},{"Singing Bowl":11,"Mummified Hand":6,"Sundial":12,"Bird Faced Urn":6,"Velvet Choker":9,"Eternal Feather":8,"Art of War":13,"Orichalcum":13,"Burning Blood":0,"White Beast Statue":8,"ClockworkSouvenir":11},{"Singing Bowl":52,"Mummified Hand":26,"Sundial":56,"Bird Faced Urn":26,"Velvet Choker":43,"Eternal Feather":36,"Art of War":69,"Orichalcum":69,"Burning Blood":0,"White Beast Statue":36,"ClockworkSouvenir":52}],"Burning Blood":65},"card_choices":[{"not_picked":["Body Slam","Clothesline"],"picked":"Uppercut","floor":1.0},{"not_picked":["Rage","Anger"],"picked":"Battle Trance","floor":2.0},{"not_picked":["Heavy Blade","Rage"],"picked":"True Grit","floor":3.0},{"not_picked":["Flex","Bloodletting"],"picked":"Searing Blow","floor":4.0},{"not_picked":["Sever Soul","True Grit"],"picked":"Shockwave","floor":5.0},{"not_picked":["Twin Strike","Headbutt"],"picked":"Burning Pact","floor":7.0},{"not_picked":["Thunderclap","Barricade","Anger"],"picked":"SKIP","floor":11.0},{"not_picked":["Seeing Red","Disarm","Warcry"],"picked":"SKIP","floor":13.0},{"not_picked":["Offering","Reaper"],"picked":"Impervious","floor":16},{"not_picked":["Twin Strike","Flex"],"picked":"Feel No Pain","floor":18},{"not_picked":["Warcry","Infernal Blade","Havoc"],"picked":"SKIP","floor":19},{"not_picked":["Armaments","Searing Blow","Immolate"],"picked":"Singing Bowl","floor":23},{"not_picked":["Rampage","Clothesline","Armaments"],"picked":"Singing Bowl","floor":25}],"player_experience":1593172,"relics_obtained":[{"floor":7.0,"key":"Bird Faced Urn"},{"floor":9.0,"key":"Mummified Hand"},{"floor":13.0,"key":"Eternal Feather"},{"floor":22,"key":"Singing Bowl"},{"floor":23,"key":"Sundial"},{"floor":25,"key":"Art of War"},{"floor":26,"key":"Orichalcum"}],"event_choices":[{"damage_healed":0.0,"max_hp_gain":0.0,"max_hp_loss":0.0,"gold_gain":0.0,"event_name":"WeMeetAgain","player_choice":"Gave Potion","floor":14.0,"gold_loss":0.0,"damage_taken":0.0,"relics_obtained":["White Beast Statue"]},{"damage_healed":0,"gold_gain":0,"player_choice":"Upgraded","damage_taken":0,"max_hp_gain":0,"max_hp_loss":0,"event_name":"Upgrade Shrine","floor":20,"gold_loss":0,"cards_upgraded":["Searing Blow"]}],"is_beta":false,"boss_relics":[{"not_picked":["SlaversCollar","Snecko Eye"],"picked":"Velvet Choker"}],"items_purged_floors":[21],"is_endless":false,"potions_floor_spawned":[3,5,7,13,16,18,19,23,25],"ascension_level":20}}