{"host":"88lvt7gsyxh4j61b","time":1612995986,"event":{"mods":["BaseMod","Colored Powertips","Highlight Path","Minty Spire (QoL Compilation)","Quick Restart"],"gold_per_floor":[109,109,39,39,57,87,87,114,168,168,178,213,213,278,278,377,377,387,400,400,400],"floor_reached":20,"language":"ITA","playtime":1618,"items_purged":[],"score":190,"play_id":"198d3e81-102e-4642-96e4-34a56c91c3f1","local_time":"20210210232626","is_ascension_mode":false,"campfire_choices":[{"floor":7,"key":"REST"},{"floor":10,"key":"REST"},{"floor":15,"key":"REST"}],"circlet_count":0,"master_deck":["Strike_P","Strike_P","Strike_P","Defend_P","Defend_P","Defend_P","Defend_P","Eruption","Vigilance","WindmillStrike","ClearTheMind","Prostrate","Establishment","Devotion","Protect"],"relics":["PureWater","Juzu Bracelet","MealTicket","Damaru","PreservedInsect","Omamori","Fusion Hammer"],"acts_visited":["Exordium","TheCity"],"potions_floor_usage":[6,6],"damage_taken":[{"damage":4,"enemies":"2 Louse","floor":1,"turns":3},{"damage":12,"enemies":"Cultist","floor":5,"turns":6},{"damage":33,"enemies":"3 Sentries","floor":6,"turns":11},{"damage":22,"enemies":"Lagavulin","floor":8,"turns":9},{"damage":2,"enemies":"Small Slimes","floor":11,"turns":3},{"damage":28,"enemies":"Gremlin Nob","floor":12,"turns":5},{"damage":14,"enemies":"Gremlin Nob","floor":14,"turns":4},{"damage":26,"enemies":"Slime Boss","floor":16,"turns":6},{"damage":2,"enemies":"Chosen","floor":18,"turns":4},{"damage":26,"enemies":"3 Byrds","floor":19,"turns":8},{"damage":54,"enemies":"Masked Bandits","floor":20,"turns":3}],"seed_played":"595549976751396421","potions_obtained":[{"floor":1,"key":"SteroidPotion"},{"floor":5,"key":"ColorlessPotion"},{"floor":14,"key":"Strength Potion"}],"is_trial":false,"path_per_floor":["M","?","$","$","M","E","R","E","T","R","M","E","?","?","R","B",null,"M","M","?"],"character_chosen":"WATCHER","items_purchased":["WindmillStrike"],"campfire_rested":3,"item_purchase_floors":[3],"current_hp_per_floor":[75,75,75,75,63,30,53,31,31,54,52,24,24,10,33,7,79,77,51,0,0],"gold":400,"neow_bonus":"TEN_PERCENT_HP_BONUS","is_daily":false,"chose_seed":false,"campfire_upgraded":0,"win_rate":0.0,"timestamp":1612995986,"path_taken":["M","?","?","$","M","E","R","E","T","R","M","E","?","?","R","BOSS","M","M","?"],"items_purchased_type":["Card"],"build_version":"2020-12-22","purchased_purges":0,"victory":false,"max_hp_per_floor":[79,79,79,79,79,79,79,79,79,79,79,79,79,79,79,79,79,79,79,79,79],"card_choices":[{"not_picked":["Nirvana","CrushJoints","BowlingBash"],"picked":"SKIP","floor":1},{"not_picked":["BowlingBash","FlurryOfBlows"],"picked":"ClearTheMind","floor":5},{"not_picked":["JustLucky","ClearTheMind","Fasting2"],"picked":"SKIP","floor":6},{"not_picked":["FollowUp","WheelKick"],"picked":"Prostrate","floor":8},{"not_picked":["EmptyMind","FlyingSleeves","Conclude"],"picked":"SKIP","floor":11},{"not_picked":["FollowUp","SashWhip"],"picked":"Establishment","floor":12},{"not_picked":["Omniscience","Establishment"],"picked":"Devotion","floor":16},{"not_picked":["Collect","TalkToTheHand"],"picked":"Protect","floor":18},{"not_picked":["Vengeance","ThirdEye","BowlingBash+1"],"picked":"SKIP","floor":19}],"player_experience":311375,"relics_obtained":[{"floor":6,"key":"Juzu Bracelet"},{"floor":8,"key":"MealTicket"},{"floor":9,"key":"Damaru"},{"floor":12,"key":"PreservedInsect"}],"event_choices":[{"cards_removed":["Strike_P"],"damage_healed":0,"gold_gain":0,"player_choice":"Offered Basic","damage_taken":0,"max_hp_gain":0,"max_hp_loss":0,"event_name":"Bonfire Elementals","floor":2,"gold_loss":0},{"damage_healed":0,"gold_gain":0,"player_choice":"Ignored","damage_taken":0,"max_hp_gain":0,"max_hp_loss":0,"event_name":"Shining Light","floor":13,"gold_loss":0},{"damage_healed":0,"gold_gain":0,"player_choice":"Searched \u00272\u0027 times","damage_taken":0,"relics_obtained":["Omamori"],"max_hp_gain":0,"max_hp_loss":0,"event_name":"Dead Adventurer","floor":14,"gold_loss":0},{"damage_healed":0,"gold_gain":0,"player_choice":"Fought Bandits","damage_taken":0,"max_hp_gain":0,"max_hp_loss":0,"event_name":"Masked Bandits","floor":20,"gold_loss":0}],"is_beta":false,"boss_relics":[{"not_picked":["HolyWater","Coffee Dripper"],"picked":"Fusion Hammer"}],"items_purged_floors":[],"is_endless":false,"potions_floor_spawned":[1,5,14],"killed_by":"Masked Bandits","ascension_level":0}}