{"host":"od5ywzqo3ufwbec6","time":1612984984,"event":{"mods":["2.2 Compatiblity","AchievementEnabler","BaseMod","Conspire","Infinite Spire","JesterMod","Jorbs\u0027s Wanderer Trilogy","Minty Spire (QoL Compilation)","Replay The Spire","StSLib","The Bladedancer","The Exalted","The Judge","The Runesmith","The Sage","The Servant 0.9.4","The Trickster","Wandering Minibosses"],"gold_per_floor":[115,115,115,135,153,153,181,181,207,5,25,44,58,23,23,128,128,113,128,227,227,227,227,239,239,239],"floor_reached":25,"language":"RUS","playtime":1007,"items_purged":[],"score":203,"play_id":"29ea3ecd-fe23-4d97-aa0f-1f7531bbdf19","local_time":"20210210222304","is_ascension_mode":false,"campfire_choices":[{"data":"A Thousand Cuts","floor":6,"key":"SMITH"},{"data":"Accuracy","floor":8,"key":"SMITH"},{"floor":15,"key":"REST"},{"data":"Cloak And Dagger","floor":23,"key":"SMITH"}],"circlet_count":0,"master_deck":["Strike_G","Strike_G","Strike_G","Strike_G","Defend_G","Defend_G","Defend_G","Defend_G","Defend_G","Survivor","Neutralize","A Thousand Cuts+1","Acrobatics","Flying Knee","Accuracy+1","Hidden Blade","Blade Dance","Accuracy+1","Blade Dance","Cloak And Dagger+1","Hidden Blade","Phantasmal Killer","Calculated Gamble","Blade Dance"],"relics":["Ring of the Snake","infinitespire:Beetle Shell","CultistMask","Shovel","DollysMirror"],"acts_visited":["Exordium","TheCity"],"potions_floor_usage":[16,16,25],"damage_taken":[{"damage":6,"enemies":"Jaw Worm","floor":1,"turns":6},{"damage":11,"enemies":"Small Slimes","floor":4,"turns":4},{"damage":4,"enemies":"Cultist","floor":5,"turns":3},{"damage":32,"enemies":"Gremlin Nob","floor":7,"turns":4},{"damage":9,"enemies":"Blue Slaver","floor":11,"turns":4},{"damage":0,"enemies":"Looter","floor":12,"turns":3},{"damage":7,"enemies":"2 Fungi Beasts","floor":13,"turns":3},{"damage":29,"enemies":"The Guardian","floor":16,"turns":6},{"damage":22,"enemies":"2 Thieves","floor":18,"turns":4},{"damage":7,"enemies":"Chosen","floor":19,"turns":4},{"damage":40,"enemies":"Sentry and Sphere","floor":24,"turns":5},{"damage":2,"enemies":"Gremlin Leader","floor":25,"turns":1}],"seed_played":"8890920530696216746","potions_obtained":[{"floor":1,"key":"Elixir"},{"floor":7,"key":"Swift Potion"},{"floor":13,"key":"Fire Potion"},{"floor":19,"key":"SpeedPotion"}],"is_trial":false,"path_per_floor":["M","?","?","M","M","R","E","R","T","$","M","M","M","?","R","B",null,"M","M","?","?","?","R","M","E"],"character_chosen":"THE_SILENT","items_purchased":["Blade Dance","DollysMirror"],"campfire_rested":1,"item_purchase_floors":[10,10],"current_hp_per_floor":[64,64,64,53,49,49,17,17,17,17,8,8,1,18,39,10,70,48,41,41,41,41,41,1,0,0],"gold":239,"neow_bonus":"THREE_RARE_CARDS","is_daily":false,"chose_seed":false,"campfire_upgraded":3,"win_rate":0.0,"timestamp":1612984984,"path_taken":["M","?","?","?","M","R","E","R","T","$","M","M","M","?","R","BOSS","M","M","?","?","?","R","M","E"],"items_purchased_type":["Card","Relic"],"build_version":"2020-12-22","purchased_purges":0,"victory":false,"max_hp_per_floor":[70,70,70,70,70,70,70,70,70,70,70,70,70,70,70,70,70,70,70,70,70,70,70,70,70,70],"card_choices":[{"not_picked":["ReplayTheSpireMod:Necrosis","Die Die Die"],"picked":"A Thousand Cuts","floor":0},{"not_picked":["Underhanded Strike","ReplayTheSpireMod:Tripwire"],"picked":"Acrobatics","floor":1},{"not_picked":["Replay:Poison Smokescreen","Deflect"],"picked":"Flying Knee","floor":4},{"not_picked":["Replay:Poison Smokescreen","Flechettes"],"picked":"Accuracy","floor":5},{"not_picked":["Sneak Up","Bane"],"picked":"Hidden Blade","floor":7},{"not_picked":["ReplayTheSpireMod:Tripwire","Flying Knee"],"picked":"Blade Dance","floor":11},{"not_picked":["Dodge and Roll","A Thousand Cuts"],"picked":"Cloak And Dagger","floor":12},{"not_picked":["ReplayTheSpireMod:Shiv Toss","Draining Mist"],"picked":"Hidden Blade","floor":13},{"not_picked":["Die Die Die","Malaise"],"picked":"Phantasmal Killer","floor":16},{"not_picked":["Endless Agony","Slice","Quick Slash"],"picked":"SKIP","floor":18},{"not_picked":["Slice","Underhanded Strike"],"picked":"Calculated Gamble","floor":19},{"not_picked":["Quick Slash","Dodge and Roll+1"],"picked":"Blade Dance","floor":24}],"player_experience":240393,"relics_obtained":[{"floor":2,"key":"infinitespire:Beetle Shell"},{"floor":7,"key":"Shovel"}],"event_choices":[{"damage_healed":0,"gold_gain":0,"player_choice":"Trade","damage_taken":0,"relics_obtained":["CultistMask"],"max_hp_gain":0,"max_hp_loss":0,"event_name":"FaceTrader","floor":3,"gold_loss":0},{"damage_healed":17,"gold_gain":0,"player_choice":"Healed","damage_taken":0,"max_hp_gain":0,"max_hp_loss":0,"event_name":"The Cleric","floor":14,"gold_loss":35},{"damage_healed":0,"gold_gain":99,"player_choice":"Stole From Cult","damage_taken":0,"max_hp_gain":0,"max_hp_loss":0,"event_name":"Nest","floor":20,"gold_loss":0},{"cards_removed":["Strike_G"],"damage_healed":0,"gold_gain":0,"player_choice":"Elegance","damage_taken":0,"max_hp_gain":0,"max_hp_loss":0,"event_name":"Back to Basics","floor":21,"gold_loss":0},{"cards_removed":["WordoMod:FoggyMind"],"damage_healed":0,"gold_gain":0,"player_choice":"Purged","damage_taken":0,"max_hp_gain":0,"max_hp_loss":0,"event_name":"Purifier","floor":22,"gold_loss":0}],"is_beta":false,"boss_relics":[{"not_picked":["ReplayTheSpireMod:SealedPack","ChewingGum","Velvet Choker"]}],"items_purged_floors":[],"is_endless":false,"potions_floor_spawned":[1,7,11,13,19],"killed_by":"Gremlin Leader","ascension_level":0}}