{"host":"coame8l8goqx0svj","time":1612953614,"event":{"mods":["BaseMod","Downfall","Minty Spire (QoL Compilation)","StSLib"],"gold_per_floor":[99,114,131,231,167,167,193,93,112,141,141,88,104,118,129,231,231,231,248,258,258,270,270,270,270,270,270],"floor_reached":25,"language":"ENG","playtime":1047,"items_purged":[],"score":243,"play_id":"278400b5-ce3c-416f-8884-d728c5224bc6","local_time":"20210210114014","is_ascension_mode":true,"campfire_choices":[{"data":"bronze:Replicate","floor":1,"key":"SMITH"},{"data":"bronze:BuggyMess","floor":8,"key":"SMITH"},{"data":"bronze:InfiniteLoop","floor":18,"key":"SMITH"}],"circlet_count":0,"master_deck":["bronze:Strike","bronze:Strike+1","bronze:Strike+1","bronze:Defend","bronze:Defend","bronze:Defend+1","bronze:Defend","bronze:Replicate+1","bronze:Goto","bronze:Break","bronze:Flail","bronze:BuggyMess+1","bronze:GetLatest","bronze:BugBarrage","bronze:Constructor","bronze:ItsAFeature","bronze:Allocate","bronze:Shield","bronze:BuggyMess","bronze:InfiniteLoop+1","bronze:InfiniteBeams","bronze:Repulsor"],"relics":["bronze:BronzeCore","Mercury Hourglass","downfall:HeartBlessingBlue","StrikeDummy","Sozu","Spirit Poop","Gambling Chip"],"acts_visited":["Exordium","TheCity"],"potions_floor_usage":[16,25],"damage_taken":[{"damage":3,"enemies":"2 Louse","floor":2,"turns":2},{"damage":2,"enemies":"Jaw Worm","floor":3,"turns":2},{"damage":5,"enemies":"downfall:FleeingMerchant","floor":5,"turns":4},{"damage":0,"enemies":"Small Slimes","floor":9,"turns":2},{"damage":5,"enemies":"3 Sentries","floor":10,"turns":4},{"damage":0,"enemies":"downfall:FleeingMerchant","floor":12,"turns":4},{"damage":5,"enemies":"Exordium Thugs","floor":13,"turns":3},{"damage":0,"enemies":"Large Slime","floor":14,"turns":3},{"damage":0,"enemies":"Gremlin Gang","floor":15,"turns":2},{"damage":36,"enemies":"WA_ARCHETYPE_RETAIN","floor":16,"turns":5},{"damage":6,"enemies":"3 Byrds","floor":19,"turns":2},{"damage":1,"enemies":"Spheric Guardian","floor":20,"turns":3},{"damage":12,"enemies":"Chosen and Byrds","floor":22,"turns":3},{"damage":63,"enemies":"Book of Stabbing","floor":25,"turns":5}],"seed_played":"-5956540912112932066","potions_obtained":[{"floor":3,"key":"hexamod:SoulburnPotion"},{"floor":13,"key":"CultistPotion"},{"floor":15,"key":"Explosive Potion"}],"is_trial":false,"path_per_floor":["R","M","M","?","$","?","T","R","M","E","?","$","M","M","M","B",null,"R","M","M","?","M","?","T","E"],"character_chosen":"THE_AUTOMATON","items_purchased":["bronze:BugBarrage","bronze:Allocate"],"campfire_rested":0,"item_purchase_floors":[5,12],"current_hp_per_floor":[70,67,65,65,60,57,57,67,67,62,62,62,57,57,57,21,80,80,74,73,73,61,61,61,0,0,0],"gold":270,"neow_bonus":"ONE_RANDOM_RARE_CARD","is_daily":false,"chose_seed":false,"campfire_upgraded":3,"win_rate":0.0,"timestamp":1612953614,"path_taken":["R","M","M","?","$","?","T","R","M","E","?","$","?","M","M","BOSS","R","M","M","?","?","?","T","E"],"items_purchased_type":["Card","Card"],"build_version":"2020-12-22","purchased_purges":0,"victory":false,"max_hp_per_floor":[70,70,70,70,70,70,70,80,80,80,80,80,80,80,80,80,80,80,80,80,80,80,80,80,80,80,80],"card_choices":[{"not_picked":["bronze:Deprecate","bronze:BuggyMess"],"picked":"bronze:Flail","floor":2},{"not_picked":["bronze:GetLatest","bronze:Iterate"],"picked":"bronze:BuggyMess","floor":3},{"not_picked":["bronze:HardenedForm","bronze:Turbo"],"picked":"bronze:GetLatest","floor":5},{"not_picked":["bronze:Refactor","bronze:WildBeam"],"picked":"bronze:Constructor","floor":9},{"not_picked":["bronze:HardenedForm","bronze:FineTuning","bronze:Frontload"],"picked":"SKIP","floor":10},{"not_picked":["bronze:Repair","bronze:FineTuning"],"picked":"bronze:ItsAFeature","floor":12},{"not_picked":["bronze:Flail","bronze:Overheat"],"picked":"bronze:Shield","floor":13},{"not_picked":["bronze:WildBeam","bronze:BitShift","bronze:WhirlingStrike"],"picked":"SKIP","floor":14},{"not_picked":["bronze:FineTuning","bronze:Separator"],"picked":"bronze:BuggyMess","floor":15},{"not_picked":["bronze:Format","bronze:AlphaBuild"],"picked":"bronze:InfiniteLoop","floor":16},{"not_picked":["bronze:DigitalCarnage","bronze:Branch"],"picked":"bronze:InfiniteBeams","floor":19},{"not_picked":["bronze:Safeguard+1","bronze:Iterate","bronze:OilSpill+1"],"picked":"SKIP","floor":20},{"not_picked":["bronze:DelayedGuard","bronze:BuggyMess+1"],"picked":"bronze:Repulsor","floor":22}],"player_experience":1780550,"relics_obtained":[{"floor":10,"key":"StrikeDummy"},{"floor":24,"key":"Gambling Chip"}],"event_choices":[{"damage_healed":0,"gold_gain":0,"player_choice":"Success","damage_taken":3,"relics_obtained":["Mercury Hourglass"],"max_hp_gain":0,"max_hp_loss":0,"event_name":"Scrap Ooze","floor":6,"gold_loss":0},{"cards_removed":["downfall:Malfunctioning"],"damage_healed":0,"gold_gain":0,"player_choice":"Offered Curse","damage_taken":0,"relics_obtained":["Spirit Poop"],"max_hp_gain":0,"max_hp_loss":0,"event_name":"Bonfire Elementals","floor":21,"gold_loss":0},{"cards_removed":["bronze:Strike"],"damage_healed":0,"gold_gain":0,"player_choice":"Card Removal","damage_taken":0,"max_hp_gain":0,"max_hp_loss":0,"event_name":"Wheel of Change","floor":23,"gold_loss":0}],"is_beta":false,"boss_relics":[{"not_picked":["Empty Cage","Black Star"],"picked":"Sozu"}],"items_purged_floors":[],"is_endless":false,"potions_floor_spawned":[3,13,15,22],"killed_by":"Book of Stabbing","ascension_level":4}}