{"host":"rjbqai8ni6dsiu37","time":1612979456,"event":{"mods":["100% Spire Juice","BaseMod","CapriCore","GungeonMod","Marisa£¨Ùöéë¡¡Øª×âÞÞ£©","Minty Spire (QoL Compilation)","Replay The Spire","Shop Mod","StSLib","Td1madao Mod","The Cursed","The Jungle","The Poker Player","WarShipGirlsR/??á´Ò³R mod"],"gold_per_floor":[109,208,220,234,234,234,267,267,321,20,20,36,111,137,137,212,312,329,179,24,24,40,40,67,67,67,67,77,89,99,113,127,127,127,127,127],"floor_reached":35,"language":"KOR","playtime":1250,"items_purged":["rmod:strick"],"score":658,"play_id":"f75c9072-5117-49fd-a096-9f260a3d7738","local_time":"20210211025056","is_ascension_mode":true,"campfire_choices":[{"data":"rmod:royalracing","floor":6.0,"key":"SMITH"},{"data":"rmod:aviationdawn","floor":8.0,"key":"SMITH"},{"data":"rmod:openingtorpedo","floor":11.0,"key":"SMITH"},{"data":"rmod:aluminumsupply","floor":15.0,"key":"SMITH"},{"data":"rmod:expeditionaryescort","floor":23.0,"key":"SMITH"},{"data":"rmod:ridicule","floor":27.0,"key":"SMITH"},{"data":"rmod:aviationdawn","floor":33.0,"key":"SMITH"}],"circlet_count":0,"master_deck":["AscendersBane","rmod:strick","rmod:strick","rmod:strick","rmod:defend","rmod:defend","rmod:defend","rmod:defend","rmod:basicallowance","rmod:maingunfire","rmod:intelligenceanalysis","rmod:royalracing+1","rmod:openingtorpedo+1","rmod:aviationdawn+1","rmod:aluminumsupply+1","rmod:ridicule+1","rmod:acesubmarine","rmod:expeditionaryescort+1","rmod:fuelsupply+1","rmod:auspiciousomen","rmod:aviationdawn+1","rmod:mineteam"],"relics":["rmod:firstchargereward","NeowsBlessing","DemoMod:OrangeGuonStone","Toy Ornithopter","Membership Card","DemoMod:ChaffGrenade","PreservedInsect","MerchantsRug","DemoMod:Antibody","Bronze Scales","White Beast Statue","Blue Doll"],"acts_visited":["Exordium","TheCity","TheCity"],"potions_floor_usage":[35],"damage_taken":[{"damage":0.0,"enemies":"Cultist","floor":1.0,"turns":1.0},{"damage":0.0,"enemies":"2 Louse","floor":3.0,"turns":2.0},{"damage":0.0,"enemies":"Small Slimes","floor":4.0,"turns":1.0},{"damage":15.0,"enemies":"Lagavulin","floor":7.0,"turns":5.0},{"damage":2.0,"enemies":"Gremlin Gang","floor":12.0,"turns":2.0},{"damage":0.0,"enemies":"Gremlin Nob","floor":14.0,"turns":1.0},{"damage":0.0,"enemies":"The Guardian","floor":16.0,"turns":9.0},{"damage":8.0,"enemies":"3 Byrds","floor":18.0,"turns":4.0},{"damage":6.0,"enemies":"Shell Parasite","floor":22.0,"turns":2.0},{"damage":0.0,"enemies":"Gremlin Leader","floor":24.0,"turns":3.0},{"damage":0.0,"enemies":"DemoMod:2_Veteran_bullet_kins_and_red_shotgun_kin","floor":28.0,"turns":1.0},{"damage":0.0,"enemies":"DemoMod:4_Bullet_Kins","floor":29.0,"turns":1.0},{"damage":10.0,"enemies":"DemoMod:Veteran_shot_gun_kin_and_blue_shotgun_kin_with_gunsinger","floor":30.0,"turns":3.0},{"damage":9.0,"enemies":"DemoMod:Red_and_blue_shotgun_kin_with_gunsinger","floor":31.0,"turns":2.0},{"damage":0.0,"enemies":"DemoMod:2_Mousers","floor":32.0,"turns":2.0},{"damage":46,"enemies":"DemoMod:ResourcefulRat","floor":35,"turns":8}],"seed_played":"6026107690862896277","potions_obtained":[{"floor":3.0,"key":"Weak Potion"},{"floor":4.0,"key":"Explosive Potion"},{"floor":7.0,"key":"LiquidBronze"},{"floor":14.0,"key":"Dexterity Potion"},{"floor":22.0,"key":"Cursed Concoction"},{"floor":24.0,"key":"Weak Potion"},{"floor":32.0,"key":"DistilledChaos"}],"is_trial":false,"path_per_floor":["M","?","M","M","?","R","E","R","T","$","R","M","?","E","R","B",null,"M","$","$","?","M","R","E","$","T","R","M","M","M","M","M","R","B","B"],"character_chosen":"PRAEFECT","items_purchased":["Membership Card","DemoMod:GnawedKey","PreservedInsect","MerchantsRug","rmod:acesubmarine","DemoMod:Antibody","Bronze Scales","Adrenaline Potion"],"campfire_rested":0,"item_purchase_floors":[10,10,19,19,20,20,20,20],"current_hp_per_floor":[63,63,63,63,63,63,48,48,48,48,48,46,39,39,39,49,65,57,57,57,57,51,51,51,51,70,70,70,70,60,51,56,56,18,0,0],"gold":127,"neow_bonus":"THREE_ENEMY_KILL","is_daily":false,"chose_seed":false,"campfire_upgraded":7,"win_rate":0.0,"timestamp":1612979456,"path_taken":["M","?","?","?","?","R","E","R","T","$","R","M","?","E","R","BOSS","M","?","$","?","M","R","E","$","T","R","M","M","M","M","M","R","BOSS","BOSS"],"items_purchased_type":["Relic","Relic","Relic","Relic","Card","Relic","Relic","Potion"],"build_version":"2020-12-22","purchased_purges":1,"victory":false,"max_hp_per_floor":[70,70,70,70,70,70,70,70,70,70,70,70,70,70,70,70,70,70,70,70,70,70,70,70,70,70,70,70,70,70,70,70,70,70,70,70],"card_choices":[{"not_picked":["rmod:fletcherpendant","rmod:goodsister"],"picked":"rmod:intelligenceanalysis","floor":1.0},{"not_picked":["rmod:spoils","rmod:sl"],"picked":"rmod:royalracing","floor":2.0},{"not_picked":["rmod:combined","rmod:highspeedshooting"],"picked":"rmod:openingtorpedo","floor":3.0},{"not_picked":["rmod:mineteam","rmod:aluminumsupply"],"picked":"rmod:aviationdawn","floor":4.0},{"not_picked":["rmod:circuitoustactics","rmod:victimresponsibility","rmod:aviationdawn"],"picked":"SKIP","floor":7.0},{"not_picked":["rmod:steelsupply","rmod:ring"],"picked":"rmod:aluminumsupply","floor":12.0},{"not_picked":["rmod:shuttlebombing","rmod:lonelyqueen","rmod:luckystar"],"picked":"SKIP","floor":14.0},{"not_picked":["rmod:lastglory","rmod:u235"],"picked":"rmod:ridicule","floor":16.0},{"not_picked":["rmod:highspeedshooting","rmod:intelligenceanalysis","rmod:circuitoustactics"],"picked":"SKIP","floor":18.0},{"not_picked":["rmod:slowdown","rmod:victimresponsibility"],"picked":"rmod:expeditionaryescort","floor":22.0},{"not_picked":["rmod:fletcherpendant+1","rmod:sl","rmod:wasp"],"picked":"SKIP","floor":24.0},{"not_picked":["rmod:heivgo","rmod:luckystar","rmod:fletcherpendant+1"],"picked":"SKIP","floor":28.0},{"not_picked":["rmod:smokecover","rmod:overbreakdown"],"picked":"rmod:fuelsupply+1","floor":29.0},{"not_picked":["rmod:ammunitionsupply","rmod:supportescort"],"picked":"rmod:auspiciousomen","floor":30.0},{"not_picked":["rmod:slowdown","rmod:chargemoney"],"picked":"rmod:aviationdawn","floor":31.0},{"not_picked":["rmod:goodsister","rmod:launchingtorpedo+1"],"picked":"rmod:mineteam","floor":32.0}],"player_experience":254711,"relics_obtained":[{"floor":7.0,"key":"DemoMod:OrangeGuonStone"},{"floor":9.0,"key":"Toy Ornithopter"},{"floor":14.0,"key":"DemoMod:ChaffGrenade"},{"floor":21.0,"key":"White Beast Statue"},{"floor":24.0,"key":"Blue Doll"}],"event_choices":[{"damage_healed":0.0,"max_hp_gain":0.0,"max_hp_loss":0.0,"gold_gain":0.0,"event_name":"Golden Wing","player_choice":"Ignored","floor":5.0,"gold_loss":0.0,"damage_taken":0.0},{"damage_healed":0.0,"max_hp_gain":0.0,"max_hp_loss":0.0,"gold_gain":75.0,"event_name":"FaceTrader","player_choice":"Touch","floor":13.0,"gold_loss":0.0,"damage_taken":7.0},{"damage_healed":0.0,"max_hp_gain":0.0,"max_hp_loss":0.0,"gold_gain":0.0,"event_name":"Wheel of Change","player_choice":"Relic","floor":21.0,"gold_loss":0.0,"damage_taken":0.0}],"is_beta":false,"boss_relics":[{"not_picked":["Cursed Key","SacredBark"],"picked":"Replay:Wanted Poster"}],"items_purged_floors":[10],"is_endless":false,"potions_floor_spawned":[3,4,7,14,22,24,28,29,30,31,32],"killed_by":"DemoMod:ResourcefulRat","ascension_level":14}}