{"host":"39hztz5hia41w0n0","time":1612992430,"event":{"mods":["2.2 Compatiblity","AchievementEnabler","Act Like it!","AlwaysNeverKeys","Aspiration","BaseMod","Better Altar","Better Note","Better Sensory Stone","Better Skull","Better Third Choice","BetterRewards","Block Reminder","Colored Map","Colored Powertips","Conspire","Curses Come First","DeckTracker","Defuse TimeMaze Blight","Downfall","Energized Spire","GifTheSpireLib","Googly Eyes","Halation","Highlight Path","Hubris","Infinite Spire","Minty Spire (QoL Compilation)","Permanent Neow","Potion Indicator Mod","Quick Restart","RatMod","Relic Filter","Relic Sorter","Relic Stats","Replay The Spire","Reworked Bosses","Shop Mod","Spicy Shops","Spikes Relics","StSLib","Stuff the Spire","SuperFastMode","Uncapped","Unceasing Turn Reminder","UnlockEverythingMod","Username Fix","egg"],"gold_per_floor":[112,112,126,144,158,187,187,152,152,152,205,235,255,267,267,267,267],"floor_reached":16,"language":"ENG","playtime":356,"items_purged":[],"score":118,"play_id":"3151b548-1733-4970-98c7-ad82b44a4650","local_time":"20210210162710","is_ascension_mode":true,"campfire_choices":[{"floor":7.0,"key":"REST"},{"data":"hubris:DuctTapeCard","floor":10.0,"key":"SMITH"},{"floor":15.0,"key":"REST"}],"circlet_count":0,"master_deck":["Strike_G","Strike_G","Strike_G","Strike_G","Strike_G","Defend_G","Defend_G","Defend_G","Defend_G","Defend_G","Survivor","Neutralize","Riddle With Holes","Dagger Spray+1","Poisoned Stab","Well Laid Plans","hubris:DuctTapeCard"],"relics":["Ring of the Snake","Replay:Rubber Ducky","hubris:DuctTape","Blood Vial","Snake Skull"],"acts_visited":["Exordium"],"potions_floor_usage":[],"damage_taken":[{"damage":1.0,"enemies":"Cultist","floor":1.0,"turns":4.0},{"damage":0.0,"enemies":"Small Slimes","floor":3.0,"turns":2.0},{"damage":8.0,"enemies":"Jaw Worm","floor":4.0,"turns":3.0},{"damage":0.0,"enemies":"Lots of Slimes","floor":5.0,"turns":1.0},{"damage":18.0,"enemies":"3 Sentries","floor":6.0,"turns":4.0},{"damage":30.0,"enemies":"Gremlin Nob","floor":12.0,"turns":5.0},{"damage":8.0,"enemies":"Gremlin Gang","floor":13.0,"turns":4.0},{"damage":11.0,"enemies":"Large Slime","floor":14.0,"turns":6.0},{"damage":0,"enemies":"Slime Boss","floor":16,"turns":1}],"seed_played":"-2087768162374707117","potions_obtained":[{"floor":1.0,"key":"Toxic Potion"},{"floor":6.0,"key":"GamblersBrew"},{"floor":11.0,"key":"Reflective Coating"},{"floor":11.0,"key":"DistilledChaos"},{"floor":12.0,"key":"Milkshake"},{"floor":14.0,"key":"Dexterity Potion"}],"is_trial":false,"path_per_floor":["M","?","M","M","M","E","R","?","T","R","?","E","M","M","R","B"],"character_chosen":"THE_SILENT","items_purchased":[],"campfire_rested":2,"item_purchase_floors":[],"current_hp_per_floor":[69,69,69,61,61,43,64,70,70,70,53,25,19,10,31,33,33],"gold":267,"neow_bonus":"THREE_CARDS","is_daily":false,"chose_seed":false,"campfire_upgraded":1,"win_rate":0.0,"timestamp":1612992430,"path_taken":["M","?","M","M","M","E","R","?","T","R","?","E","M","?","R","BOSS"],"items_purchased_type":[],"build_version":"2020-12-22","purchased_purges":0,"victory":false,"max_hp_per_floor":[70,70,70,70,70,70,70,70,70,70,70,70,70,70,70,70,70],"relic_stats":{"Blood Vial":8,"counters":[9,30],"Snake Skull":[4],"obtain_stats":[{"Blood Vial":11,"hubris:DuctTape":9,"Snake Skull":12,"Ring of the Snake":0,"Replay:Rubber Ducky":6},{"Blood Vial":5,"hubris:DuctTape":5,"Snake Skull":6,"Ring of the Snake":0,"Replay:Rubber Ducky":5},{"Blood Vial":14,"hubris:DuctTape":14,"Snake Skull":19,"Ring of the Snake":0,"Replay:Rubber Ducky":14}],"Ring of the Snake":[18]},"card_choices":[{"not_picked":["rat:EchoingStrikes","Deflect"],"picked":"Riddle With Holes","floor":0.0},{"not_picked":["Calculated Gamble","ReplayTheSpireMod:Speed Training"],"picked":"Dagger Spray","floor":1.0},{"not_picked":["StuffTheSpire:Fury","Outmaneuver"],"picked":"Poisoned Stab","floor":3.0},{"not_picked":["Underhanded Strike","Acrobatics"],"picked":"Bouncing Flask","floor":4.0},{"not_picked":["Skewer","Sucker Punch"],"picked":"infinitespire:Neurotoxin","floor":5.0},{"not_picked":["Deflect","Prepared","Blade Dance"],"picked":"SKIP","floor":6.0},{"not_picked":["Backflip","StuffTheSpire:Injection"],"picked":"Well Laid Plans","floor":12.0},{"not_picked":["rat:EchoingStrikes","ReplayTheSpireMod:Speed Training","StuffTheSpire:Python"],"picked":"SKIP","floor":13.0},{"not_picked":["Dagger Spray","Flying Knee","Underhanded Strike"],"picked":"SKIP","floor":14.0}],"player_experience":93523,"relics_obtained":[{"floor":6.0,"key":"Replay:Rubber Ducky"},{"floor":9.0,"key":"hubris:DuctTape"},{"floor":11.0,"key":"Blood Vial"},{"floor":12.0,"key":"Snake Skull"}],"event_choices":[{"damage_healed":17.0,"max_hp_gain":0.0,"max_hp_loss":0.0,"gold_gain":0.0,"event_name":"The Cleric","player_choice":"Healed","floor":8.0,"gold_loss":35.0,"damage_taken":0.0}],"is_beta":false,"boss_relics":[],"items_purged_floors":[],"is_endless":false,"potions_floor_spawned":[1,6,12,14],"killed_by":"Slime Boss","ascension_level":1}}