{"host":"rp3jcgpl3wimy2es","time":1612930865,"event":{"mods":["BaseMod","Colored Map","Downfall","Minty Spire (QoL Compilation)","StSLib"],"gold_per_floor":[99,110,120,139,153,63,63,83,102,135,135,145,45,73,91,91,91,91],"floor_reached":16,"language":"ENG","playtime":1071,"items_purged":["Slimebound:Strike_Slimebound"],"score":122,"play_id":"a1251985-00c3-4746-af77-bcc54490b0e8","local_time":"20210209202105","is_ascension_mode":true,"campfire_choices":[{"data":"Slimebound:Split","floor":1,"key":"SMITH"},{"floor":13,"key":"RECALL"}],"circlet_count":0,"master_deck":["Slimebound:Strike_Slimebound","Slimebound:Tackle","Slimebound:Defend_Slimebound","Slimebound:Defend_Slimebound","Slimebound:Defend_Slimebound","Slimebound:Defend_Slimebound","Slimebound:Split+1","Slimebound:CorrosiveSpit","Slimebound:GoopTackle","Slimebound:SplitMire","Slimebound:SplitBruiser","Slimebound:SlimeSpikes","Slimebound:FlameTackle","Slimebound:LevelUp","Slimebound:SelfFormingGoo","Slimebound:FirmFortitude"],"relics":["Slimebound:AbsorbEndCombat","Matryoshka","downfall:HeartBlessingGreen","Question Card"],"acts_visited":["Exordium"],"potions_floor_usage":[14,14],"damage_taken":[{"damage":0,"enemies":"Cultist","floor":2,"turns":3},{"damage":3,"enemies":"Jaw Worm","floor":3,"turns":3},{"damage":6,"enemies":"Small Slimes","floor":4,"turns":2},{"damage":4,"enemies":"Exordium Thugs","floor":5,"turns":6},{"damage":16,"enemies":"downfall:FleeingMerchant","floor":6,"turns":4},{"damage":12,"enemies":"Blue Slaver","floor":8,"turns":4},{"damage":3,"enemies":"Large Slime","floor":9,"turns":5},{"damage":20,"enemies":"Gremlin Nob","floor":10,"turns":4},{"damage":3,"enemies":"2 Fungi Beasts","floor":12,"turns":3},{"damage":3,"enemies":"Lagavulin","floor":14,"turns":5},{"damage":6,"enemies":"3 Louse","floor":15,"turns":3},{"damage":11,"enemies":"IC_STATUS_ARCHETYPE","floor":16,"turns":2}],"seed_played":"128810884199713112","potions_obtained":[{"floor":3,"key":"BlessingOfTheForge"},{"floor":8,"key":"SpeedPotion"},{"floor":12,"key":"GamblersBrew"},{"floor":14,"key":"Fire Potion"}],"is_trial":false,"path_per_floor":["R","M","M","M","M","$","T","M","M","E","?","M","R","E","M","B"],"character_chosen":"SLIMEBOUND","items_purchased":[],"campfire_rested":0,"item_purchase_floors":[],"current_hp_per_floor":[59,61,58,52,52,42,42,32,35,17,17,14,14,17,11,0,0,0],"gold":91,"neow_bonus":"TWENTY_PERCENT_HP_BONUS","is_daily":false,"chose_seed":false,"campfire_upgraded":1,"win_rate":0.0,"timestamp":1612930865,"path_taken":["R","M","M","M","M","?","T","M","M","E","?","M","R","E","M","BOSS"],"items_purchased_type":[],"build_version":"2020-12-22","purchased_purges":1,"victory":false,"max_hp_per_floor":[77,77,77,77,77,77,77,77,77,77,77,77,77,77,77,77,77,77],"card_choices":[{"not_picked":["Slimebound:ItLooksTasty","Slimebound:MegaLick"],"picked":"Slimebound:GoopTackle","floor":2},{"not_picked":["Slimebound:GoopSpray","Slimebound:GoopTackle"],"picked":"Slimebound:SplitMire","floor":3},{"not_picked":["Slimebound:LivingWall","Slimebound:LeechingTouch","Slimebound:ServeAndProtect"],"picked":"SKIP","floor":4},{"not_picked":["Slimebound:SamplingLick","Slimebound:SlimeSpikes"],"picked":"Slimebound:SplitBruiser","floor":5},{"not_picked":["Slimebound:FinishingTackle","Slimebound:FormOfPuddle"],"picked":"Slimebound:SlimeSpikes","floor":6},{"not_picked":["Slimebound:SamplingLick","Slimebound:ViciousTackle"],"picked":"Slimebound:FlameTackle","floor":8},{"not_picked":["Slimebound:WasteNot","Slimebound:TongueLash","Slimebound:SlimeSpikes"],"picked":"SKIP","floor":9},{"not_picked":["Slimebound:LivingWall","Slimebound:SplitMire"],"picked":"Slimebound:LevelUp","floor":10},{"not_picked":["Slimebound:TongueLash","Slimebound:RollThrough"],"picked":"Slimebound:SelfFormingGoo","floor":12},{"not_picked":["Slimebound:Equalize","Slimebound:ServeAndProtect","Slimebound:Schlurp"],"picked":"SKIP","floor":14},{"not_picked":["Slimebound:LivingWall","Slimebound:RollThrough","Slimebound:ComboTackle"],"picked":"Slimebound:FirmFortitude","floor":15}],"player_experience":156444,"relics_obtained":[{"floor":10,"key":"Matryoshka"},{"floor":14,"key":"Question Card"}],"event_choices":[],"is_beta":false,"boss_relics":[],"items_purged_floors":[6],"is_endless":false,"potions_floor_spawned":[3,8,12,14],"killed_by":"IC_STATUS_ARCHETYPE","ascension_level":1}}