{"host":"h4lp0eeso8a0ssq0","time":1612924023,"event":{"mods":["2.2 Compatiblity","AchievementEnabler","BaseMod","CapriCore","Colored Map","Minty Spire (QoL Compilation)","StSLib","SuperFastMode"],"gold_per_floor":[110,129,129,144,162,162,196,196,196,208,220,320,121,140,140,214,214,226,126,126,76,1,34,34,34,61,79,89,89,120,132,132,208,208,226,116,135,153,153,153],"floor_reached":39,"language":"KOR","playtime":940,"items_purged":["Strike_G","Strike_G"],"score":924,"play_id":"76a4a527-f868-4732-a2f6-e94a599aee32","local_time":"20210210112703","is_ascension_mode":true,"campfire_choices":[{"data":"Blade Dance","floor":6.0,"key":"SMITH"},{"data":"Blade Dance","floor":8.0,"key":"SMITH"},{"data":"Accuracy","floor":15.0,"key":"SMITH"},{"floor":24.0,"key":"REST"},{"floor":32.0,"key":"REST"}],"circlet_count":0,"master_deck":["AscendersBane","Strike_G","Defend_G","Defend_G","Defend_G+1","Defend_G","Defend_G","Survivor","Neutralize","Flying Knee","Blade Dance+1","Die Die Die","PiercingWail","Backflip","Blade Dance+1","Blade Dance","Choke","Accuracy+1","Deflect","Blade Dance","Bullet Time","Finisher","Blade Dance","Backflip+1","Phantasmal Killer","Accuracy"],"relics":["Ring of the Serpent","NeowsBlessing","TungstenRod","StoneCalendar","Sozu","Pocketwatch","Pen Nib"],"acts_visited":["Exordium","TheCity","TheBeyond"],"potions_floor_usage":[],"damage_taken":[{"damage":0.0,"enemies":"Cultist","floor":1.0,"turns":1.0},{"damage":0.0,"enemies":"Small Slimes","floor":2.0,"turns":1.0},{"damage":0.0,"enemies":"2 Louse","floor":4.0,"turns":1.0},{"damage":10.0,"enemies":"Gremlin Gang","floor":5.0,"turns":3.0},{"damage":0.0,"enemies":"3 Sentries","floor":7.0,"turns":8.0},{"damage":9.0,"enemies":"3 Louse","floor":10.0,"turns":3.0},{"damage":0.0,"enemies":"Large Slime","floor":11.0,"turns":3.0},{"damage":5.0,"enemies":"Exordium Wildlife","floor":14.0,"turns":4.0},{"damage":24.0,"enemies":"The Guardian","floor":16.0,"turns":9.0},{"damage":16.0,"enemies":"Spheric Guardian","floor":18.0,"turns":4.0},{"damage":6.0,"enemies":"Slavers","floor":23.0,"turns":3.0},{"damage":5.0,"enemies":"2 Thieves","floor":27.0,"turns":2.0},{"damage":0.0,"enemies":"Sentry and Sphere","floor":28.0,"turns":3.0},{"damage":14.0,"enemies":"Book of Stabbing","floor":30.0,"turns":3.0},{"damage":8.0,"enemies":"Centurion and Healer","floor":31.0,"turns":3.0},{"damage":20.0,"enemies":"Champ","floor":33.0,"turns":6.0},{"damage":33.0,"enemies":"3 Shapes","floor":35.0,"turns":3.0},{"damage":1,"enemies":"Orb Walker","floor":37,"turns":3},{"damage":14,"enemies":"3 Darklings","floor":38,"turns":3},{"damage":0,"enemies":"4 Shapes","floor":39,"turns":1}],"seed_played":"7334638329190638485","potions_obtained":[{"floor":1.0,"key":"Energy Potion"},{"floor":2.0,"key":"EssenceOfSteel"},{"floor":11.0,"key":"LiquidBronze"}],"is_trial":false,"path_per_floor":["M","M","?","M","M","R","E","R","T","M","M","?","$","M","R","B",null,"M","$","?","$","?","E","R","$","T","M","M","$","E","M","R","B",null,"M","?","M","M","M"],"character_chosen":"THE_SILENT","items_purchased":["Accuracy","Deflect","Blade Dance"],"campfire_rested":2,"item_purchase_floors":[13,13,21],"current_hp_per_floor":[59,59,59,59,49,49,49,49,49,40,40,40,40,35,35,11,52,36,36,36,36,36,30,49,49,49,44,44,44,30,22,41,21,55,22,22,21,7,7,7],"gold":153,"neow_bonus":"THREE_ENEMY_KILL","is_daily":false,"chose_seed":false,"campfire_upgraded":3,"win_rate":0.0,"timestamp":1612924023,"path_taken":["M","?","?","M","?","R","E","R","T","M","M","?","$","?","R","BOSS","M","$","?","$","?","E","R","?","T","M","M","?","E","M","R","BOSS","M","?","?","M","M"],"items_purchased_type":["Card","Card","Card"],"build_version":"2020-12-22","purchased_purges":2,"victory":false,"max_hp_per_floor":[66,66,66,66,66,66,66,66,66,66,66,66,66,66,66,66,66,66,66,66,66,66,66,66,66,66,66,66,66,66,66,66,66,66,66,66,66,66,66,66],"card_choices":[{"not_picked":["All Out Attack","Acrobatics"],"picked":"Flying Knee","floor":1.0},{"not_picked":["PiercingWail","Blur"],"picked":"Blade Dance","floor":2.0},{"not_picked":["Quick Slash","Bouncing Flask"],"picked":"Backflip","floor":4.0},{"not_picked":["Dagger Throw","Masterful Stab"],"picked":"Blade Dance","floor":5.0},{"not_picked":["Footwork","Underhanded Strike"],"picked":"Blade Dance","floor":7.0},{"not_picked":["Heel Hook","Noxious Fumes","Skewer"],"picked":"SKIP","floor":10.0},{"not_picked":["Quick Slash","Well Laid Plans"],"picked":"Choke","floor":11.0},{"not_picked":["Poisoned Stab","Quick Slash"],"picked":"Blade Dance","floor":14.0},{"not_picked":["Die Die Die","Burst"],"picked":"Bullet Time","floor":16.0},{"not_picked":["Sucker Punch","Underhanded Strike"],"picked":"Finisher","floor":18.0},{"not_picked":["Tactician","Deflect","Flying Knee"],"picked":"SKIP","floor":23.0},{"not_picked":["Blur","Infinite Blades"],"picked":"Backflip+1","floor":27.0},{"not_picked":["Endless Agony","Slice","Skewer"],"picked":"SKIP","floor":28.0},{"not_picked":["Noxious Fumes","Quick Slash","Sucker Punch"],"picked":"SKIP","floor":30.0},{"not_picked":["Flying Knee","All Out Attack","Poisoned Stab"],"picked":"SKIP","floor":31.0},{"not_picked":["A Thousand Cuts","Glass Knife"],"picked":"Phantasmal Killer","floor":33.0},{"not_picked":["Prepared","Deadly Poison","Dagger Spray"],"picked":"SKIP","floor":35.0},{"not_picked":["Acrobatics+1","Expertise"],"picked":"Accuracy","floor":37},{"not_picked":["Backstab+1","Slice+1","Eviscerate"],"picked":"SKIP","floor":38}],"player_experience":202754,"relics_obtained":[{"floor":7.0,"key":"TungstenRod"},{"floor":9.0,"key":"StoneCalendar"},{"floor":23.0,"key":"Pocketwatch"},{"floor":26.0,"key":"Pen Nib"}],"event_choices":[{"damage_healed":0.0,"max_hp_gain":0.0,"max_hp_loss":0.0,"gold_gain":0.0,"event_name":"Match and Keep!","player_choice":"2 cards matched","floor":3.0,"gold_loss":0.0,"damage_taken":0.0,"cards_obtained":["Die Die Die","PiercingWail"]},{"damage_healed":0.0,"max_hp_gain":0.0,"max_hp_loss":0.0,"gold_gain":100.0,"event_name":"Wheel of Change","player_choice":"Gold","floor":12.0,"gold_loss":0.0,"damage_taken":0.0},{"damage_healed":0.0,"max_hp_gain":0.0,"max_hp_loss":0.0,"gold_gain":0.0,"event_name":"Cursed Tome","player_choice":"Ignored","floor":20.0,"gold_loss":0.0,"damage_taken":0.0},{"cards_removed":["Strike_G"],"damage_healed":0.0,"max_hp_gain":0.0,"max_hp_loss":0.0,"gold_gain":0.0,"event_name":"Beggar","player_choice":"Gave Gold","floor":22.0,"gold_loss":75.0,"damage_taken":0.0},{"cards_removed":["Strike_G"],"damage_healed":0.0,"max_hp_gain":0.0,"max_hp_loss":0.0,"gold_gain":0.0,"event_name":"Designer","player_choice":"Upgrade and Remove","floor":36.0,"gold_loss":110.0,"damage_taken":0.0,"cards_upgraded":["Defend_G"]}],"is_beta":false,"boss_relics":[{"not_picked":["Runic Pyramid","SacredBark"],"picked":"Sozu"},{"not_picked":["Runic Dome","Black Star"],"picked":"Ring of the Serpent"}],"items_purged_floors":[13,19],"is_endless":false,"potions_floor_spawned":[1,2,11,14,23,27,28],"killed_by":"4 Shapes","ascension_level":18}}