{"host":"815dqs41i1y8uxms","time":1612986823,"event":{"mods":["A Penny For Your Troubles","Act Like it!","BaseMod","Elementarium","GungeonMod","Minty Spire (QoL Compilation)","Rare Cards Sparkle","Shop Mod","Spire Arcade","StSLib"],"gold_per_floor":[109,12,12,12,27,27,52,52,52,52,62,62,88,88,88,216,216,241,241,241,261,322,322,322],"floor_reached":23,"language":"ENG","playtime":1075,"items_purged":[],"score":247,"play_id":"7667d1d1-f868-4c9f-b204-3a53daa8bced","local_time":"20210210205343","is_ascension_mode":false,"campfire_choices":[{"data":"DemoMod:TripleGun","floor":6,"key":"SMITH"},{"data":"DemoMod:ManualReload","floor":8,"key":"SMITH"},{"data":"DemoMod:CrossBow","floor":10,"key":"SMITH"},{"data":"DemoMod:BoxingGlove","floor":12,"key":"SMITH"},{"data":"DemoMod:SAA","floor":15,"key":"SMITH"}],"circlet_count":0,"master_deck":["DemoMod:Defend_Huntress","DemoMod:Defend_Huntress","DemoMod:Defend_Huntress","DemoMod:Defend_Huntress","DemoMod:Roll","DemoMod:ManualReload+1","DemoMod:RustySidearm","DemoMod:CrossBow+1","DemoMod:TeaPot","DemoMod:Ejector","DemoMod:TripleGun+1","Pain","DemoMod:MachoBrace","DemoMod:SAA+1","DemoMod:BoxingGlove+1","DemoMod:ConditionalReflex","Injury","DemoMod:SuppressiveFire","CurseOfTheBell","DemoMod:HardPowerCard","Bite","Bite","Bite","Bite","Bite","DemoMod:LifeOrb+1","DemoMod:DirectionalPad"],"relics":["DemoMod:Dog","NeowsBlessing","Juzu Bracelet","WarpedTongs","DemoMod:RedGuonStone","DemoMod:MemoryAlloy","Golden Idol","Calling Bell","Nunchaku","Gremlin Horn","Mango","Mummified Hand","DemoMod:GlassGuonStoneRelic"],"acts_visited":["Exordium","TheCity"],"potions_floor_usage":[13,16,16,21,21,22,23],"damage_taken":[{"damage":0,"enemies":"Cultist","floor":1,"turns":1},{"damage":0,"enemies":"Small Slimes","floor":5,"turns":1},{"damage":0,"enemies":"Lagavulin","floor":7,"turns":1},{"damage":1,"enemies":"Jaw Worm","floor":11,"turns":3},{"damage":9,"enemies":"3 Sentries","floor":13,"turns":6},{"damage":36,"enemies":"The Guardian","floor":16,"turns":13},{"damage":0,"enemies":"Spheric Guardian","floor":18,"turns":1},{"damage":20,"enemies":"2 Thieves","floor":21,"turns":4},{"damage":55,"enemies":"Snecko","floor":22,"turns":10},{"damage":12,"enemies":"Gremlin Leader","floor":23,"turns":2}],"seed_played":"-8611556430221702832","potions_obtained":[{"floor":7,"key":"GamblersBrew"},{"floor":11,"key":"AttackPotion"},{"floor":13,"key":"Fire Potion"},{"floor":16,"key":"Explosive Potion"},{"floor":18,"key":"DistilledChaos"},{"floor":20,"key":"DuplicationPotion"},{"floor":20,"key":"SkillPotion"},{"floor":21,"key":"Block Potion"}],"is_trial":false,"path_per_floor":["M","$","?","?","M","R","E","R","T","R","M","R","E","?","R","B",null,"M","?","?","M","M","E"],"character_chosen":"HUNTRESS","items_purchased":["DemoMod:Ejector","DemoMod:TripleGun"],"campfire_rested":0,"item_purchase_floors":[2,2],"current_hp_per_floor":[70,70,70,75,75,75,75,75,75,75,74,74,65,65,65,29,89,89,62,62,50,7,0,0],"gold":322,"neow_bonus":"THREE_ENEMY_KILL","is_daily":false,"chose_seed":false,"campfire_upgraded":5,"win_rate":0.0,"timestamp":1612986823,"path_taken":["M","$","?","?","M","R","E","R","T","R","M","R","E","?","R","BOSS","M","?","?","M","M","E"],"items_purchased_type":["Card","Card"],"build_version":"2020-12-22","purchased_purges":0,"victory":false,"max_hp_per_floor":[70,70,70,75,75,75,75,75,75,75,75,75,75,75,75,75,89,89,62,62,62,62,62,62],"card_choices":[{"not_picked":["DemoMod:ConditionalReflex","DemoMod:Purify"],"picked":"DemoMod:TeaPot","floor":1},{"not_picked":["DemoMod:CombinedRifle","DemoMod:TripleGun"],"picked":"DemoMod:MachoBrace","floor":5},{"not_picked":["DemoMod:StickyCrossBow","DemoMod:BattleInHaste"],"picked":"DemoMod:SAA","floor":7},{"not_picked":["DemoMod:Ejector","DemoMod:MachoBrace"],"picked":"DemoMod:BoxingGlove","floor":11},{"not_picked":["DemoMod:TeaPot","DemoMod:BattleInHaste"],"picked":"DemoMod:ConditionalReflex","floor":13},{"not_picked":["DemoMod:BlankBullets","DemoMod:Desperate"],"picked":"DemoMod:SuppressiveFire","floor":16},{"not_picked":["DemoMod:FastSwitch","DemoMod:Ejector"],"picked":"DemoMod:HardPowerCard","floor":18},{"not_picked":["DemoMod:DoubleSwitch","DemoMod:HardPowerCard"],"picked":"DemoMod:LifeOrb+1","floor":21},{"not_picked":["DemoMod:TeaPot","DemoMod:FastSwitch"],"picked":"DemoMod:DirectionalPad","floor":22}],"player_experience":3769930,"relics_obtained":[{"floor":1,"key":"Juzu Bracelet"},{"floor":7,"key":"DemoMod:RedGuonStone"},{"floor":13,"key":"DemoMod:MemoryAlloy"},{"floor":17,"key":"Nunchaku"},{"floor":17,"key":"Gremlin Horn"},{"floor":17,"key":"Mango"},{"floor":21,"key":"Mummified Hand"}],"event_choices":[{"damage_healed":0,"gold_gain":0,"player_choice":"Rummage","damage_taken":0,"relics_obtained":["WarpedTongs"],"max_hp_gain":0,"max_hp_loss":0,"event_name":"Accursed Blacksmith","floor":3,"gold_loss":0,"cards_obtained":["Pain"]},{"damage_healed":0,"gold_gain":0,"player_choice":"Donut","damage_taken":0,"max_hp_gain":5,"max_hp_loss":0,"event_name":"Big Fish","floor":4,"gold_loss":0},{"damage_healed":0,"gold_gain":0,"player_choice":"Take Wound","damage_taken":0,"relics_obtained":["Golden Idol"],"max_hp_gain":0,"max_hp_loss":0,"event_name":"Golden Idol","floor":14,"gold_loss":0,"cards_obtained":["Injury"]},{"damage_healed":0,"gold_gain":0,"player_choice":"Became a vampire","damage_taken":0,"max_hp_gain":0,"max_hp_loss":27,"event_name":"Vampires","floor":19,"gold_loss":0,"cards_obtained":["Bite","Bite","Bite","Bite","Bite"]},{"damage_healed":0,"gold_gain":0,"player_choice":"Got Potions","damage_taken":0,"max_hp_gain":0,"max_hp_loss":0,"event_name":"Lab","floor":20,"gold_loss":0}],"is_beta":false,"boss_relics":[{"not_picked":["Astrolabe","DemoMod:ElasticCartridgeClip"],"picked":"Calling Bell"}],"items_purged_floors":[],"is_endless":false,"potions_floor_spawned":[7,11,13,16,18,21],"killed_by":"Gremlin Leader","ascension_level":0}}