{"host":"8eqe2o2g03nh9rfw","time":1612949897,"event":{"mods":["AchievementEnabler","AlwaysNeverKeys","BaseMod","Better Third Choice","Block Reminder","Colored Map","Colored Powertips","GifTheSpireLib","Minty Spire (QoL Compilation)","Permanent Neow","Quick Restart","StSLib","Weighted Paths"],"gold_per_floor":[113,130,130,130,143,143,176,176,199,199,199,211,269,269,269,374,374,393,7,7,19,19,19,38,67,93,93,17,17,44,58,58,58,58],"floor_reached":33,"language":"ENG","playtime":1817,"items_purged":["Burn"],"score":281,"play_id":"049e6c9e-4980-473e-8c71-2465a8b7513e","local_time":"20210210043817","is_ascension_mode":false,"campfire_choices":[{"data":"Capacitor","floor":6,"key":"SMITH"},{"data":"Zap","floor":8,"key":"SMITH"},{"data":"Aggregate","floor":10,"key":"SMITH"},{"floor":15,"key":"REST"},{"floor":23,"key":"REST"},{"floor":27,"key":"REST"},{"floor":29,"key":"REST"},{"floor":32,"key":"REST"}],"circlet_count":0,"master_deck":["Strike_B","Strike_B","Strike_B","Strike_B","Defend_B","Defend_B","Defend_B","Zap+1","Dualcast","Glacier","Chill+1","Capacitor+1","Aggregate+1","Rainbow","Chaos","Amplify","Turbo+1","Self Repair","Chrysalis","Blind","Dramatic Entrance","Bandage Up","Sunder","Beam Cell+1","Redo","Self Repair","Redo+1"],"relics":["Cracked Core","FossilizedHelix","Smiling Mask","Juzu Bracelet","Pear","Inserter","Calipers","Question Card","Omamori","Mercury Hourglass"],"acts_visited":["Exordium","TheCity"],"potions_floor_usage":[16,16,30,33,33],"damage_taken":[{"damage":0,"enemies":"2 Louse","floor":1,"turns":3},{"damage":0,"enemies":"Jaw Worm","floor":2,"turns":3},{"damage":0,"enemies":"Small Slimes","floor":5,"turns":3},{"damage":23,"enemies":"Gremlin Nob","floor":7,"turns":6},{"damage":6,"enemies":"2 Fungi Beasts","floor":12,"turns":5},{"damage":6,"enemies":"3 Sentries","floor":13,"turns":10},{"damage":4,"enemies":"The Guardian","floor":16,"turns":10},{"damage":23,"enemies":"Spheric Guardian","floor":18,"turns":7},{"damage":18,"enemies":"Shell Parasite","floor":21,"turns":11},{"damage":26,"enemies":"Sentry and Sphere","floor":24,"turns":9},{"damage":22,"enemies":"Gremlin Leader","floor":25,"turns":9},{"damage":57,"enemies":"Book of Stabbing","floor":30,"turns":6},{"damage":17,"enemies":"Snecko","floor":31,"turns":7},{"damage":80,"enemies":"Collector","floor":33,"turns":6}],"seed_played":"3023916462203063198","potions_obtained":[{"floor":1,"key":"LiquidMemories"},{"floor":12,"key":"ColorlessPotion"},{"floor":13,"key":"SpeedPotion"},{"floor":16,"key":"SmokeBomb"},{"floor":18,"key":"LiquidBronze"},{"floor":31,"key":"Fire Potion"}],"is_trial":false,"path_per_floor":["M","M","?","?","M","R","E","R","T","R","?","M","?","?","R","B",null,"M","$","?","M","?","R","M","E","T","R","$","R","E","M","R","B"],"character_chosen":"DEFECT","items_purchased":["Self Repair","Chrysalis","Blind","Self Repair"],"campfire_rested":5,"item_purchase_floors":[19,19,19,28],"current_hp_per_floor":[68,68,68,68,68,68,45,45,45,45,50,44,48,41,65,61,83,60,60,41,34,34,58,43,32,32,56,56,80,41,42,66,0,0],"gold":58,"neow_bonus":"ONE_RARE_RELIC","is_daily":false,"chose_seed":false,"campfire_upgraded":3,"win_rate":0.0,"timestamp":1612949897,"path_taken":["M","M","?","?","M","R","E","R","T","R","?","M","?","?","R","BOSS","M","$","?","M","?","R","M","E","T","R","$","R","E","M","R","BOSS"],"items_purchased_type":["Card","Card","Card","Card"],"build_version":"2020-12-22","purchased_purges":1,"victory":false,"max_hp_per_floor":[68,68,68,68,68,68,68,68,68,68,73,73,83,83,83,83,83,83,83,83,83,83,83,83,83,83,83,83,83,83,83,83,83,83],"card_choices":[{"not_picked":["Rebound","Gash"],"picked":"Glacier","floor":1},{"not_picked":["Rebound","Hologram"],"picked":"Chill","floor":2},{"not_picked":["Compile Driver","Rebound"],"picked":"Capacitor","floor":5},{"not_picked":["Coolheaded","Compile Driver"],"picked":"Aggregate","floor":7},{"not_picked":["Stack","Turbo"],"picked":"Rainbow","floor":12},{"not_picked":["Cold Snap","Chill"],"picked":"Chaos","floor":13},{"not_picked":["Meteor Strike","Hyperbeam"],"picked":"Amplify","floor":16},{"not_picked":["Rebound","Stack+1"],"picked":"Turbo+1","floor":18},{"not_picked":["Hologram","Leap"],"picked":"Sunder","floor":21},{"not_picked":["Buffer","Coolheaded+1"],"picked":"Beam Cell+1","floor":24},{"not_picked":["Leap","Chill"],"picked":"Redo","floor":25},{"not_picked":["Undo","Glacier","Cold Snap"],"picked":"Redo+1","floor":30},{"not_picked":["Hologram","Rebound","Heatsinks+1","Tempest"],"picked":"SKIP","floor":31}],"player_experience":83421,"relics_obtained":[{"floor":7,"key":"Smiling Mask"},{"floor":9,"key":"Juzu Bracelet"},{"floor":13,"key":"Pear"},{"floor":25,"key":"Question Card"},{"floor":26,"key":"Omamori"},{"floor":30,"key":"Mercury Hourglass"}],"event_choices":[{"damage_healed":68,"gold_gain":0,"player_choice":"Embrace Burn","damage_taken":0,"max_hp_gain":0,"max_hp_loss":68,"event_name":"betterThird:BetterShining","floor":3,"gold_loss":0},{"damage_healed":0,"gold_gain":0,"player_choice":"Grow","damage_taken":0,"max_hp_gain":0,"max_hp_loss":0,"event_name":"Living Wall","floor":4,"gold_loss":0,"cards_upgraded":["Chill"]},{"damage_healed":0,"gold_gain":0,"player_choice":"Donut","damage_taken":0,"max_hp_gain":5,"max_hp_loss":0,"event_name":"Big Fish","floor":11,"gold_loss":0},{"damage_healed":0,"gold_gain":0,"player_choice":"Searched \u00271\u0027 times","damage_taken":0,"max_hp_gain":0,"max_hp_loss":0,"event_name":"Dead Adventurer","floor":13,"gold_loss":0},{"cards_removed":["Defend_B"],"damage_healed":0,"gold_gain":0,"player_choice":"Card Removal","damage_taken":7,"max_hp_gain":0,"max_hp_loss":0,"event_name":"Golden Wing","floor":14,"gold_loss":0},{"damage_healed":0,"gold_gain":0,"player_choice":"CARD CARD ","damage_taken":19,"max_hp_gain":0,"max_hp_loss":0,"event_name":"Knowing Skull","floor":20,"potions_obtained":[],"gold_loss":0,"cards_obtained":["Dramatic Entrance","Bandage Up"]},{"damage_healed":0,"gold_gain":0,"player_choice":"Opened","damage_taken":0,"relics_obtained":["Calipers"],"max_hp_gain":0,"max_hp_loss":0,"event_name":"The Mausoleum","floor":22,"gold_loss":0}],"is_beta":false,"boss_relics":[{"not_picked":["Cursed Key","Busted Crown"],"picked":"Inserter"}],"items_purged_floors":[19],"is_endless":false,"potions_floor_spawned":[1,12,13,16,18,31],"killed_by":"Collector","ascension_level":0}}