{"host":"sav7uxregyirlf69","time":1612946896,"event":{"mods":["AchievementEnabler","BaseMod","Colored Map","DeckTracker","Keyboard Shortcuts","Minty Spire (QoL Compilation)","READ ME - Guardian Mod","StSLib","SuperFastMode"],"gold_per_floor":[217,217,177,200,215,215,254,269,294,338,338,95,95,113,113,208,208,231,231,56,56,69,69,95,95,95,58,85,113,128,148,148,222,222,240,240,250,250,69,69,69,88,88,88,104,129,129,155,155,155,155],"floor_reached":50,"language":"KOR","playtime":1208,"items_purged":["Strike_G","Slice","Distraction"],"score":1142,"play_id":"dc25e3bd-5115-4751-bfe0-b672aeb37b65","local_time":"20210210174816","is_ascension_mode":true,"campfire_choices":[{"data":"Neutralize","floor":6.0,"key":"SMITH"},{"floor":13.0,"key":"REST"},{"data":"Bouncing Flask","floor":15.0,"key":"SMITH"},{"data":"Well Laid Plans","floor":23.0,"key":"SMITH"},{"data":"Wraith Form v2","floor":32,"key":"SMITH"},{"data":"Acrobatics","floor":40,"key":"SMITH"},{"data":"Burst","floor":47,"key":"SMITH"},{"floor":49,"key":"RECALL"}],"circlet_count":0,"master_deck":["AscendersBane","Survivor","Neutralize+1","Poisoned Stab","Dagger Throw","Dagger Spray","Backstab","Bouncing Flask+1","Crippling Poison","Burst+1","Skewer","Acrobatics+1","Grand Finale","Wraith Form v2+1","Well Laid Plans+1","Crippling Poison","Die Die Die","Ghostly","Ghostly","Ghostly","Footwork","Endless Agony","Prepared","Catalyst"],"relics":["Ring of the Snake","Bloody Idol","Snake Skull","Juzu Bracelet","Lantern","TheAbacus","Pandora\u0027s Box","Singing Bowl","Nunchaku","PreservedInsect","Sozu","Mercury Hourglass","The Courier","Pocketwatch"],"acts_visited":["Exordium","TheCity","TheBeyond"],"potions_floor_usage":[30,30,33],"damage_taken":[{"damage":0.0,"enemies":"2 Louse","floor":1.0,"turns":4.0},{"damage":3.0,"enemies":"Cultist","floor":4.0,"turns":4.0},{"damage":6.0,"enemies":"Jaw Worm","floor":5.0,"turns":5.0},{"damage":22.0,"enemies":"Lagavulin","floor":7.0,"turns":6.0},{"damage":0.0,"enemies":"Blue Slaver","floor":8.0,"turns":3.0},{"damage":27.0,"enemies":"3 Sentries","floor":10.0,"turns":10.0},{"damage":3.0,"enemies":"Looter","floor":14.0,"turns":2.0},{"damage":6.0,"enemies":"Hexaghost","floor":16.0,"turns":8.0},{"damage":0.0,"enemies":"Spheric Guardian","floor":18.0,"turns":2.0},{"damage":13.0,"enemies":"Shell Parasite","floor":22.0,"turns":3.0},{"damage":39.0,"enemies":"Book of Stabbing","floor":24.0,"turns":5.0},{"damage":4.0,"enemies":"Gremlin Leader","floor":29.0,"turns":5.0},{"damage":9,"enemies":"Cultist and Chosen","floor":30,"turns":7},{"damage":5,"enemies":"3 Cultists","floor":31,"turns":4},{"damage":12,"enemies":"Automaton","floor":33,"turns":7},{"damage":2,"enemies":"Orb Walker","floor":35,"turns":4},{"damage":14,"enemies":"3 Darklings","floor":37,"turns":9},{"damage":2,"enemies":"Transient","floor":42,"turns":6},{"damage":7,"enemies":"4 Shapes","floor":45,"turns":5},{"damage":1,"enemies":"Giant Head","floor":46,"turns":6},{"damage":6,"enemies":"Reptomancer","floor":48,"turns":4},{"damage":62,"enemies":"Awakened One","floor":50,"turns":11}],"seed_played":"2429653003692977181","potions_obtained":[{"floor":3.0,"key":"Strength Potion"},{"floor":3.0,"key":"GhostInAJar"},{"floor":7.0,"key":"CunningPotion"},{"floor":16.0,"key":"CunningPotion"},{"floor":22.0,"key":"BlessingOfTheForge"},{"floor":29.0,"key":"Strength Potion"},{"floor":31,"key":"Block Potion"}],"is_trial":false,"path_per_floor":["M","?","?","M","M","R","E","M","T","E","?","$","R","M","R","B",null,"M","?","$","?","M","R","E","?","T","$","T","E","M","M","R","B",null,"M","?","M","?","$","R","?","M","T","?","M","E","R","E","R","B"],"character_chosen":"THE_SILENT","items_purchased":["TheAbacus","Well Laid Plans","Catalyst","Prepared"],"campfire_rested":1,"item_purchase_floors":[12,20,27,39],"current_hp_per_floor":[59,59,59,56,50,50,28,28,28,1,1,1,19,16,16,10,48,48,48,48,48,40,40,8,8,8,8,13,16,12,14,14,9,30,35,35,28,28,28,28,28,33,33,33,31,37,37,38,38,0,0],"gold":155,"neow_bonus":"HUNDRED_GOLD","is_daily":false,"chose_seed":false,"campfire_upgraded":6,"win_rate":0.0,"timestamp":1612946896,"path_taken":["M","?","?","M","?","R","E","M","T","E","?","$","R","M","R","BOSS","M","?","$","?","M","R","E","?","T","?","?","E","M","M","R","BOSS","M","?","M","?","$","R","?","M","T","?","M","E","R","E","R","BOSS"],"items_purchased_type":["Relic","Card","Card","Card"],"build_version":"2020-12-22","purchased_purges":3,"victory":false,"max_hp_per_floor":[66,60,60,60,60,60,60,60,60,60,60,60,60,60,60,60,60,60,60,60,60,60,60,62,31,31,31,31,33,33,35,35,37,37,39,39,41,41,41,41,41,43,43,41,41,43,43,45,45,45,45],"card_choices":[{"not_picked":["Quick Slash","Dodge and Roll"],"picked":"Poisoned Stab","floor":1.0},{"not_picked":["Backflip","Leg Sweep"],"picked":"Dagger Throw","floor":4.0},{"not_picked":["Choke","Dagger Throw"],"picked":"Dagger Spray","floor":5.0},{"not_picked":["Calculated Gamble","Dagger Throw","Deadly Poison"],"picked":"SKIP","floor":7.0},{"not_picked":["Setup","Cloak And Dagger"],"picked":"Backstab","floor":8.0},{"not_picked":["Dodge and Roll","Concentrate"],"picked":"Bouncing Flask","floor":10.0},{"not_picked":["Riddle With Holes","Blade Dance"],"picked":"Crippling Poison","floor":14.0},{"not_picked":["Wraith Form v2","Unload"],"picked":"Burst","floor":16.0},{"not_picked":["Riddle With Holes","Prepared","Quick Slash"],"picked":"SKIP","floor":18.0},{"not_picked":["Dagger Throw+1","Underhanded Strike+1","Dodge and Roll"],"picked":"SKIP","floor":22.0},{"not_picked":["Masterful Stab","Accuracy","Terror+1"],"picked":"Singing Bowl","floor":24.0},{"not_picked":["Endless Agony","Setup","Glass Knife"],"picked":"Singing Bowl","floor":29.0},{"not_picked":["Crippling Poison","Underhanded Strike"],"picked":"Footwork","floor":30},{"not_picked":["Crippling Poison","Dodge and Roll","All Out Attack"],"picked":"Singing Bowl","floor":31},{"not_picked":["Corpse Explosion","Night Terror","Wraith Form v2"],"picked":"Singing Bowl","floor":33},{"not_picked":["Finisher","Dash","Eviscerate+1"],"picked":"Singing Bowl","floor":35},{"not_picked":["Bane","Dagger Throw","Well Laid Plans"],"picked":"Singing Bowl","floor":37},{"not_picked":["Setup","Blade Dance","Deflect"],"picked":"Singing Bowl","floor":42},{"not_picked":["Noxious Fumes","Blur"],"picked":"Catalyst","floor":45},{"not_picked":["Bouncing Flask","Dodge and Roll+1","Cloak And Dagger"],"picked":"Singing Bowl","floor":46},{"not_picked":["Sucker Punch","Deflect","Acrobatics+1"],"picked":"Singing Bowl","floor":48}],"player_experience":1551870,"relics_obtained":[{"floor":7.0,"key":"Snake Skull"},{"floor":9.0,"key":"Juzu Bracelet"},{"floor":10.0,"key":"Lantern"},{"floor":24.0,"key":"Singing Bowl"},{"floor":28.0,"key":"Nunchaku"},{"floor":29.0,"key":"PreservedInsect"},{"floor":43,"key":"Mercury Hourglass"},{"floor":46,"key":"The Courier"},{"floor":48,"key":"Pocketwatch"}],"event_choices":[{"damage_healed":0.0,"max_hp_gain":0.0,"max_hp_loss":6.0,"gold_gain":0.0,"event_name":"Golden Idol","player_choice":"Lose Max HP","floor":2.0,"gold_loss":0.0,"damage_taken":0.0,"relics_obtained":["Golden Idol"]},{"damage_healed":0.0,"max_hp_gain":0.0,"max_hp_loss":0.0,"gold_gain":0.0,"event_name":"The Woman in Blue","player_choice":"Bought 3 Potions","floor":3.0,"gold_loss":0.0,"damage_taken":0.0},{"damage_healed":0.0,"max_hp_gain":0.0,"max_hp_loss":0.0,"gold_gain":0.0,"event_name":"Scrap Ooze","player_choice":"Fled","floor":11.0,"gold_loss":0.0,"damage_taken":0.0},{"damage_healed":0.0,"max_hp_gain":0.0,"max_hp_loss":0.0,"gold_gain":0.0,"event_name":"Forgotten Altar","player_choice":"Gave Idol","floor":19.0,"relics_lost":["Golden Idol"],"gold_loss":0.0,"damage_taken":0.0,"relics_obtained":["Bloody Idol"]},{"damage_healed":0.0,"max_hp_gain":0.0,"max_hp_loss":0.0,"gold_gain":0.0,"cards_transformed":["Sucker Punch","Underhanded Strike"],"event_name":"Drug Dealer","player_choice":"Became Test Subject","floor":21.0,"gold_loss":0.0,"damage_taken":0.0,"cards_obtained":["Crippling Poison","Die Die Die"]},{"damage_healed":0.0,"max_hp_gain":0.0,"max_hp_loss":31.0,"gold_gain":0.0,"event_name":"Ghosts","player_choice":"Became a Ghost","floor":25.0,"gold_loss":0.0,"damage_taken":0.0,"cards_obtained":["Ghostly","Ghostly","Ghostly"]},{"damage_healed":0,"gold_gain":0,"cards_transformed":["Riddle With Holes"],"player_choice":"Transformed","damage_taken":0,"max_hp_gain":0,"max_hp_loss":0,"event_name":"Transmorgrifier","floor":36,"gold_loss":0,"cards_obtained":["Endless Agony"]},{"damage_healed":0,"gold_gain":0,"player_choice":"Ignored","damage_taken":0,"max_hp_gain":0,"max_hp_loss":0,"event_name":"Tomb of Lord Red Mask","floor":38,"gold_loss":0},{"cards_removed":["Catalyst"],"damage_healed":0,"gold_gain":0,"player_choice":"Removed Skill","damage_taken":0,"max_hp_gain":0,"max_hp_loss":0,"event_name":"Falling","floor":41,"gold_loss":0},{"damage_healed":0,"gold_gain":0,"player_choice":"Max HP","damage_taken":0,"max_hp_gain":0,"max_hp_loss":2,"event_name":"Winding Halls","floor":44,"gold_loss":0}],"is_beta":false,"boss_relics":[{"not_picked":["Snecko Eye","SacredBark"],"picked":"Pandora\u0027s Box"},{"not_picked":["Tiny House","Astrolabe"],"picked":"Sozu"}],"items_purged_floors":[12,20,39],"is_endless":false,"potions_floor_spawned":[5,7,16,22,29,31,45,46],"killed_by":"Awakened One","ascension_level":20}}