{"host":"1vy6j31128f61x2z","time":1612984490,"event":{"mods":["AchievementEnabler","BaseMod","Colored Powertips","Minty Spire (QoL Compilation)","Permanent Neow"],"gold_per_floor":[119,139,139,150,100,135,145,145,145,145,171,191,191,191,191,291,291,304,324,249,339,365,365,385,413,413,447,447,447,53,53,53,158,158,178,29,54,71,121,121,121,121,121,148,148,163,179,31,31,31],"floor_reached":51,"language":"ENG","playtime":2122,"items_purged":[],"score":1003,"play_id":"7acc4778-d478-4d55-a64e-87084884676c","local_time":"20210210141450","is_ascension_mode":true,"campfire_choices":[{"data":"Vault","floor":8,"key":"SMITH"},{"data":"Eruption","floor":10,"key":"SMITH"},{"data":"Collect","floor":13,"key":"SMITH"},{"data":"Prostrate","floor":15,"key":"SMITH"},{"data":"Vigilance","floor":23,"key":"SMITH"},{"data":"Establishment","floor":29,"key":"SMITH"},{"data":"Worship","floor":32,"key":"SMITH"},{"data":"Crescendo","floor":40,"key":"SMITH"},{"data":"Strike_P","floor":42,"key":"SMITH"},{"floor":45,"key":"RECALL"},{"data":"WreathOfFlame","floor":49,"key":"SMITH"}],"circlet_count":0,"master_deck":["Strike_P+1","Strike_P+1","Strike_P+1","Strike_P+1","Defend_P+1","Defend_P+1","Defend_P+1","Eruption+1","Vigilance+1","Vault+1","FollowUp+1","Prostrate+1","Collect+1","CutThroughFate+1","Adaptation+1","LessonLearned+1","Halt+1","Establishment+1","Crescendo+1","ClearTheMind+1","SashWhip+1","CutThroughFate+1","WindmillStrike+1","CarveReality+1","Worship+1","Tantrum+1","Scrawl+1","FollowUp+1","Ragnarok+1","Crescendo+1","CarveReality+1","FlurryOfBlows+1","FlyingSleeves+1","CarveReality+1","Wallop+1","ThirdEye+1","WreathOfFlame+1"],"relics":["HolyWater","Pen Nib","Molten Egg 2","Damaru","Tiny Chest","Coffee Dripper","Vajra","Bag of Preparation","Shuriken","Omamori","Bag of Marbles","Nunchaku","War Paint","Du-Vu Doll","Mummified Hand","Regal Pillow","Orrery"],"acts_visited":["Exordium","TheCity","TheBeyond"],"potions_floor_usage":[11,25,27,33,50,50,50],"damage_taken":[{"damage":0,"enemies":"2 Louse","floor":1,"turns":3},{"damage":1,"enemies":"Small Slimes","floor":2,"turns":3},{"damage":3,"enemies":"Cultist","floor":4,"turns":3},{"damage":16,"enemies":"Gremlin Nob","floor":6,"turns":4},{"damage":4,"enemies":"Red Slaver","floor":7,"turns":5},{"damage":0,"enemies":"Lagavulin","floor":11,"turns":4},{"damage":0,"enemies":"Looter","floor":12,"turns":1},{"damage":0,"enemies":"Hexaghost","floor":16,"turns":7},{"damage":4,"enemies":"3 Byrds","floor":18,"turns":6},{"damage":4,"enemies":"Shell Parasite","floor":19,"turns":4},{"damage":11,"enemies":"3 Cultists","floor":24,"turns":6},{"damage":4,"enemies":"Book of Stabbing","floor":25,"turns":4},{"damage":0,"enemies":"Gremlin Leader","floor":27,"turns":3},{"damage":0,"enemies":"Automaton","floor":33,"turns":4},{"damage":0,"enemies":"3 Shapes","floor":35,"turns":1},{"damage":0,"enemies":"3 Darklings","floor":38,"turns":2},{"damage":0,"enemies":"Mind Bloom Boss Battle","floor":39,"turns":1},{"damage":0,"enemies":"Reptomancer","floor":44,"turns":2},{"damage":0,"enemies":"Spire Growth","floor":46,"turns":1},{"damage":0,"enemies":"Jaw Worm Horde","floor":47,"turns":1},{"damage":66,"enemies":"Awakened One","floor":50,"turns":4}],"seed_played":"744712383544122263","potions_obtained":[{"floor":1,"key":"CultistPotion"},{"floor":2,"key":"PowerPotion"},{"floor":7,"key":"AttackPotion"},{"floor":11,"key":"BlessingOfTheForge"},{"floor":18,"key":"Explosive Potion"},{"floor":27,"key":"Swift Potion"},{"floor":38,"key":"ColorlessPotion"},{"floor":39,"key":"Energy Potion"}],"is_trial":false,"path_per_floor":["M","M","?","M","?","E","M","R","T","R","E","M","R","?","R","B",null,"M","M","?","?","T","R","M","E","T","E","?","R","$","?","R","B",null,"M","$","T","M","?","R","?","R","T","E","R","M","M","$","R","B",null],"character_chosen":"WATCHER","items_purchased":["CarveReality+1","Worship","Nunchaku","Tantrum+1","Ragnarok+1","Orrery"],"campfire_rested":0,"item_purchase_floors":[30,30,30,30,36,48],"current_hp_per_floor":[72,71,71,68,68,52,48,48,48,48,48,48,48,34,34,34,72,68,64,64,52,52,52,41,37,37,37,37,37,37,37,37,37,72,72,72,72,72,72,72,72,72,72,72,72,72,72,72,72,6],"gold":31,"neow_bonus":"ONE_RANDOM_RARE_CARD","is_daily":false,"chose_seed":false,"campfire_upgraded":10,"win_rate":0.0,"timestamp":1612984490,"path_taken":["M","M","?","M","?","E","M","R","T","R","E","M","R","?","R","BOSS","M","M","?","?","?","R","?","E","T","E","?","R","$","?","R","BOSS","M","$","?","M","?","R","?","R","T","E","R","M","M","?","R","BOSS"],"items_purchased_type":["Card","Card","Relic","Card","Card","Relic"],"build_version":"2020-12-22","purchased_purges":0,"victory":true,"max_hp_per_floor":[72,72,72,72,72,72,72,72,72,72,72,72,72,72,72,72,72,72,72,72,72,72,72,72,72,72,72,72,72,72,72,72,72,72,72,72,72,72,72,72,72,72,72,72,72,72,72,72,72,72],"card_choices":[{"not_picked":["Wallop","SashWhip"],"picked":"FollowUp","floor":1},{"not_picked":["Weave","Worship"],"picked":"Prostrate","floor":2},{"not_picked":["Indignation","Weave"],"picked":"Collect","floor":4},{"not_picked":["EmptyFist+1","FlyingSleeves+1"],"picked":"CutThroughFate+1","floor":6},{"not_picked":["PathToVictory","Meditate"],"picked":"Adaptation","floor":7},{"not_picked":["Wallop+1","EmptyBody"],"picked":"LessonLearned+1","floor":11},{"not_picked":["Sanctity","Indignation"],"picked":"Halt","floor":12},{"not_picked":["MasterReality","Alpha"],"picked":"Establishment","floor":16},{"not_picked":["FlyingSleeves+1","Prostrate"],"picked":"Crescendo+1","floor":18},{"not_picked":["Weave+1","FlyingSleeves+1"],"picked":"ClearTheMind","floor":19},{"not_picked":["CutThroughFate+1","EmptyFist+1"],"picked":"SashWhip+1","floor":24},{"not_picked":["WaveOfTheHand","Indignation+1"],"picked":"CutThroughFate+1","floor":25},{"not_picked":["Consecrate+1","LikeWater"],"picked":"WindmillStrike+1","floor":27},{"not_picked":["LessonLearned+1","Alpha"],"picked":"Scrawl","floor":33},{"not_picked":["Meditate","SashWhip+1"],"picked":"FollowUp+1","floor":35},{"not_picked":["Worship","Wireheading"],"picked":"Crescendo","floor":38},{"not_picked":["ClearTheMind","BowlingBash+1"],"picked":"CarveReality+1","floor":39},{"not_picked":["Establishment","JustLucky+1"],"picked":"FlurryOfBlows+1","floor":44},{"not_picked":["PathToVictory","JustLucky+1"],"picked":"FlyingSleeves+1","floor":46},{"not_picked":["SashWhip+1","Weave+1"],"picked":"CarveReality+1","floor":47},{"not_picked":["Nirvana","CrushJoints+1"],"picked":"Wallop+1","floor":48},{"not_picked":["FearNoEvil+1","JustLucky+1"],"picked":"ThirdEye+1","floor":48},{"not_picked":["Prostrate+1","Crescendo"],"picked":"WreathOfFlame","floor":48}],"player_experience":35215,"relics_obtained":[{"floor":6,"key":"Molten Egg 2"},{"floor":9,"key":"Damaru"},{"floor":11,"key":"Tiny Chest"},{"floor":22,"key":"Vajra"},{"floor":25,"key":"Bag of Preparation"},{"floor":26,"key":"Shuriken"},{"floor":27,"key":"Omamori"},{"floor":37,"key":"War Paint"},{"floor":39,"key":"Du-Vu Doll"},{"floor":43,"key":"Mummified Hand"},{"floor":44,"key":"Regal Pillow"}],"event_choices":[{"damage_healed":0,"gold_gain":0,"player_choice":"Box","damage_taken":0,"relics_obtained":["Pen Nib"],"max_hp_gain":0,"max_hp_loss":0,"event_name":"Big Fish","floor":3,"gold_loss":0,"cards_obtained":["Regret"]},{"cards_removed":["Regret"],"damage_healed":0,"gold_gain":0,"player_choice":"Card Removal","damage_taken":0,"max_hp_gain":0,"max_hp_loss":0,"event_name":"The Cleric","floor":5,"gold_loss":50},{"damage_healed":0,"gold_gain":0,"player_choice":"Entered Light","damage_taken":14,"max_hp_gain":0,"max_hp_loss":0,"event_name":"Shining Light","floor":14,"gold_loss":0,"cards_upgraded":["Defend_P","Defend_P"]},{"cards_removed":["Defend_P"],"damage_healed":0,"gold_gain":0,"player_choice":"Gave Gold","damage_taken":0,"max_hp_gain":0,"max_hp_loss":0,"event_name":"Beggar","floor":20,"gold_loss":75},{"damage_healed":0,"gold_gain":90,"player_choice":"GOLD ","damage_taken":12,"max_hp_gain":0,"max_hp_loss":0,"event_name":"Knowing Skull","floor":21,"potions_obtained":[],"gold_loss":0,"cards_obtained":[]},{"damage_healed":0,"gold_gain":0,"player_choice":"Stole Relic","damage_taken":0,"relics_obtained":["Bag of Marbles"],"max_hp_gain":0,"max_hp_loss":0,"event_name":"Addict","floor":28,"gold_loss":0,"cards_obtained":["Shame"]},{"damage_healed":0,"gold_gain":0,"player_choice":"Ignored","damage_taken":0,"max_hp_gain":0,"max_hp_loss":0,"event_name":"Vampires","floor":31,"gold_loss":0},{"damage_healed":0,"gold_gain":0,"player_choice":"Fight","damage_taken":0,"max_hp_gain":0,"max_hp_loss":0,"event_name":"MindBloom","floor":39,"gold_loss":0},{"damage_healed":0,"gold_gain":0,"player_choice":"Ignored","damage_taken":0,"max_hp_gain":0,"max_hp_loss":0,"event_name":"Mysterious Sphere","floor":41,"gold_loss":0}],"is_beta":false,"boss_relics":[{"not_picked":["Sozu","Ectoplasm"],"picked":"Coffee Dripper"},{"not_picked":["Cursed Key","Philosopher\u0027s Stone"],"picked":"HolyWater"}],"items_purged_floors":[],"is_endless":false,"potions_floor_spawned":[1,2,7,11,18,27,38,39,44],"ascension_level":2}}