{"host":"mal0jdk4f6ubgyb8","time":1612926878,"event":{"mods":["100% Spire Juice","Act Like it!","Aspiration","BaseMod","Gensokyo","KinomotoSakuraMod(木之本樱)","Luminous","Marisa（F雨　魔理沙）","Minty Spire (QoL Compilation)","Quick Restart","Relic Stats","Reliquary","Remilia（蕾米莉亚）","Replay The Spire","StSLib","WarShipGirlsR/战舰少女R mod","Yakumo Yukari mod"],"gold_per_floor":[109,109,109,123,48,83,83,116,139,139,89,167,197,210,210,307,307,325,341,341,341,361,113,113,113],"floor_reached":24,"language":"ZHS","playtime":987,"items_purged":["Hallucinations","Normality"],"score":254,"play_id":"393e3a05-cb6e-440c-a121-da5d45231a02","local_time":"20210210111438","is_ascension_mode":true,"campfire_choices":[{"data":"Armaments","floor":7.0,"key":"SMITH"},{"data":"Spot Weakness","floor":10.0,"key":"SMITH"}],"circlet_count":0,"master_deck":["Strike_R","Strike_R+1","Strike_R","Defend_R","Defend_R+1","Defend_R","Defend_R","Bash","Spot Weakness+1","Bloodletting+1","Sword Boomerang+1","Armaments+1","Burning Pact","Replay:Undeath\u0027s Touch","Sword Boomerang"],"relics":["Burning Blood","aspiration:Nostalgia","PureWater","ReplayTheSpireMod:Ring of Exchange","Dream Catcher","Bird Faced Urn","Simple Rune","Boot","Guide Book","Chemical X"],"acts_visited":["Exordium","TheCity"],"potions_floor_usage":[22],"damage_taken":[{"damage":3.0,"enemies":"2 Louse","floor":1.0,"turns":3.0},{"damage":3.0,"enemies":"Jaw Worm","floor":4.0,"turns":4.0},{"damage":12.0,"enemies":"3 Sentries","floor":6.0,"turns":6.0},{"damage":20.0,"enemies":"Gremlin Nob","floor":8.0,"turns":3.0},{"damage":11.0,"enemies":"Lagavulin","floor":13.0,"turns":8.0},{"damage":0.0,"enemies":"Cultist","floor":14.0,"turns":2.0},{"damage":20.0,"enemies":"The Guardian","floor":16.0,"turns":8.0},{"damage":19.0,"enemies":"Shell Parasite","floor":18.0,"turns":5.0},{"damage":0.0,"enemies":"2 Thieves","floor":19.0,"turns":2.0},{"damage":38,"enemies":"Centurion and Healer","floor":22,"turns":9},{"damage":39,"enemies":"Slavers","floor":24,"turns":3}],"seed_played":"-2519348167765767594","potions_obtained":[{"floor":1.0,"key":"Regen Potion"},{"floor":4.0,"key":"BlessingOfTheForge"},{"floor":16.0,"key":"Languid Potion"},{"floor":18.0,"key":"AttackPotion"}],"is_trial":false,"path_per_floor":["M","?","?","M","$","E","R","E","T","R","?","T","E","M","R","B",null,"M","M","?","?","M","$","E"],"character_chosen":"IRONCLAD","items_purchased":["Chemical X"],"campfire_rested":0,"item_purchase_floors":[23],"current_hp_per_floor":[80,80,80,80,80,74,74,66,66,66,66,66,61,67,59,45,80,67,73,73,65,33,33,0,0],"gold":113,"neow_bonus":"NOSTALGIA","is_daily":false,"chose_seed":false,"campfire_upgraded":2,"win_rate":0.0,"timestamp":1612926878,"path_taken":["M","?","?","?","?","E","R","E","T","R","?","?","E","M","R","BOSS","M","M","?","?","M","$","E"],"items_purchased_type":["Relic"],"build_version":"2020-12-22","purchased_purges":2,"victory":false,"max_hp_per_floor":[80,80,80,80,80,80,80,80,80,80,80,80,80,80,80,80,80,80,80,80,80,80,80,80,80],"relic_stats":{"Dream Catcher":0,"counters":[11,53],"Bird Faced Urn":[0],"Chemical X":[1],"Boot":[32],"obtain_stats":[{"ReplayTheSpireMod:Ring of Exchange":2,"Dream Catcher":6,"aspiration:Nostalgia":0,"Bird Faced Urn":8,"Guide Book":17,"Simple Rune":9,"Chemical X":23,"PureWater":0,"Boot":13,"Burning Blood":0},{"ReplayTheSpireMod:Ring of Exchange":1,"Dream Catcher":3,"aspiration:Nostalgia":0,"Bird Faced Urn":4,"Guide Book":7,"Simple Rune":4,"Chemical X":10,"PureWater":0,"Boot":5,"Burning Blood":0},{"ReplayTheSpireMod:Ring of Exchange":3,"Dream Catcher":13,"aspiration:Nostalgia":0,"Bird Faced Urn":16,"Guide Book":34,"Simple Rune":16,"Chemical X":50,"PureWater":0,"Boot":24,"Burning Blood":0}],"Burning Blood":54},"card_choices":[{"not_picked":["Battle Trance","Pommel Strike"],"picked":"Spot Weakness","floor":1.0},{"not_picked":["Cleave","Heavy Blade"],"picked":"Sword Boomerang","floor":4.0},{"not_picked":["True Grit","Rampage"],"picked":"Armaments","floor":6.0},{"not_picked":["Anger","Cleave","Reckless Charge"],"picked":"SKIP","floor":8.0},{"not_picked":["Abandon","Cleave","Searing Blow"],"picked":"SKIP","floor":13.0},{"not_picked":["Bloodletting","Headbutt","Flex"],"picked":"SKIP","floor":14.0},{"not_picked":["Rampage","Heavy Blade"],"picked":"Burning Pact","floor":18.0},{"not_picked":["Cleave","Body Slam"],"picked":"Replay:Undeath\u0027s Touch","floor":19.0},{"not_picked":["Flex","True Grit+1"],"picked":"Sword Boomerang","floor":22}],"player_experience":303803,"relics_obtained":[{"floor":2.0,"key":"ReplayTheSpireMod:Ring of Exchange"},{"floor":6.0,"key":"Dream Catcher"},{"floor":8.0,"key":"Bird Faced Urn"},{"floor":9.0,"key":"Simple Rune"},{"floor":13.0,"key":"Boot"}],"event_choices":[{"damage_healed":0.0,"max_hp_gain":0.0,"max_hp_loss":0.0,"gold_gain":0.0,"cards_transformed":["Strike_R"],"event_name":"Transmorgrifier","player_choice":"Transformed","floor":3.0,"gold_loss":0.0,"damage_taken":0.0,"cards_obtained":["Bloodletting"]},{"cards_removed":["Strike_R"],"damage_healed":0.0,"max_hp_gain":0.0,"max_hp_loss":0.0,"gold_gain":0.0,"event_name":"The Cleric","player_choice":"Card Removal","floor":11.0,"gold_loss":50.0,"damage_taken":0.0},{"damage_healed":0.0,"max_hp_gain":0.0,"max_hp_loss":0.0,"gold_gain":0.0,"event_name":"Wheel of Change","player_choice":"Damaged","floor":15.0,"gold_loss":0.0,"damage_taken":8.0},{"damage_healed":0.0,"max_hp_gain":0.0,"max_hp_loss":0.0,"gold_gain":0.0,"event_name":"Wheel of Change","player_choice":"Damaged","floor":21.0,"gold_loss":0.0,"damage_taken":8.0}],"is_beta":false,"boss_relics":[{"not_picked":["Kintsugi","Astrolabe"],"picked":"Guide Book"}],"items_purged_floors":[5,23],"is_endless":false,"potions_floor_spawned":[1,4,16,18],"killed_by":"Slavers","ascension_level":4}}