{"host":"hw9lt6p3yhr90vz0","time":1612983300,"event":{"mods":["BaseMod","DeckTracker","Minty Spire (QoL Compilation)","Relic Stats"],"gold_per_floor":[116,129,143,143,157,157,190,190,213,225,255,286,309,349,361,473,485,516,544,556,594,623,669,681,693,778,790,902,914,914],"floor_reached":29,"language":"ENG","playtime":2169,"items_purged":[],"score":344,"play_id":"da40b8ab-5553-449d-a162-b10add2d4993","local_time":"20210210135500","is_ascension_mode":true,"campfire_choices":[{"floor":6.0,"key":"REST"},{"floor":8.0,"key":"REST"},{"floor":10.0,"key":"RECALL"},{"floor":15.0,"key":"DIG"},{"floor":24.0,"key":"REST"},{"floor":27.0,"key":"REST"}],"circlet_count":0,"master_deck":["Strike_B","Strike_B","Strike_B","Strike_B","Defend_B","Defend_B","Defend_B","Defend_B","Zap","Dualcast","Melter","Storm","Storm","Auto Shields","Self Repair","Rebound","Leap","Ball Lightning","Reboot","Creative AI","Redo+1","Fusion+1","Parasite","Defragment","Auto Shields+1","Normality"],"relics":["Cracked Core","Boot","Blood Vial","MawBank","Shovel","Vajra","Cursed Key","Oddly Smooth Stone","MealTicket","Torii","StrikeDummy"],"acts_visited":["Exordium","TheCity"],"potions_floor_usage":[29],"damage_taken":[{"damage":0.0,"enemies":"Jaw Worm","floor":1.0,"turns":3.0},{"damage":1.0,"enemies":"Cultist","floor":2.0,"turns":3.0},{"damage":0.0,"enemies":"2 Louse","floor":3.0,"turns":1.0},{"damage":28.0,"enemies":"Large Slime","floor":5.0,"turns":7.0},{"damage":23.0,"enemies":"3 Sentries","floor":7.0,"turns":8.0},{"damage":18.0,"enemies":"Exordium Wildlife","floor":11.0,"turns":3.0},{"damage":18.0,"enemies":"Exordium Thugs","floor":12.0,"turns":5.0},{"damage":7.0,"enemies":"3 Louse","floor":13.0,"turns":3.0},{"damage":33.0,"enemies":"Lagavulin","floor":14.0,"turns":8.0},{"damage":37.0,"enemies":"Hexaghost","floor":16.0,"turns":11.0},{"damage":12.0,"enemies":"Chosen","floor":18.0,"turns":4.0},{"damage":2.0,"enemies":"Shell Parasite","floor":19.0,"turns":5.0},{"damage":26.0,"enemies":"Snake Plant","floor":22.0,"turns":4.0},{"damage":32.0,"enemies":"Gremlin Leader","floor":23.0,"turns":6.0},{"damage":43,"enemies":"Colosseum Slavers","floor":28,"turns":5},{"damage":44,"enemies":"Colosseum Nobs","floor":28,"turns":5},{"damage":15,"enemies":"Slavers","floor":29,"turns":1}],"seed_played":"-6282895503527067729","potions_obtained":[{"floor":1.0,"key":"EssenceOfSteel"},{"floor":2.0,"key":"DuplicationPotion"},{"floor":11.0,"key":"FairyPotion"},{"floor":12.0,"key":"BlessingOfTheForge"},{"floor":13.0,"key":"EssenceOfSteel"},{"floor":14.0,"key":"DistilledChaos"},{"floor":18.0,"key":"EntropicBrew"},{"floor":19.0,"key":"Explosive Potion"},{"floor":28,"key":"PotionOfCapacity"}],"is_trial":false,"path_per_floor":["M","M","M","?","M","R","E","R","T","R","M","M","M","E","R","B",null,"M","M","$","T","M","E","R","?","T","R","?","E"],"character_chosen":"DEFECT","items_purchased":[],"campfire_rested":4,"item_purchase_floors":[],"current_hp_per_floor":[75,74,74,74,46,70,47,71,71,71,62,53,55,34,34,24,68,65,72,72,72,55,32,56,56,56,80,11,0,0],"gold":914,"neow_bonus":"TEN_PERCENT_HP_BONUS","is_daily":false,"chose_seed":false,"campfire_upgraded":0,"win_rate":0.0,"timestamp":1612983300,"path_taken":["M","M","M","?","M","R","E","R","T","R","M","M","M","E","R","BOSS","M","M","$","?","M","E","R","?","T","R","?","E"],"items_purchased_type":[],"build_version":"2020-12-22","purchased_purges":0,"victory":false,"max_hp_per_floor":[82,82,82,82,82,82,82,82,82,82,82,82,82,82,82,82,82,82,82,82,82,82,82,82,82,82,82,82,82,82],"relic_stats":{"Blood Vial":24,"Shovel":1,"Torii":0,"counters":[17,82],"MealTicket":0,"Boot":[11],"MawBank":240,"Cursed Key":2,"obtain_stats":[{"Blood Vial":7,"Shovel":14,"Torii":28,"Vajra":15,"Oddly Smooth Stone":21,"MealTicket":23,"Cracked Core":0,"Boot":4,"MawBank":9,"Cursed Key":17,"StrikeDummy":28},{"Blood Vial":5,"Shovel":9,"Torii":16,"Vajra":9,"Oddly Smooth Stone":12,"MealTicket":14,"Cracked Core":0,"Boot":3,"MawBank":5,"Cursed Key":10,"StrikeDummy":16},{"Blood Vial":22,"Shovel":41,"Torii":81,"Vajra":41,"Oddly Smooth Stone":61,"MealTicket":71,"Cracked Core":0,"Boot":7,"MawBank":22,"Cursed Key":52,"StrikeDummy":81}]},"card_choices":[{"not_picked":["Rebound","BootSequence"],"picked":"Melter","floor":1.0},{"not_picked":["Glacier","Stack"],"picked":"Storm","floor":2.0},{"not_picked":["Darkness","Ball Lightning"],"picked":"Storm","floor":3.0},{"not_picked":["Gash","Cold Snap"],"picked":"Auto Shields","floor":5.0},{"not_picked":["Sweeping Beam","Turbo"],"picked":"Self Repair","floor":7.0},{"not_picked":["Compile Driver","Coolheaded"],"picked":"Rebound","floor":11.0},{"not_picked":["Doom and Gloom","Rip and Tear"],"picked":"Leap","floor":12.0},{"not_picked":["Undo","Redo"],"picked":"Ball Lightning","floor":13.0},{"not_picked":["Ball Lightning","Barrage"],"picked":"Reboot","floor":14.0},{"not_picked":["Meteor Strike","Biased Cognition"],"picked":"Creative AI","floor":16.0},{"not_picked":["Coolheaded+1","Scrape"],"picked":"Redo+1","floor":18.0},{"not_picked":["Ball Lightning","Cold Snap"],"picked":"Fusion+1","floor":19.0},{"not_picked":["Streamline","Loop"],"picked":"Defragment","floor":22.0},{"not_picked":["Sunder","Reinforced Body"],"picked":"Auto Shields+1","floor":23.0}],"player_experience":1403131,"relics_obtained":[{"floor":7.0,"key":"Blood Vial"},{"floor":9.0,"key":"MawBank"},{"floor":14.0,"key":"Shovel"},{"floor":15.0,"key":"Vajra"},{"floor":21.0,"key":"Oddly Smooth Stone"},{"floor":23.0,"key":"MealTicket"},{"floor":28,"key":"Torii"},{"floor":28,"key":"StrikeDummy"}],"event_choices":[{"damage_healed":0.0,"max_hp_gain":0.0,"max_hp_loss":0.0,"gold_gain":0.0,"event_name":"WeMeetAgain","player_choice":"Gave Potion","floor":4.0,"gold_loss":0.0,"damage_taken":0.0,"relics_obtained":["Boot"]},{"damage_healed":0.0,"max_hp_gain":0.0,"max_hp_loss":0.0,"gold_gain":0.0,"event_name":"Ghosts","player_choice":"Ignored","floor":25.0,"gold_loss":0.0,"damage_taken":0.0},{"damage_healed":0,"gold_gain":0,"player_choice":"Fight","damage_taken":0,"max_hp_gain":0,"max_hp_loss":0,"event_name":"Colosseum","floor":28,"gold_loss":0},{"damage_healed":0,"gold_gain":0,"player_choice":"Fought Nobs","damage_taken":0,"max_hp_gain":0,"max_hp_loss":0,"event_name":"Colosseum","floor":28,"gold_loss":0}],"is_beta":false,"boss_relics":[{"not_picked":["Snecko Eye","SlaversCollar"],"picked":"Cursed Key"}],"items_purged_floors":[],"is_endless":false,"potions_floor_spawned":[1,2,11,12,13,14,18,19,28],"killed_by":"Slavers","ascension_level":7}}