{"host":"jn2qdns2nxijvlnt","time":1612937453,"event":{"mods":["BaseMod","Minty Spire (QoL Compilation)","Quick Restart"],"gold_per_floor":[117,128,128,141,101,132,132,157,157,171,171,183,183,183,183,309,309,354,269,269,293,293,293],"floor_reached":22,"language":"ENG","playtime":1504,"items_purged":[],"score":310,"play_id":"3445e1ff-83e3-46a6-b764-b38f2a94365c","local_time":"20210210011053","is_ascension_mode":true,"campfire_choices":[{"floor":7.0,"key":"REST"},{"floor":11.0,"key":"REST"},{"floor":13.0,"key":"REST"},{"floor":15.0,"key":"REST"}],"circlet_count":0,"master_deck":["AscendersBane","Strike_G","Strike_G","Strike_G","Strike_G","Strike_G","Defend_G","Defend_G","Defend_G","Defend_G","Defend_G","Survivor","Neutralize","Cloak And Dagger","Poisoned Stab","Distraction","Dagger Spray","Caltrops","After Image","Injury","Envenom","Blade Dance"],"relics":["Ring of the Snake","NeowsBlessing","Art of War","Blue Candle","HornCleat","Golden Idol","SlaversCollar","Potion Belt","SsserpentHead"],"acts_visited":["Exordium","TheCity"],"potions_floor_usage":[],"damage_taken":[{"damage":0.0,"enemies":"Cultist","floor":1.0,"turns":1.0},{"damage":0.0,"enemies":"Jaw Worm","floor":2.0,"turns":1.0},{"damage":0.0,"enemies":"Small Slimes","floor":4.0,"turns":1.0},{"damage":36.0,"enemies":"3 Sentries","floor":6.0,"turns":12.0},{"damage":32.0,"enemies":"Gremlin Nob","floor":8.0,"turns":5.0},{"damage":6.0,"enemies":"2 Fungi Beasts","floor":10.0,"turns":4.0},{"damage":1.0,"enemies":"Exordium Wildlife","floor":12.0,"turns":3.0},{"damage":65.0,"enemies":"Hexaghost","floor":16.0,"turns":16.0},{"damage":20.0,"enemies":"2 Thieves","floor":18.0,"turns":5.0},{"damage":26.0,"enemies":"3 Byrds","floor":21.0,"turns":4.0},{"damage":0,"enemies":"Cultist and Chosen","floor":22,"turns":4}],"seed_played":"-1801376475010380575","potions_obtained":[{"floor":1.0,"key":"Block Potion"},{"floor":2.0,"key":"Swift Potion"},{"floor":16.0,"key":"ColorlessPotion"},{"floor":21.0,"key":"SpeedPotion"}],"is_trial":false,"path_per_floor":["M","M","?","M","$","E","R","E","T","M","R","M","R","?","R","B",null,"M","?","?","M","M"],"character_chosen":"THE_SILENT","items_purchased":["Distraction"],"campfire_rested":4,"item_purchase_floors":[5],"current_hp_per_floor":[63,63,63,63,63,27,48,16,16,10,31,30,51,51,70,5,54,34,34,34,8,8,8],"gold":293,"neow_bonus":"THREE_ENEMY_KILL","is_daily":false,"chose_seed":false,"campfire_upgraded":0,"win_rate":0.0,"timestamp":1612937453,"path_taken":["M","?","?","M","$","E","R","E","T","M","R","M","R","?","R","BOSS","M","?","?","M","M"],"items_purchased_type":["Card"],"build_version":"2020-12-22","purchased_purges":0,"victory":false,"max_hp_per_floor":[70,70,70,70,70,70,70,70,70,70,70,70,70,70,70,70,70,70,70,70,70,70,70],"card_choices":[{"not_picked":["Acrobatics","Dodge and Roll"],"picked":"Cloak And Dagger","floor":1.0},{"not_picked":["Outmaneuver","Choke","Leg Sweep"],"picked":"SKIP","floor":2.0},{"not_picked":["Reflex","Dodge and Roll"],"picked":"Poisoned Stab","floor":4.0},{"not_picked":["Expertise","Setup"],"picked":"Dagger Spray","floor":6.0},{"not_picked":["Reflex","Bane"],"picked":"Caltrops","floor":8.0},{"not_picked":["Deflect","Prepared"],"picked":"After Image","floor":10.0},{"not_picked":["Slice","Bane","Tactician"],"picked":"SKIP","floor":12.0},{"not_picked":["Glass Knife","Doppelganger"],"picked":"Envenom","floor":16.0},{"not_picked":["Acrobatics","Well Laid Plans","Deflect"],"picked":"SKIP","floor":18.0},{"not_picked":["Blur+1","Calculated Gamble"],"picked":"Blade Dance","floor":21.0}],"player_experience":589468,"relics_obtained":[{"floor":6.0,"key":"Art of War"},{"floor":8.0,"key":"Blue Candle"},{"floor":9.0,"key":"HornCleat"}],"event_choices":[{"damage_healed":0.0,"max_hp_gain":0.0,"max_hp_loss":0.0,"gold_gain":0.0,"event_name":"Golden Wing","player_choice":"Ignored","floor":3.0,"gold_loss":0.0,"damage_taken":0.0},{"damage_healed":0.0,"max_hp_gain":0.0,"max_hp_loss":0.0,"gold_gain":0.0,"event_name":"Golden Idol","player_choice":"Take Wound","floor":14.0,"gold_loss":0.0,"damage_taken":0.0,"relics_obtained":["Golden Idol"],"cards_obtained":["Injury"]},{"damage_healed":0.0,"max_hp_gain":0.0,"max_hp_loss":0.0,"gold_gain":0.0,"event_name":"Addict","player_choice":"Obtained Relic","floor":19.0,"gold_loss":85.0,"damage_taken":0.0,"relics_obtained":["Potion Belt"]},{"damage_healed":0.0,"max_hp_gain":0.0,"max_hp_loss":0.0,"gold_gain":0.0,"event_name":"FaceTrader","player_choice":"Trade","floor":20.0,"gold_loss":0.0,"damage_taken":0.0,"relics_obtained":["SsserpentHead"]}],"is_beta":false,"boss_relics":[{"not_picked":["Sozu","Snecko Eye"],"picked":"SlaversCollar"}],"items_purged_floors":[],"is_endless":false,"potions_floor_spawned":[1,2,16,21],"killed_by":"Cultist and Chosen","ascension_level":12}}