{"host":"t1puqh5lxz8sp6fn","time":1612927503,"event":{"mods":["AchievementEnabler","BaseMod","Colored Powertips","Minty Spire (QoL Compilation)","Rare Cards Sparkle","Relic Stats","StSLib"],"gold_per_floor":[110,0,20,33,46,46,46,46,46,74,74,93,108,136,136,213,213,229,229,241,67,79,104,104,135,159,173,173,173,173,188,188,263,263,276,289,300,1299,788,788,820,482,482,482,482,482],"floor_reached":45,"playtime":2382,"items_purged":["Doubt","Normality","Normality"],"score":913,"play_id":"2f741c72-0daf-44d6-bda9-de577cfe42f9","local_time":"20210210002503","is_ascension_mode":true,"campfire_choices":[{"data":"Noxious Fumes","floor":6,"key":"SMITH"},{"data":"Bouncing Flask","floor":8,"key":"SMITH"},{"data":"Neutralize","floor":11,"key":"SMITH"},{"floor":15,"key":"REST"},{"floor":24,"key":"REST"},{"floor":28,"key":"REST"},{"floor":30,"key":"REST"},{"data":"Noxious Fumes","floor":32,"key":"SMITH"},{"floor":40,"key":"RECALL"}],"circlet_count":0,"master_deck":["AscendersBane","Strike_G","Strike_G","Strike_G","Defend_G","Defend_G","Defend_G","Defend_G","Defend_G","Survivor","Dagger Spray","Bouncing Flask+1","Noxious Fumes+1","Acrobatics","Backflip","Noxious Fumes+1","Footwork+1","Bane","Burst+1","Dodge and Roll+1","PiercingWail+1","Predator","Burst+1","Predator+1","Malaise+1","All Out Attack+1","Adrenaline+1","Bane+1","Apotheosis+1","Concentrate+1","Well Laid Plans"],"relics":["Ring of the Snake","Torii","Toxic Egg 2","Gambling Chip","Toy Ornithopter","Snecko Eye","TwistedFunnel","Boot","Matryoshka","Paper Crane","Strawberry","Astrolabe","Lee\u0027s Waffle","CaptainsWheel","Omamori","Dream Catcher","Anchor"],"acts_visited":["Exordium","TheCity","TheBeyond"],"potions_floor_usage":[10,12,14,20,22,23,33,33],"damage_taken":[{"damage":2,"enemies":"Small Slimes","floor":1,"turns":6},{"damage":1,"enemies":"Cultist","floor":3,"turns":3},{"damage":0,"enemies":"2 Louse","floor":4,"turns":2},{"damage":10,"enemies":"Red Slaver","floor":5,"turns":4},{"damage":16,"enemies":"Gremlin Nob","floor":10,"turns":4},{"damage":2,"enemies":"Gremlin Gang","floor":12,"turns":3},{"damage":2,"enemies":"Looter","floor":13,"turns":3},{"damage":11,"enemies":"3 Sentries","floor":14,"turns":5},{"damage":21,"enemies":"The Guardian","floor":16,"turns":8},{"damage":0,"enemies":"Chosen","floor":18,"turns":5},{"damage":24,"enemies":"2 Thieves","floor":20,"turns":4},{"damage":17,"enemies":"Sentry and Sphere","floor":22,"turns":5},{"damage":23,"enemies":"Gremlin Leader","floor":23,"turns":6},{"damage":22,"enemies":"Book of Stabbing","floor":25,"turns":6},{"damage":0,"enemies":"Snake Plant","floor":27,"turns":3},{"damage":0,"enemies":"Centurion and Healer","floor":31,"turns":5},{"damage":45,"enemies":"Automaton","floor":33,"turns":10},{"damage":0,"enemies":"Orb Walker","floor":35,"turns":2},{"damage":12,"enemies":"3 Darklings","floor":36,"turns":4},{"damage":1,"enemies":"Sphere and 2 Shapes","floor":37,"turns":5},{"damage":75,"enemies":"Giant Head","floor":41,"turns":9},{"damage":17,"enemies":"Writhing Mass","floor":45,"turns":1}],"seed_played":"-5671548717957938171","potions_obtained":[{"floor":4,"key":"Explosive Potion"},{"floor":5,"key":"AttackPotion"},{"floor":13,"key":"BlessingOfTheForge"},{"floor":14,"key":"Explosive Potion"},{"floor":18,"key":"Fruit Juice"},{"floor":20,"key":"Weak Potion"},{"floor":27,"key":"Energy Potion"},{"floor":31,"key":"Swift Potion"},{"floor":33,"key":"Regen Potion"},{"floor":37,"key":"SpeedPotion"}],"is_trial":false,"path_per_floor":["M","$","M","M","M","R","?","R","T","E","R","M","M","E","R","B",null,"M","?","M","$","M","E","R","E","T","M","R","?","R","M","R","B",null,"M","M","M","?","$","R","E","$","T","T","M"],"character_chosen":"THE_SILENT","items_purchased":["Bouncing Flask","TwistedFunnel","Dodge and Roll+1","Apotheosis+1","Lee\u0027s Waffle","Concentrate+1","Omamori","Well Laid Plans"],"campfire_rested":4,"item_purchase_floors":[2,21,21,39,39,39,42,42],"current_hp_per_floor":[57,57,56,56,46,46,46,46,46,30,30,28,26,15,34,13,53,53,53,34,34,22,9,30,8,15,15,38,38,61,61,61,26,65,65,53,52,52,85,85,10,10,10,10,0,0],"gold":482,"neow_bonus":"ONE_RARE_RELIC","is_daily":false,"chose_seed":false,"campfire_upgraded":4,"win_rate":0.0,"timestamp":1612927503,"path_taken":["M","$","M","M","M","R","?","R","T","E","R","M","?","E","R","BOSS","M","?","?","$","?","E","R","E","T","M","R","?","R","M","R","BOSS","M","?","M","?","$","R","E","$","T","?","M"],"items_purchased_type":["Card","Relic","Card","Card","Relic","Card","Relic","Card"],"build_version":"2020-12-13","purchased_purges":3,"victory":false,"max_hp_per_floor":[66,66,66,66,66,66,66,66,66,66,66,66,66,66,66,66,66,66,66,66,66,66,71,71,71,78,78,78,78,78,78,78,78,78,78,78,78,78,85,85,85,85,85,85,85,85],"relic_stats":{"Lee\u0027s Waffle":33,"Dream Catcher":0,"Torii":59,"counters":[22,103],"Gambling Chip":[78],"Astrolabe":["All Out Attack","Adrenaline","Bane"],"Snecko Eye":[163,146,158,157],"Boot":[30],"obtain_stats":[{"TwistedFunnel":21,"Lee\u0027s Waffle":39,"Torii":0,"Astrolabe":34,"Omamori":42,"Paper Crane":26,"Boot":23,"CaptainsWheel":41,"Dream Catcher":43,"Anchor":44,"Matryoshka":25,"Gambling Chip":10,"Strawberry":26,"Snecko Eye":17,"Toxic Egg 2":9,"Toy Ornithopter":14,"Ring of the Snake":0},{"TwistedFunnel":11,"Lee\u0027s Waffle":20,"Torii":0,"Astrolabe":17,"Omamori":21,"Paper Crane":14,"Boot":13,"CaptainsWheel":21,"Dream Catcher":21,"Anchor":21,"Matryoshka":14,"Gambling Chip":5,"Strawberry":14,"Snecko Eye":9,"Toxic Egg 2":4,"Toy Ornithopter":8,"Ring of the Snake":0},{"TwistedFunnel":47,"Lee\u0027s Waffle":93,"Torii":0,"Astrolabe":82,"Omamori":102,"Paper Crane":64,"Boot":58,"CaptainsWheel":102,"Dream Catcher":102,"Anchor":102,"Matryoshka":64,"Gambling Chip":19,"Strawberry":64,"Snecko Eye":38,"Toxic Egg 2":15,"Toy Ornithopter":30,"Ring of the Snake":0}],"Toy Ornithopter":25,"Ring of the Snake":[44]},"card_choices":[{"not_picked":["Underhanded Strike","Sucker Punch"],"picked":"Dagger Spray","floor":1},{"not_picked":["Eviscerate","Expertise"],"picked":"Noxious Fumes","floor":3},{"not_picked":["Poisoned Stab","Accuracy"],"picked":"Acrobatics","floor":4},{"not_picked":["Poisoned Stab","Underhanded Strike"],"picked":"Backflip","floor":5},{"not_picked":["Deflect+1","Bouncing Flask+1"],"picked":"Escape Plan+1","floor":10},{"not_picked":["Poisoned Stab","Deadly Poison+1"],"picked":"Noxious Fumes","floor":12},{"not_picked":["Heel Hook","Terror+1"],"picked":"Footwork","floor":13},{"not_picked":["Storm of Steel+1","Noxious Fumes"],"picked":"Bane","floor":14},{"not_picked":["Die Die Die","Storm of Steel+1"],"picked":"Burst+1","floor":16},{"not_picked":["Deadly Poison+1","Blade Dance+1","Heel Hook"],"picked":"SKIP","floor":18},{"not_picked":["Underhanded Strike","Distraction+1","Reflex+1"],"picked":"SKIP","floor":20},{"not_picked":["Caltrops+1","Flechettes"],"picked":"PiercingWail+1","floor":22},{"not_picked":["Slice+1","Deadly Poison+1"],"picked":"Predator","floor":23},{"not_picked":["Dagger Spray+1","Underhanded Strike"],"picked":"Burst+1","floor":25},{"not_picked":["Backflip+1","Flying Knee","Distraction+1"],"picked":"SKIP","floor":27},{"not_picked":["Deflect+1","Dodge and Roll+1"],"picked":"Predator+1","floor":31},{"not_picked":["Unload","Grand Finale"],"picked":"Malaise+1","floor":33},{"not_picked":["Dagger Spray+1","Blade Dance+1","Acrobatics+1"],"picked":"SKIP","floor":35},{"not_picked":["Dagger Throw","Sucker Punch","Caltrops"],"picked":"SKIP","floor":36},{"not_picked":["Blade Dance+1","Outmaneuver+1","Underhanded Strike+1"],"picked":"SKIP","floor":37},{"not_picked":["Flying Knee","Riddle With Holes","Acrobatics+1"],"picked":"SKIP","floor":41}],"player_experience":498896,"relics_obtained":[{"floor":9,"key":"Toxic Egg 2"},{"floor":10,"key":"Gambling Chip"},{"floor":14,"key":"Toy Ornithopter"},{"floor":23,"key":"Boot"},{"floor":25,"key":"Matryoshka"},{"floor":26,"key":"Paper Crane"},{"floor":26,"key":"Strawberry"},{"floor":41,"key":"CaptainsWheel"},{"floor":43,"key":"Dream Catcher"},{"floor":44,"key":"Anchor"}],"event_choices":[{"cards_removed":["Strike_G"],"damage_healed":0,"gold_gain":0,"player_choice":"Purged","damage_taken":0,"max_hp_gain":0,"max_hp_loss":0,"event_name":"Purifier","floor":7,"gold_loss":0},{"damage_healed":0,"gold_gain":0,"player_choice":"Upgraded","damage_taken":0,"max_hp_gain":0,"max_hp_loss":0,"event_name":"Upgrade Shrine","floor":19,"gold_loss":0,"cards_upgraded":["Footwork"]},{"damage_healed":0,"gold_gain":0,"cards_transformed":["Strike_G"],"player_choice":"Transformed","damage_taken":0,"max_hp_gain":0,"max_hp_loss":0,"event_name":"Transmorgrifier","floor":29,"gold_loss":0,"cards_obtained":["Deflect"]},{"damage_healed":0,"gold_gain":999,"player_choice":"Gold","damage_taken":0,"max_hp_gain":0,"max_hp_loss":0,"event_name":"MindBloom","floor":38,"gold_loss":0,"cards_obtained":["Normality","Normality"]}],"is_beta":false,"boss_relics":[{"not_picked":["Tiny House","WristBlade"],"picked":"Snecko Eye"},{"not_picked":["Black Star","SacredBark"],"picked":"Astrolabe"}],"items_purged_floors":[2,39,42],"is_endless":false,"potions_floor_spawned":[4,5,13,14,18,20,27,31,33,37,41],"killed_by":"Writhing Mass","ascension_level":15}}