{"host":"ffqn1azj9urswy62","time":1612968192,"event":{"mods":["BaseMod","Better Third Choice","Conspire","Googly Eyes","Hubris","Minty Spire (QoL Compilation)","Replay The Spire","StSLib","Wandering Minibosses","slay the spire mod where everything is the same but ironclad has a cowboy hat"],"gold_per_floor":[119,19,37,55,29,57,57,73,99,99,99,99],"floor_reached":11,"language":"ENG","playtime":424,"items_purged":["hubris:Compulsion"],"score":84,"play_id":"a9158147-b095-453f-ac7a-6763f524b408","local_time":"20210210094312","is_ascension_mode":true,"campfire_choices":[{"data":"Gash","floor":7,"key":"SMITH"},{"data":"Hologram","floor":10,"key":"SMITH"}],"circlet_count":0,"master_deck":["Strike_B","Strike_B","Strike_B","Strike_B","Defend_B","Defend_B","Defend_B","Defend_B","Zap","Dualcast","Meteor Strike","Go for the Eyes","Gash+1","Hologram+1","Gash","Beam Cell"],"relics":["Cracked Core","Pen Nib"],"acts_visited":["Exordium"],"potions_floor_usage":[6],"damage_taken":[{"damage":3,"enemies":"2 Louse","floor":1,"turns":3},{"damage":7,"enemies":"Small Slimes","floor":3,"turns":3},{"damage":12,"enemies":"Jaw Worm","floor":4,"turns":2},{"damage":40,"enemies":"Gremlin Nob","floor":6,"turns":5},{"damage":8,"enemies":"Blue Slaver","floor":8,"turns":3},{"damage":5,"enemies":"3 Sentries","floor":11,"turns":1}],"seed_played":"-4675682084103226937","potions_obtained":[{"floor":3,"key":"BlessingOfTheForge"},{"floor":4,"key":"Swift Potion"}],"is_trial":false,"path_per_floor":["M","$","M","M","$","E","R","M","T","R","E"],"character_chosen":"DEFECT","items_purchased":["Gash","Gash"],"campfire_rested":0,"item_purchase_floors":[2,5],"current_hp_per_floor":[72,72,65,53,53,13,13,5,5,5,0,0],"gold":99,"neow_bonus":"THREE_RARE_CARDS","is_daily":false,"chose_seed":false,"campfire_upgraded":2,"win_rate":0.0,"timestamp":1612968192,"path_taken":["M","$","M","M","$","E","R","M","T","R","E"],"items_purchased_type":["Card","Card"],"build_version":"2020-12-22","purchased_purges":1,"victory":false,"max_hp_per_floor":[75,75,75,75,75,75,75,75,75,75,75,75],"card_choices":[{"not_picked":["hubris:Prefetch","Fission"],"picked":"Meteor Strike","floor":0},{"not_picked":["Barrage","BasicCrystalCard"],"picked":"Go for the Eyes","floor":1},{"not_picked":["Aggregate","Undo","Conserve Battery"],"picked":"SKIP","floor":3},{"not_picked":["Sunder","BasicCrystalCard"],"picked":"Hologram","floor":4},{"not_picked":["Stack","Thunder Strike"],"picked":"Beam Cell","floor":6},{"not_picked":["Beam Cell","Chaos","Hologram"],"picked":"SKIP","floor":8}],"player_experience":665493,"relics_obtained":[{"floor":6,"key":"Pen Nib"}],"event_choices":[],"is_beta":false,"boss_relics":[],"items_purged_floors":[2],"is_endless":false,"potions_floor_spawned":[3,4],"killed_by":"3 Sentries","ascension_level":3}}