{"host":"u6v0z43xi4vbzvq3","time":1612982216,"event":{"mods":["AchievementEnabler","BaseMod","Beaked The Cultist","BetterRewards","Colored Map","Conspire","Downfall","Googly Eyes","Hermit","Highlight Path","Hubris","Infinite Spire","Minty Spire (QoL Compilation)","Quick Restart","Rare Cards Sparkle","Replay The Spire","Shop Mod","StSLib","SuperFastMode","The Construct"],"gold_per_floor":[118,132,132,132,149,149,176,206,206,206,221,161,161,161,161,256,256,268,268,268,285,285,285,285,285,338,351,366,366,55,69,69,167,167,186,75,75,75,87,113,113,113],"floor_reached":41,"language":"ENG","playtime":1930,"items_purged":["Writhe"],"score":417,"play_id":"1a9d9410-93a4-48ac-9f69-5de8b05ea635","local_time":"20210211053656","is_ascension_mode":false,"campfire_choices":[{"data":"hermit:Combo","floor":6,"key":"SMITH"},{"data":"hermit:GoldenBullet","floor":13,"key":"SMITH"},{"floor":15,"key":"REST"},{"floor":23,"key":"REST"},{"data":"hermit:Quickdraw","floor":25,"key":"SMITH"},{"floor":29,"key":"REST"},{"data":"hermit:Manifest","floor":32,"key":"SMITH"}],"circlet_count":0,"master_deck":["hermit:Strike_Hermit+1","hermit:Strike_Hermit+1","hermit:Strike_Hermit+1","hermit:Strike_Hermit+1","hermit:Defend_Hermit","hermit:Defend_Hermit+1","hermit:Defend_Hermit","hermit:Snapshot","hermit:Covet+1","Decay","hermit:Quickdraw+1","hermit:Combo+1","hermit:GoldenBullet+1","hermit:Quickdraw+1","hermit:Determination+1","hermit:FromBeyond","hermit:WideOpen+1","hermit:Desperado","hermit:EyeOfTheStorm+1","hermit:Manifest+1","hermit:TrackingShot","hermit:Spite+1","hermit:Deadeye","hermit:Headshot","hermit:Glare+1","hermit:LowProfile"],"relics":["hermit:Momento","War Paint","hubris:PeanutButter","hubris:BundleOfHerbs","hubris:Towel","ChewingGum","SlaversCollar","construct:FoamFinger","Replay:Bottled Eggs","Dream Catcher","Replay:Baseball","Chemical X","Runic Pyramid","Pen Nib"],"acts_visited":["Exordium","TheCity","TheBeyond"],"potions_floor_usage":[11,16,16,18,21,28,40,41],"damage_taken":[{"damage":2,"enemies":"2 Louse","floor":1,"turns":5},{"damage":10,"enemies":"Small Slimes","floor":2,"turns":5},{"damage":4,"enemies":"conspire:RoseBush","floor":5,"turns":3},{"damage":42,"enemies":"Gremlin Nob","floor":8,"turns":5},{"damage":1,"enemies":"Exordium Thugs","floor":11,"turns":7},{"damage":38,"enemies":"Hexaghost","floor":16,"turns":13},{"damage":27,"enemies":"3 Byrds","floor":18,"turns":6},{"damage":6,"enemies":"Shell Parasite","floor":21,"turns":7},{"damage":14,"enemies":"Snake Plant","floor":27,"turns":4},{"damage":3,"enemies":"Centurion and Healer","floor":28,"turns":4},{"damage":0,"enemies":"3 Cultists","floor":31,"turns":5},{"damage":65,"enemies":"Collector","floor":33,"turns":8},{"damage":28,"enemies":"3 Shapes","floor":35,"turns":4},{"damage":0,"enemies":"Orb Walker","floor":39,"turns":2},{"damage":86,"enemies":"Nightmare","floor":40,"turns":7},{"damage":12,"enemies":"Jaw Worm Horde","floor":41,"turns":2}],"seed_played":"-4288412023730767226","potions_obtained":[{"floor":5,"key":"BlessingOfTheForge"},{"floor":8,"key":"LifebloodPotion"},{"floor":11,"key":"construct:ShiftPotion"},{"floor":16,"key":"Strength Potion"},{"floor":18,"key":"SkillPotion"},{"floor":21,"key":"Adrenaline Potion"},{"floor":33,"key":"Block Potion"},{"floor":35,"key":"hermit:Tonic"},{"floor":40,"key":"AttackPotion"}],"is_trial":false,"path_per_floor":["M","M","?","?","M","R","T","E","T","?","M","$","R","?","R","B",null,"M","?","AVR","M","?","R","?","R","T","M","M","R","$","M","R","B",null,"M","$","?","?","M","NM","M"],"character_chosen":"HERMIT","items_purchased":["hermit:Determination+1","Replay:Baseball","Chemical X","hermit:Deadeye"],"campfire_rested":3,"item_purchase_floors":[12,30,30,36],"current_hp_per_floor":[87,77,77,89,85,85,85,43,43,43,48,48,48,48,74,36,89,62,62,62,56,56,82,82,82,82,68,65,89,89,89,89,48,89,61,61,61,61,61,5,0,0],"gold":113,"neow_bonus":"TWENTY_PERCENT_HP_BONUS","is_daily":false,"chose_seed":false,"campfire_upgraded":4,"win_rate":0.0,"timestamp":1612982216,"path_taken":["M","M","?","?","?","R","?","E","T","?","M","$","R","?","R","BOSS","M","?","AVR","M","?","R","?","R","T","M","M","R","$","M","R","BOSS","M","$","?","?","M","NM","M"],"items_purchased_type":["Card","Relic","Relic","Card"],"build_version":"2020-12-22","purchased_purges":1,"victory":false,"max_hp_per_floor":[89,89,89,89,89,89,89,89,89,89,89,89,89,89,89,89,89,89,89,89,89,89,89,89,89,89,89,89,89,89,89,89,89,89,89,89,89,89,89,89,89,89],"card_choices":[{"not_picked":["hermit:WideOpen","hermit:Dive"],"picked":"hermit:Quickdraw","floor":1},{"not_picked":["hermit:ShadowCloak","hermit:Vantage"],"picked":"hermit:CursedWeapon","floor":2},{"not_picked":["hermit:TakeCover","hermit:HoleUp"],"picked":"hermit:Combo","floor":5},{"not_picked":["hermit:Midnight","hermit:Grudge"],"picked":"hermit:GoldenBullet","floor":8},{"not_picked":["hermit:TakeAim","hermit:Midnight"],"picked":"hermit:Quickdraw","floor":11},{"not_picked":["hermit:Magnum","hermit:HeroicBravado"],"picked":"hermit:FromBeyond","floor":16},{"not_picked":["hermit:Snipe","hermit:TakeAim"],"picked":"hermit:WideOpen+1","floor":18},{"not_picked":["hermit:Adapt","hermit:Ricochet+1"],"picked":"hermit:Desperado","floor":21},{"not_picked":["hermit:Ricochet+1","hermit:Misfire"],"picked":"hermit:EyeOfTheStorm+1","floor":27},{"not_picked":["hermit:Cheat","hermit:Showdown"],"picked":"hermit:Manifest","floor":28},{"not_picked":["hermit:Feint","hermit:Dive"],"picked":"hermit:HighCaliber","floor":29},{"not_picked":["hermit:Roulette","hermit:TakeAim"],"picked":"hermit:TrackingShot","floor":31},{"not_picked":["hermit:HighCaliber","hermit:DeadMansHand"],"picked":"hermit:Spite+1","floor":35},{"not_picked":["hermit:GoldenBullet","hermit:Determination+1"],"picked":"hermit:Glare+1","floor":39},{"not_picked":["hermit:Misfire","hermit:Vantage"],"picked":"hermit:LowProfile","floor":40}],"player_experience":139154,"relics_obtained":[{"floor":7,"key":"War Paint"},{"floor":8,"key":"hubris:PeanutButter"},{"floor":9,"key":"hubris:BundleOfHerbs"},{"floor":26,"key":"Dream Catcher"},{"floor":40,"key":"Pen Nib"}],"event_choices":[{"cards_removed":["hermit:CursedWeapon"],"damage_healed":12,"gold_gain":0,"player_choice":"Offered Uncommon","damage_taken":0,"max_hp_gain":0,"max_hp_loss":0,"event_name":"Bonfire Elementals","floor":4,"gold_loss":0},{"damage_healed":0,"gold_gain":0,"player_choice":"Disagree","damage_taken":0,"max_hp_gain":0,"max_hp_loss":0,"event_name":"conspire:LoneGhost","floor":14,"gold_loss":0},{"damage_healed":0,"gold_gain":0,"player_choice":"Opened","damage_taken":0,"relics_obtained":["Replay:Bottled Eggs"],"max_hp_gain":0,"max_hp_loss":0,"event_name":"The Mausoleum","floor":22,"gold_loss":0,"cards_obtained":["Writhe"]},{"damage_healed":0,"gold_gain":0,"player_choice":"Ignored","damage_taken":0,"max_hp_gain":0,"max_hp_loss":0,"event_name":"Beggar","floor":24,"gold_loss":0},{"cards_removed":["hermit:Defend_Hermit"],"damage_healed":0,"gold_gain":0,"player_choice":"Removed Skill","damage_taken":0,"max_hp_gain":0,"max_hp_loss":0,"event_name":"Falling","floor":37,"gold_loss":0},{"damage_healed":0,"gold_gain":0,"cards_transformed":["hermit:HighCaliber"],"player_choice":"Transformed","damage_taken":0,"max_hp_gain":0,"max_hp_loss":0,"event_name":"Transmorgrifier","floor":38,"gold_loss":0,"cards_obtained":["hermit:Headshot"]}],"is_beta":false,"boss_relics":[{"not_picked":["hermit:ClaspedLocket","hubris:HollowSoul"],"picked":"ChewingGum"},{"not_picked":["conspire:RoyalGoblet","Pandora\u0027s Box"],"picked":"Runic Pyramid"}],"items_purged_floors":[36],"is_endless":true,"potions_floor_spawned":[5,8,11,16,18,21,33,35,40],"killed_by":"Jaw Worm Horde","ascension_level":0}}