{"host":"8u1cu4kisw6g21am","time":1612965387,"event":{"mods":["AchievementEnabler","BaseMod","Bestiary","BetterRewards","Minty Spire (QoL Compilation)","Quick Restart","Shop Mod","StSLib"],"gold_per_floor":[111,122,133,58,58,90,90,90,90,102,102,131,131,151,151,252,252,270,450,49,68,80,108,0,0,0,0,0,17,49,65,65,167,167,183,183,198,209,209,209,240,252,252,252,252,252],"floor_reached":45,"language":"ENG","playtime":2459,"items_purged":["Defend_R","Bash"],"score":518,"play_id":"d8d855ac-840d-434a-9a68-e0071a810b13","local_time":"20210210085627","is_ascension_mode":false,"campfire_choices":[{"data":"Perfected Strike","floor":7.0,"key":"SMITH"},{"data":"Pommel Strike","floor":11.0,"key":"SMITH"},{"data":"Dual Wield","floor":13.0,"key":"SMITH"},{"floor":15.0,"key":"REST"},{"floor":25,"key":"REST"},{"floor":27,"key":"REST"},{"data":"Berserk","floor":32,"key":"SMITH"},{"data":"Strike_R","floor":40,"key":"SMITH"}],"circlet_count":0,"master_deck":["Strike_R+1","Strike_R","Strike_R","Strike_R+1","Strike_R+1","Defend_R","Defend_R","Defend_R","Perfected Strike+1","Pommel Strike+1","Burning Pact","Blood for Blood+1","Dual Wield+1","Berserk+1","Pommel Strike+1","Pommel Strike+1","Whirlwind+1","Blood for Blood+1","Wild Strike+1","Thunderclap+1","Twin Strike+1","Twin Strike+1","Panache"],"relics":["Black Blood","Ornamental Fan","Centennial Puzzle","Molten Egg 2","Runic Dome","MerchantsRug","Medical Kit","InkBottle","Juzu Bracelet","Happy Flower","Gambling Chip","Bottled Lightning","Eternal Feather"],"acts_visited":["Exordium","TheCity","TheBeyond"],"potions_floor_usage":[23,33,33,33,42],"damage_taken":[{"damage":15.0,"enemies":"Cultist","floor":1.0,"turns":4.0},{"damage":11.0,"enemies":"Jaw Worm","floor":2.0,"turns":2.0},{"damage":5.0,"enemies":"2 Louse","floor":3.0,"turns":2.0},{"damage":31.0,"enemies":"3 Sentries","floor":6.0,"turns":6.0},{"damage":6.0,"enemies":"Exordium Wildlife","floor":10.0,"turns":2.0},{"damage":6.0,"enemies":"Gremlin Nob","floor":12.0,"turns":3.0},{"damage":18.0,"enemies":"Lots of Slimes","floor":14.0,"turns":3.0},{"damage":39.0,"enemies":"The Guardian","floor":16.0,"turns":7.0},{"damage":8.0,"enemies":"Shell Parasite","floor":18.0,"turns":2.0},{"damage":14.0,"enemies":"Chosen","floor":21.0,"turns":2.0},{"damage":26.0,"enemies":"Centurion and Healer","floor":22.0,"turns":3.0},{"damage":30,"enemies":"Book of Stabbing","floor":23,"turns":3},{"damage":18,"enemies":"3 Cultists","floor":29,"turns":3},{"damage":0,"enemies":"Gremlin Leader","floor":30,"turns":4},{"damage":15,"enemies":"Shelled Parasite and Fungi","floor":31,"turns":2},{"damage":53,"enemies":"Automaton","floor":33,"turns":6},{"damage":15,"enemies":"3 Shapes","floor":35,"turns":1},{"damage":11,"enemies":"Orb Walker","floor":37,"turns":2},{"damage":28,"enemies":"3 Darklings","floor":38,"turns":3},{"damage":31,"enemies":"Reptomancer","floor":41,"turns":3},{"damage":13,"enemies":"Transient","floor":42,"turns":5},{"damage":73,"enemies":"Nemesis","floor":45,"turns":3}],"seed_played":"-6549160271092512670","potions_obtained":[{"floor":2.0,"key":"BlessingOfTheForge"},{"floor":3.0,"key":"Regen Potion"},{"floor":12.0,"key":"FearPotion"},{"floor":14.0,"key":"Block Potion"},{"floor":16.0,"key":"DuplicationPotion"},{"floor":21.0,"key":"Strength Potion"},{"floor":23,"key":"GamblersBrew"},{"floor":30,"key":"SkillPotion"},{"floor":31,"key":"BloodPotion"},{"floor":35,"key":"DistilledChaos"},{"floor":41,"key":"Dexterity Potion"},{"floor":42,"key":"Fruit Juice"}],"is_trial":false,"path_per_floor":["M","M","M","$","?","E","R","?","T","M","R","E","R","M","R","B",null,"M","?","$","M","M","E","$","R","T","R","$","M","E","M","R","B",null,"M","?","M","M","?","R","E","M","T","?","E"],"character_chosen":"IRONCLAD","items_purchased":["MerchantsRug","Medical Kit","Juzu Bracelet"],"campfire_rested":3,"item_purchase_floors":[20,20,24],"current_hp_per_floor":[79,74,75,75,80,69,69,57,57,57,57,57,57,45,72,39,93,91,72,72,64,44,20,20,47,47,74,74,62,68,59,59,30,93,90,88,88,72,88,88,69,73,73,73,0,0],"gold":252,"neow_bonus":"TEN_PERCENT_HP_BONUS","is_daily":false,"chose_seed":false,"campfire_upgraded":5,"win_rate":0.0,"timestamp":1612965387,"path_taken":["M","M","M","?","?","E","R","?","T","M","R","E","R","M","R","BOSS","M","?","$","M","?","E","$","R","T","R","?","M","E","M","R","BOSS","M","?","M","M","?","R","E","M","T","?","E"],"items_purchased_type":["Relic","Relic","Relic"],"build_version":"2020-12-22","purchased_purges":2,"victory":false,"max_hp_per_floor":[88,88,88,88,93,93,93,93,93,93,93,93,93,93,93,93,93,93,93,93,93,93,93,93,93,93,93,93,93,93,93,93,93,93,93,88,88,88,88,88,88,93,93,93,93,93],"card_choices":[{"not_picked":["Clothesline","Sword Boomerang"],"picked":"Perfected Strike","floor":1.0},{"not_picked":["Heavy Blade","Sword Boomerang"],"picked":"Pommel Strike","floor":2.0},{"not_picked":["Rupture","Clothesline"],"picked":"Burning Pact","floor":3.0},{"not_picked":["Thunderclap","Shockwave","Havoc"],"picked":"SKIP","floor":6.0},{"not_picked":["Hemokinesis+1","Feel No Pain"],"picked":"Blood for Blood+1","floor":10.0},{"not_picked":["Rupture","True Grit"],"picked":"Dual Wield","floor":12.0},{"not_picked":["Combust","Rampage+1","Hemokinesis+1"],"picked":"SKIP","floor":14.0},{"not_picked":["Limit Break","Juggernaut"],"picked":"Berserk","floor":16.0},{"not_picked":["Clash+1","Wild Strike+1"],"picked":"Pommel Strike+1","floor":18.0},{"not_picked":["Burning Pact","Anger+1"],"picked":"Pommel Strike+1","floor":21.0},{"not_picked":["Burning Pact","Reckless Charge+1"],"picked":"Whirlwind+1","floor":22.0},{"not_picked":["Hemokinesis+1","Armaments"],"picked":"Blood for Blood+1","floor":23},{"not_picked":["Dropkick+1","Pommel Strike+1","Reaper+1"],"picked":"SKIP","floor":29},{"not_picked":["Anger+1","Dark Embrace"],"picked":"Wild Strike+1","floor":30},{"not_picked":["Havoc","Armaments","Warcry"],"picked":"SKIP","floor":31},{"not_picked":["Clothesline+1","True Grit"],"picked":"Thunderclap+1","floor":35},{"not_picked":["Fire Breathing+1","Inflame"],"picked":"Twin Strike+1","floor":37},{"not_picked":["True Grit+1","Warcry+1","Battle Trance+1"],"picked":"SKIP","floor":38},{"not_picked":["Armaments+1","Carnage+1","Body Slam+1"],"picked":"SKIP","floor":41},{"not_picked":["Offering","Evolve"],"picked":"Twin Strike+1","floor":42},{"not_picked":["Thinking Ahead","The Bomb"],"picked":"Panache","floor":44}],"player_experience":96865,"relics_obtained":[{"floor":6.0,"key":"Ornamental Fan"},{"floor":9.0,"key":"Molten Egg 2"},{"floor":12.0,"key":"Whetstone"},{"floor":23,"key":"InkBottle"},{"floor":26,"key":"Happy Flower"},{"floor":30,"key":"Gambling Chip"},{"floor":41,"key":"Bottled Lightning"},{"floor":43,"key":"Eternal Feather"}],"event_choices":[{"damage_healed":0.0,"max_hp_gain":5.0,"max_hp_loss":0.0,"gold_gain":0.0,"event_name":"Big Fish","player_choice":"Donut","floor":5.0,"gold_loss":0.0,"damage_taken":0.0},{"damage_healed":0.0,"max_hp_gain":0.0,"max_hp_loss":0.0,"gold_gain":0.0,"event_name":"Scrap Ooze","player_choice":"Success","floor":8.0,"gold_loss":0.0,"damage_taken":12.0,"relics_obtained":["Centennial Puzzle"]},{"damage_healed":0.0,"max_hp_gain":0.0,"max_hp_loss":0.0,"gold_gain":180.0,"event_name":"Knowing Skull","player_choice":"GOLD GOLD ","floor":19.0,"potions_obtained":[],"gold_loss":0.0,"damage_taken":19.0,"cards_obtained":[]},{"damage_healed":0,"gold_gain":0,"player_choice":"Max HP","damage_taken":0,"max_hp_gain":0,"max_hp_loss":5,"event_name":"Winding Halls","floor":36,"gold_loss":0},{"damage_healed":16,"gold_gain":0,"player_choice":"Full Heal","damage_taken":0,"max_hp_gain":0,"max_hp_loss":0,"event_name":"Wheel of Change","floor":39,"gold_loss":0},{"damage_healed":0,"gold_gain":0,"player_choice":"Memory 1","damage_taken":0,"max_hp_gain":0,"max_hp_loss":0,"event_name":"SensoryStone","floor":44,"gold_loss":0}],"is_beta":false,"boss_relics":[{"not_picked":["Velvet Choker","Philosopher\u0027s Stone"],"picked":"Runic Dome"},{"not_picked":["Empty Cage","Astrolabe"],"picked":"Black Blood"}],"items_purged_floors":[4,20],"is_endless":false,"potions_floor_spawned":[2,3,12,14,16,21,23,30,31,35,41,42],"killed_by":"Nemesis","ascension_level":0}}