{"host":"8z0h4areh8sio1k0","time":1612924887,"event":{"mods":["10 clothes from DAL","Act Like it!","Aspiration","BaseMod","Colored Map","Conspire","Crowbot","Hubris","Library of Ruina Extra","Mimic Mod","Minty Spire (QoL Compilation)","Replay The Spire","StSLib","TestMod","The Blue Laboratory","The Fake Hero","The Hierophant","TheWitcherMod","[Fun]BeWhatYouAte","【功能Mod】精心准备","【遗物Mod】死灵法师NEW","老伊莉雅"],"gold_per_floor":[117,127,147,159,159,159,159,125,125,137,175,187,59,74,74,171,171,185,185,284,129,144,171,171,203,226,243,256,271,271,53,53,153,203,221,221,232,158,158,158,191,203,203,203,235,253,253,270,270,270,270],"floor_reached":52,"language":"ZHS","playtime":2404,"items_purged":["Strike_W"],"score":714,"play_id":"cbda33f3-08bf-45c4-b0b7-eb1592b60755","local_time":"20210210104127","is_ascension_mode":false,"campfire_choices":[{"data":"Summon_Undead","floor":6,"key":"SMITH"},{"data":"Negative_Energy_Sphere","floor":15,"key":"SMITH"},{"data":"Summon_Vampire_Lady","floor":24,"key":"SMITH"},{"data":"Bone_Prison","floor":32,"key":"SMITH"},{"data":"Summon_Lich","floor":40,"key":"SMITH"},{"data":"Uncharnel","floor":44,"key":"SMITH"},{"data":"Summon_Vampire_Lady","floor":49,"key":"SMITH"}],"circlet_count":0,"master_deck":["Negative_Energy_Arrows","Bone_Wall","Plague_Bolt","Summon_Undead+1","finger_Of_Death","Negative_Energy_Mist","Vampiric_Strike","Life_Drain","Bone_Armory+1","Negative_Energy_Sphere+1","Summon_Vampire_Lady+1","Summon_Lich+1","Summon_Vampire_Lady+1","Summon_Undead_Army","Summon_Undead_Army","Uncharnel+1","Bone_Prison+1","Skeleton_Dragon","Bone_Shift","Acid_Javelin+1","PosionWeak2+1","Kotodama+1","PosionRing+1"],"relics":["Vampire_Amulet","testmod-TestBox","testmod-Temperance","aspiration:Nostalgia","PrismaMod:PrismaRuby","Happy Flower","ReplayTheSpireMod:Lightbulb","Coffee Dripper","Anchor","ReplayTheSpireMod:Shallot","Tiny Chest","Tiny House","Turnip","testmod-TurbochargingSystem","testmod-BlackFramedGlasses"],"acts_visited":["Exordium","TheCity","TheBeyond"],"potions_floor_usage":[3,11,16,23,33,35,37,41,48,50],"damage_taken":[{"damage":0,"enemies":"Cultist","floor":1,"turns":4},{"damage":0,"enemies":"2 Louse","floor":2,"turns":2},{"damage":0,"enemies":"Small Slimes","floor":3,"turns":3},{"damage":1,"enemies":"2 Fungi Beasts","floor":4,"turns":4},{"damage":0,"enemies":"Looter","floor":10,"turns":4},{"damage":8,"enemies":"conspire:MimicChest","floor":11,"turns":6},{"damage":3,"enemies":"Exordium Wildlife","floor":12,"turns":3},{"damage":11,"enemies":"3 Louse","floor":14,"turns":4},{"damage":45,"enemies":"The Guardian","floor":16,"turns":8},{"damage":23,"enemies":"2 Thieves","floor":18,"turns":4},{"damage":14,"enemies":"Spheric Guardian","floor":22,"turns":4},{"damage":14,"enemies":"Gremlin Leader","floor":23,"turns":6},{"damage":50,"enemies":"Slavers","floor":25,"turns":5},{"damage":1,"enemies":"Snecko","floor":27,"turns":5},{"damage":8,"enemies":"Centurion and Healer","floor":28,"turns":5},{"damage":23,"enemies":"Shelled Parasite and Fungi","floor":29,"turns":5},{"damage":43,"enemies":"Automaton","floor":33,"turns":8},{"damage":10,"enemies":"Orb Walker","floor":35,"turns":3},{"damage":43,"enemies":"3 Darklings","floor":37,"turns":4},{"damage":49,"enemies":"Reptomancer","floor":41,"turns":6},{"damage":6,"enemies":"Maw","floor":42,"turns":5},{"damage":30,"enemies":"Sphere and 2 Shapes","floor":45,"turns":6},{"damage":22,"enemies":"Sphere and 2 Shapes","floor":46,"turns":5},{"damage":22,"enemies":"3 Darklings","floor":48,"turns":4},{"damage":107,"enemies":"Time Eater","floor":50,"turns":7},{"damage":49,"enemies":"Time Eater","floor":51,"turns":9}],"seed_played":"3573189181304050406","potions_obtained":[{"floor":1,"key":"blueLaboratory:BottleOfVodka"},{"floor":10,"key":"SkillPotion"},{"floor":11,"key":"PowerPotion"},{"floor":18,"key":"Reflective Coating"},{"floor":25,"key":"AttackPotion"},{"floor":29,"key":"CultistPotion"},{"floor":34,"key":"EssenceOfSteel"},{"floor":37,"key":"blueLaboratory:Moonshine"},{"floor":42,"key":"SkillPotion"},{"floor":48,"key":"Regen Potion"}],"is_trial":false,"path_per_floor":["M","M","M","M","?","R","?","?","T","M","?","M","$","M","R","B",null,"M","?","?","$","M","E","R","E","T","M","M","M","?","$","R","B",null,"M","?","M","$","?","R","E","M","T","R","MIM","M","?","M","R","B",null,null],"character_chosen":"NECROMANCER","items_purchased":["Bone_Armory","Anchor","Bone_Prison","Skeleton_Dragon","PosionWeak2"],"campfire_rested":0,"item_purchase_floors":[13,21,31,31,38],"current_hp_per_floor":[75,75,75,74,74,74,74,74,74,74,75,75,75,71,71,70,75,73,73,73,73,62,75,75,49,49,75,75,68,68,68,68,57,80,76,76,43,43,43,43,31,76,76,76,73,65,65,73,73,40,44],"gold":270,"neow_bonus":"NOSTALGIA","is_daily":false,"chose_seed":false,"campfire_upgraded":7,"win_rate":0.0,"timestamp":1612924887,"path_taken":["M","M","M","M","?","R","?","?","T","M","?","M","$","M","R","BOSS","M","?","?","$","M","E","R","E","T","M","M","M","?","$","R","BOSS","M","?","M","$","?","R","E","M","T","R","?","M","?","M","R","BOSS"],"items_purchased_type":["Card","Relic","Card","Card","Card"],"build_version":"2020-12-22","purchased_purges":1,"victory":true,"max_hp_per_floor":[75,75,75,75,75,75,75,75,75,75,75,75,75,75,75,75,75,75,75,75,75,75,75,75,75,75,75,75,75,75,75,75,75,80,80,76,76,76,76,76,76,76,76,76,76,76,76,76,76,76,76],"card_choices":[{"not_picked":["Stop_Heart","Blood_Curse","Bone_Shift"],"picked":"SKIP","floor":1},{"not_picked":["Blood_Curse","Negative_Energy_Burst"],"picked":"Plague_Bolt","floor":2},{"not_picked":["Negative_Energy_Sphere","Acid_Javelin"],"picked":"Summon_Undead","floor":3},{"not_picked":["Blood_Shield","Bone_Armory"],"picked":"finger_Of_Death","floor":4},{"not_picked":["ZombiePosion","OverdoomLine"],"picked":"Negative_Energy_Mist","floor":10},{"not_picked":["Scare","Blood_Shield"],"picked":"Vampiric_Strike","floor":11},{"not_picked":["LuckyCard","PosionWeak"],"picked":"Life_Drain","floor":12},{"not_picked":["Detonate_Bones","Negative_Energy_Burst"],"picked":"Negative_Energy_Sphere","floor":14},{"not_picked":["Epidemicn","WallConcept"],"picked":"Summon_Vampire_Lady","floor":16},{"not_picked":["Toxic_Smoke_Screen+1","finger_Of_Death"],"picked":"Summon_Lich","floor":18},{"not_picked":["Toxic_Smoke_Screen+1","Life_Tap"],"picked":"Summon_Undead_Army","floor":22},{"not_picked":["Bone_Armor","Bone_Shift","Acid_Javelin"],"picked":"SKIP","floor":23},{"not_picked":["Bone_Spikes","Pandemic"],"picked":"Thousand_Bone_Knives","floor":25},{"not_picked":["Blood_for_Blood","Life_Tap+1"],"picked":"Summon_Undead_Army","floor":27},{"not_picked":["Life_Tap","Life_Drain+1"],"picked":"Uncharnel","floor":28},{"not_picked":["OverdoomLine","Shackles_Of_Pain","Shade_Step+1"],"picked":"SKIP","floor":29},{"not_picked":["PosionWeak","Siphon_Strength+1"],"picked":"Bone_Shift","floor":34},{"not_picked":["Negative_Energy_Burst","PosionWeak+1","Bone_Armory+1"],"picked":"SKIP","floor":35},{"not_picked":["Plague_Bolt+1","Bone_Spikes"],"picked":"Acid_Javelin+1","floor":37},{"not_picked":["Negative_Energy_Sphere","Negative_Energy_Mist+1"],"picked":"Kotodama+1","floor":41},{"not_picked":["Necrotic_Claws+1","Scare","Negative_Energy_Mist"],"picked":"SKIP","floor":42},{"not_picked":["OverdoomLine+1","PosionWeak+1"],"picked":"PosionRing+1","floor":46},{"not_picked":["Vampiric_Strike","Scare+1","Negative_Energy_Javelin+1"],"picked":"SKIP","floor":48}],"player_experience":560332,"relics_obtained":[{"floor":9,"key":"Happy Flower"},{"floor":11,"key":"ReplayTheSpireMod:Lightbulb"},{"floor":25,"key":"ReplayTheSpireMod:Shallot"},{"floor":26,"key":"Tiny Chest"},{"floor":41,"key":"Turnip"},{"floor":43,"key":"testmod-TurbochargingSystem"},{"floor":45,"key":"testmod-BlackFramedGlasses"}],"event_choices":[{"damage_healed":0,"gold_gain":0,"player_choice":"Ignored","damage_taken":0,"max_hp_gain":0,"max_hp_loss":0,"event_name":"给自己的盒子","floor":5,"gold_loss":0},{"damage_healed":0,"gold_gain":0,"player_choice":"Left Gold","damage_taken":0,"max_hp_gain":0,"max_hp_loss":0,"event_name":"World of Goop","floor":8,"gold_loss":34},{"damage_healed":0,"gold_gain":0,"cards_transformed":["Defend_W","Strike_W"],"player_choice":"Became Test Subject","damage_taken":0,"max_hp_gain":0,"max_hp_loss":0,"event_name":"Drug Dealer","floor":19,"gold_loss":0,"cards_obtained":["Violent_Necrosis","Summon_Vampire_Lady"]},{"damage_healed":0,"gold_gain":99,"player_choice":"Stole From Cult","damage_taken":0,"max_hp_gain":0,"max_hp_loss":0,"event_name":"Nest","floor":20,"gold_loss":0},{"damage_healed":0,"gold_gain":0,"player_choice":"Leave","damage_taken":0,"max_hp_gain":0,"max_hp_loss":0,"event_name":"conspire:Investor","floor":30,"gold_loss":0},{"damage_healed":0,"gold_gain":0,"player_choice":"Max HP","damage_taken":0,"max_hp_gain":0,"max_hp_loss":4,"event_name":"Winding Halls","floor":36,"gold_loss":0},{"damage_healed":0,"gold_gain":0,"player_choice":"Upgraded","damage_taken":0,"max_hp_gain":0,"max_hp_loss":0,"event_name":"Upgrade Shrine","floor":39,"gold_loss":0,"cards_upgraded":["PosionWeak2"]},{"damage_healed":0,"gold_gain":0,"player_choice":"0 cards matched","damage_taken":0,"max_hp_gain":0,"max_hp_loss":0,"event_name":"Match and Keep!","floor":47,"gold_loss":0,"cards_obtained":[]}],"is_beta":false,"boss_relics":[{"not_picked":["testmod-Prudence","aspiration:SilentSkillbook"],"picked":"Coffee Dripper"},{"not_picked":["Replay:Drink Me","aspiration:RunicSpoon"],"picked":"Tiny House"}],"items_purged_floors":[13],"is_endless":false,"potions_floor_spawned":[1,10,11,18,25,29,37,42,48],"ascension_level":0}}