{"host":"050ensmz1fh1c58u","time":1612986295,"event":{"mods":["BaseMod","Downfall","Gremlin Mod","Minty Spire (QoL Compilation)","READ ME - Guardian Mod","StSLib","The Animator","The Bug Knight","The Cursed","The Disciple","The Servant 0.9.4"],"gold_per_floor":[99,113,133,149,165,190,241,253,41,57,75,95,124,224,238,336,336,236,151,167,5,24,37,37,48,76,76,96,96,123,123,134,232,232,32,46,57,57,69,81,159,94,128,128,153,153,165,176,189,189,189,224,18,18,18,18,18,18],"floor_reached":56,"language":"ENG","playtime":11775,"items_purged":["champ:Strike","champ:Strike","champ:Strike"],"score":1201,"play_id":"7eb59816-78ac-4144-8963-b7c328b0d656","local_time":"20210210204455","is_ascension_mode":true,"campfire_choices":[{"data":"champ:Taunt","floor":1,"key":"SMITH"},{"data":"champ:Lariat","floor":18,"key":"SMITH"},{"floor":29,"key":"RECALL"},{"data":"champ:ShieldSigil","floor":35,"key":"SMITH"},{"data":"champ:ShieldWall","floor":44,"key":"SMITH"},{"data":"champ:ShieldWall","floor":46,"key":"SMITH"},{"data":"champ:HoldFirm","floor":54,"key":"SMITH"}],"circlet_count":0,"master_deck":["champ:Strike","champ:Defend","champ:Defend","champ:Defend","champ:Taunt+1","champ:RageSigil","champ:PreciseThrust","champ:EnGarde","champ:HoldFirm+1","champ:ShieldSigil+1","champ:StanceDance","champ:FalseCounter","champ:TornadoPunch","champ:Lariat+1","champ:ShieldWall+1","champ:FocusedDefense","champ:Improvising","champ:SteelEdge","champ:ShieldWall+1","champ:HoldFirm","champ:SteelEdge","champ:SkillfulDodge+1","champ:StanceDance+1"],"relics":["champ:ChampionCrown","Bottled Lightning","Toy Ornithopter","Akabeko","White Beast Statue","SlaversCollar","downfall:HeartBlessingGreen","Chemical X","Bottled Tornado","Smiling Mask","SacredBark","downfall:HeartBlessingBlue","downfall:HeartBlessingRed","Frozen Egg 2","Bottled Flame","Omamori","Pear","Bag of Preparation"],"acts_visited":["Exordium","TheCity","TheBeyond","TheEnding"],"potions_floor_usage":[6,13,13,16,22,23,25,26,28,30,30,33,33,37,39,40,40,43,43,45,47,48,49,50,55,56],"damage_taken":[{"damage":15,"enemies":"Cultist","floor":2,"turns":5},{"damage":1,"enemies":"Small Slimes","floor":3,"turns":5},{"damage":0,"enemies":"Jaw Worm","floor":4,"turns":3},{"damage":8,"enemies":"2 Fungi Beasts","floor":5,"turns":5},{"damage":10,"enemies":"Lagavulin","floor":6,"turns":8},{"damage":5,"enemies":"Lots of Slimes","floor":8,"turns":5},{"damage":0,"enemies":"downfall:FleeingMerchant","floor":9,"turns":4},{"damage":16,"enemies":"3 Louse","floor":10,"turns":3},{"damage":0,"enemies":"Blue Slaver","floor":11,"turns":3},{"damage":2,"enemies":"Exordium Wildlife","floor":12,"turns":3},{"damage":0,"enemies":"Gremlin Nob","floor":13,"turns":4},{"damage":0,"enemies":"downfall:LadyInBlue","floor":14,"turns":9},{"damage":0,"enemies":"3 Louse","floor":15,"turns":3},{"damage":0,"enemies":"IC_STATUS_ARCHETYPE","floor":16,"turns":8},{"damage":0,"enemies":"downfall:FleeingMerchant","floor":19,"turns":4},{"damage":3,"enemies":"Shell Parasite","floor":20,"turns":5},{"damage":0,"enemies":"downfall:FleeingMerchant","floor":21,"turns":4},{"damage":4,"enemies":"Snecko","floor":22,"turns":4},{"damage":0,"enemies":"Snake Plant","floor":23,"turns":3},{"damage":5,"enemies":"Sentry and Sphere","floor":25,"turns":8},{"damage":0,"enemies":"Book of Stabbing","floor":26,"turns":6},{"damage":0,"enemies":"Centurion and Healer","floor":28,"turns":9},{"damage":5,"enemies":"Gremlin Leader","floor":30,"turns":6},{"damage":6,"enemies":"Snake Plant","floor":32,"turns":5},{"damage":5,"enemies":"WA_ARCHETYPE_CALM","floor":33,"turns":8},{"damage":10,"enemies":"3 Shapes","floor":36,"turns":5},{"damage":0,"enemies":"Orb Walker","floor":37,"turns":4},{"damage":23,"enemies":"Sphere and 2 Shapes","floor":39,"turns":6},{"damage":4,"enemies":"3 Darklings","floor":40,"turns":4},{"damage":15,"enemies":"downfall:FleeingMerchant","floor":42,"turns":4},{"damage":0,"enemies":"Giant Head","floor":43,"turns":9},{"damage":25,"enemies":"Nemesis","floor":45,"turns":3},{"damage":27,"enemies":"Jaw Worm Horde","floor":47,"turns":4},{"damage":42,"enemies":"Sphere and 2 Shapes","floor":48,"turns":6},{"damage":15,"enemies":"Writhing Mass","floor":49,"turns":7},{"damage":20,"enemies":"SI_POISON_ARCHETYPE","floor":50,"turns":9},{"damage":17,"enemies":"downfall:CharBossMerchant","floor":52,"turns":13},{"damage":22,"enemies":"downfall:NeowBoss","floor":55,"turns":16},{"damage":98,"enemies":"downfall:NeowBossFinal","floor":56,"turns":6}],"seed_played":"-1847106374720660762","potions_obtained":[{"floor":3,"key":"DistilledChaos"},{"floor":4,"key":"LiquidBronze"},{"floor":6,"key":"champ:TechniquePotion"},{"floor":10,"key":"LiquidBronze"},{"floor":12,"key":"ColorlessPotion"},{"floor":14,"key":"Dexterity Potion"},{"floor":14,"key":"SteroidPotion"},{"floor":14,"key":"PowerPotion"},{"floor":16,"key":"champ:OpenerPotion"},{"floor":22,"key":"Energy Potion"},{"floor":23,"key":"Explosive Potion"},{"floor":25,"key":"champ:OpenerPotion"},{"floor":26,"key":"CultistPotion"},{"floor":28,"key":"hexamod:SoulburnPotion"},{"floor":30,"key":"Dexterity Potion"},{"floor":32,"key":"Strength Potion"},{"floor":33,"key":"Weak Potion"},{"floor":36,"key":"Fire Potion"},{"floor":37,"key":"Guardian:BlockOnCardUsePotion"},{"floor":39,"key":"LiquidBronze"},{"floor":40,"key":"CultistPotion"},{"floor":42,"key":"Block Potion"},{"floor":43,"key":"SteroidPotion"},{"floor":45,"key":"AttackPotion"},{"floor":47,"key":"GamblersBrew"},{"floor":48,"key":"DistilledChaos"},{"floor":49,"key":"champ:TechniquePotion"},{"floor":52,"key":"PowerPotion"}],"is_trial":false,"path_per_floor":["R","M","M","M","M","E","T","M","$","M","M","M","E","?","M","B",null,"R","$","M","$","M","M","T","M","E","?","M","R","E","?","M","B",null,"R","M","M","?","M","M","T","$","E","R","E","R","M","M","M","B",null,"E","$","R","B","B"],"character_chosen":"THE_CHAMP","items_purchased":["champ:FalseCounter","champ:TornadoPunch","champ:ShieldWall","Chemical X","Bag of Preparation"],"campfire_rested":0,"item_purchase_floors":[9,9,19,21,53],"current_hp_per_floor":[90,80,79,79,71,61,61,56,56,50,50,48,58,58,58,63,90,90,90,87,87,86,90,90,90,90,90,90,90,85,85,79,89,90,100,90,95,95,87,93,93,93,100,100,100,100,78,41,31,21,100,93,93,93,76,0,0,0],"gold":18,"neow_bonus":"REMOVE_CARD","is_daily":false,"chose_seed":false,"campfire_upgraded":6,"win_rate":0.0,"timestamp":1612986295,"path_taken":["R","M","?","M","M","E","T","?","$","M","M","M","E","?","M","BOSS","R","$","M","?","?","M","T","M","E","?","M","R","E","?","M","BOSS","R","M","M","?","M","M","T","$","E","R","E","R","?","M","M","BOSS","E","$","R","BOSS","BOSS"],"items_purchased_type":["Card","Card","Card","Relic","Relic"],"build_version":"2020-12-22","purchased_purges":3,"victory":false,"max_hp_per_floor":[90,90,90,90,90,90,90,90,90,90,90,90,90,90,90,90,90,90,90,90,90,90,90,90,90,90,90,90,90,90,90,90,90,90,100,100,100,100,100,100,100,100,100,100,100,100,100,100,100,100,100,110,110,110,110,110,110,110],"card_choices":[{"not_picked":["champ:Backstep","champ:ShieldSigil"],"picked":"champ:RageSigil","floor":2},{"not_picked":["champ:BerserkersShout","champ:SwordThrow"],"picked":"champ:PreciseThrust","floor":3},{"not_picked":["champ:GladiatorStyle","champ:Backstep","champ:Haymaker"],"picked":"SKIP","floor":4},{"not_picked":["champ:DeathBlow","champ:Shatter"],"picked":"champ:EnGarde","floor":5},{"not_picked":["champ:EnchantCrown","champ:PerfectedStrike"],"picked":"champ:HoldFirm","floor":6},{"not_picked":["champ:BringItOn","champ:FocusedBerserking"],"picked":"champ:ShieldSigil","floor":8},{"not_picked":["champ:BringItOn","champ:FanOfKnives"],"picked":"champ:StanceDance","floor":9},{"not_picked":["champ:FanOfKnives","champ:PerfectedStrike"],"picked":"champ:Lariat","floor":10},{"not_picked":["champ:DefensiveShout","champ:HeartStrike"],"picked":"champ:ShieldWall","floor":11},{"not_picked":["champ:FancyFootwork","champ:FlashCut"],"picked":"champ:FocusedDefense","floor":12},{"not_picked":["champ:EnchantShield","champ:FalseCounter"],"picked":"champ:Improvising","floor":13},{"not_picked":["champ:PreciseThrust","champ:BerserkersShout","champ:AdrenalArmor"],"picked":"SKIP","floor":15},{"not_picked":["champ:VampiricStrike","champ:UltimateStance"],"picked":"champ:SteelEdge","floor":16},{"not_picked":["champ:AdrenalArmor","champ:Shatter","champ:FanOfKnives"],"picked":"SKIP","floor":19},{"not_picked":["champ:ShieldSigil","champ:PreciseThrust","champ:GutPunch+1"],"picked":"SKIP","floor":20},{"not_picked":["champ:PerfectedStrike","champ:BringItOn+1","champ:CrookedStrike"],"picked":"SKIP","floor":21},{"not_picked":["champ:HeartStrike","champ:Backstep","champ:BringItOn"],"picked":"SKIP","floor":22},{"not_picked":["champ:Encircle","champ:AdrenalArmor"],"picked":"champ:HoldFirm","floor":23},{"not_picked":["champ:Encircle","champ:ShieldWall","champ:EnGarde"],"picked":"SKIP","floor":25},{"not_picked":["champ:StanceDance","champ:FaceSlap+1","champ:TornadoPunch"],"picked":"SKIP","floor":26},{"not_picked":["champ:AdrenalArmor","champ:TornadoPunch","champ:ShieldWall+1"],"picked":"SKIP","floor":28},{"not_picked":["champ:Encircle+1","champ:EndlessRage","champ:IronFortress+1"],"picked":"SKIP","floor":30},{"not_picked":["champ:BringItOn","champ:CrownThrow+1","champ:EnGarde"],"picked":"SKIP","floor":32},{"not_picked":["champ:CheapShot","champ:EnchantShield"],"picked":"champ:SteelEdge","floor":33},{"not_picked":["champ:Circumvent","champ:BerserkersShout"],"picked":"champ:SkillfulDodge+1","floor":36},{"not_picked":["champ:FanOfKnives+1","champ:BerserkerStyle+1","champ:BringItOn"],"picked":"SKIP","floor":37},{"not_picked":["champ:PreemptiveStrike","champ:EnGarde+1","champ:Encircle"],"picked":"SKIP","floor":39},{"not_picked":["champ:BerserkersShout","champ:SkillfulDodge","champ:Haymaker"],"picked":"SKIP","floor":40},{"not_picked":["champ:Haymaker+1","champ:DefensiveShout+1","champ:EnGarde+1"],"picked":"SKIP","floor":42},{"not_picked":["champ:FlashCut+1","champ:PerfectedStrike"],"picked":"champ:StanceDance+1","floor":43},{"not_picked":["champ:DancingMaster+1","champ:SwordSigil","champ:RisingSlash"],"picked":"SKIP","floor":45},{"not_picked":["champ:CrownThrow","champ:FlashCut+1","champ:ShieldSlam"],"picked":"SKIP","floor":47},{"not_picked":["champ:Circumvent","champ:RecklessLeap","champ:EnGarde+1"],"picked":"SKIP","floor":48},{"not_picked":["champ:FanOfKnives+1","champ:Endure","champ:StanceDance"],"picked":"SKIP","floor":49},{"not_picked":["champ:DefensiveStyle+1","champ:TornadoPunch","champ:SteelEdge"],"picked":"SKIP","floor":52}],"player_experience":1578014,"relics_obtained":[{"floor":6,"key":"Bottled Lightning"},{"floor":7,"key":"Toy Ornithopter"},{"floor":13,"key":"Akabeko"},{"floor":14,"key":"White Beast Statue"},{"floor":26,"key":"Bottled Tornado"},{"floor":30,"key":"Smiling Mask"},{"floor":41,"key":"Frozen Egg 2"},{"floor":43,"key":"Bottled Flame"},{"floor":45,"key":"Omamori"},{"floor":52,"key":"Pear"}],"event_choices":[],"is_beta":false,"boss_relics":[{"not_picked":["champ:ChampionCrownUpgraded","Fusion Hammer"],"picked":"SlaversCollar"},{"not_picked":["Calling Bell","Coffee Dripper"],"picked":"SacredBark"}],"items_purged_floors":[9,42,53],"is_endless":false,"potions_floor_spawned":[3,4,6,10,12,14,15,16,19,20,21,22,23,25,26,28,30,32,33,36,37,39,40,42,43,45,47,48,49,52],"killed_by":"downfall:NeowBossFinal","ascension_level":2}}