{"host":"oj2qbbf4aubznu46","time":1612951903,"event":{"mods":["AchievementEnabler","BaseMod","Colored Powertips","Downfall","Minty Spire (QoL Compilation)","StSLib","slay the spire mod where everything is the same but ironclad has a cowboy hat"],"gold_per_floor":[99,111,111,136,50,66,66,66,93,121,138,154,41,61,72,171,221,221,233,233,244,344,344,344,344,344],"floor_reached":24,"language":"DEU","playtime":2132,"items_purged":[],"score":206,"play_id":"92adb68a-9dd4-4c96-ab9b-343443c05e0d","local_time":"20210210111143","is_ascension_mode":false,"campfire_choices":[{"data":"Slimebound:Split","floor":1.0,"key":"SMITH"},{"data":"Slimebound:RollThrough","floor":3.0,"key":"SMITH"},{"data":"Slimebound:SlimeSpikes","floor":8.0,"key":"SMITH"},{"data":"Slimebound:CorrosiveSpit","floor":18.0,"key":"SMITH"},{"data":"Slimebound:Gluttony","floor":20.0,"key":"SMITH"},{"data":"Slimebound:RainOfGoop","floor":23.0,"key":"SMITH"}],"circlet_count":0,"master_deck":["Slimebound:Strike_Slimebound","Slimebound:Strike_Slimebound","Slimebound:Strike_Slimebound","Slimebound:Tackle","Slimebound:Defend_Slimebound","Slimebound:Defend_Slimebound","Slimebound:Defend_Slimebound","Slimebound:Defend_Slimebound+1","Slimebound:Split+1","Slimebound:CorrosiveSpit+1","Slimebound:RollThrough+1","Slimebound:GoopSpray","Slimebound:OneTwoCombo","Slimebound:SlimeSpikes+1","Slimebound:DisruptingSlam","Slimebound:LeechingTouch","Slimebound:OneTwoCombo","Slimebound:PressTheAttack","Slimebound:SplitAcid","Slimebound:Gluttony+1","Slimebound:LivingWall","Slimebound:MassRepurpose","Slimebound:SlimeTap","Slimebound:LeechEnergy+1","Slimebound:RainOfGoop+1"],"relics":["Slimebound:AbsorbEndCombat","Boot","Bag of Preparation","Vajra","Slimebound:AggressiveSlimeRelic","Tiny House","Torii","White Beast Statue"],"acts_visited":[],"potions_floor_usage":[],"damage_taken":[{"damage":10.0,"enemies":"Cultist","floor":2.0,"turns":3.0},{"damage":30.0,"enemies":"Lagavulin","floor":4.0,"turns":6.0},{"damage":13.0,"enemies":"downfall:FleeingMerchant","floor":5.0,"turns":4.0},{"damage":8.0,"enemies":"Jaw Worm","floor":6.0,"turns":3.0},{"damage":21.0,"enemies":"3 Sentries","floor":10.0,"turns":5.0},{"damage":4.0,"enemies":"2 Louse","floor":11.0,"turns":1.0},{"damage":12.0,"enemies":"2 Fungi Beasts","floor":12.0,"turns":2.0},{"damage":20.0,"enemies":"downfall:FleeingMerchant","floor":13.0,"turns":4.0},{"damage":17.0,"enemies":"3 Louse","floor":14.0,"turns":2.0},{"damage":20.0,"enemies":"Red Slaver","floor":15.0,"turns":3.0},{"damage":26.0,"enemies":"downfall:CharBossWatcher","floor":16.0,"turns":6.0},{"damage":4.0,"enemies":"3 Byrds","floor":19.0,"turns":2.0},{"damage":34.0,"enemies":"Shelled Parasite and Fungi","floor":21.0,"turns":5.0},{"damage":32.0,"enemies":"Colosseum Nobs","floor":22.0,"turns":4.0}],"seed_played":"-5750410838977714880","potions_obtained":[{"floor":2.0,"key":"GamblersBrew"},{"floor":6.0,"key":"ColorlessPotion"},{"floor":10.0,"key":"FearPotion"},{"floor":11.0,"key":"Slimebound:SlimyTonguePotion"},{"floor":17.0,"key":"AttackPotion"},{"floor":19.0,"key":"Slimebound:SlimedPotion"}],"is_trial":false,"path_per_floor":["R","M","R","E","$","M","T","R","T","E","M","M","$","M","M","B",null,"R","M","R","M","?","R","T"],"character_chosen":"SLIMEBOUND","items_purchased":["Slimebound:OneTwoCombo","Slimebound:PressTheAttack","Slimebound:SplitAcid"],"campfire_rested":0,"item_purchase_floors":[5,13,13],"current_hp_per_floor":[66,64,64,48,49,51,51,51,51,50,54,58,62,59,55,59,71,71,71,71,63,53,53,53,53,53],"gold":344,"neow_bonus":"TEN_PERCENT_HP_BONUS","is_daily":false,"chose_seed":false,"campfire_upgraded":6,"win_rate":0.0,"timestamp":1612951903,"path_taken":["R","M","R","E","$","M","T","R","?","E","M","M","$","M","M","BOSS","R","M","R","M","?","R","T"],"items_purchased_type":["Card","Card","Card"],"build_version":"2020-12-22","purchased_purges":0,"victory":false,"max_hp_per_floor":[66,66,66,66,66,66,66,66,66,66,66,66,66,66,66,66,71,71,71,71,71,71,71,71,71,71],"card_choices":[{"not_picked":["Slimebound:SamplingLick","Slimebound:FinishingTackle"],"picked":"Slimebound:RollThrough","floor":2.0},{"not_picked":["Slimebound:Schlurp","Slimebound:FinishingTackle"],"picked":"Slimebound:GoopSpray","floor":4.0},{"not_picked":["Slimebound:AcidTongue","Slimebound:SplitBruiser"],"picked":"Slimebound:SlimeSpikes","floor":6.0},{"not_picked":["Slimebound:DouseInSlime","Slimebound:ViciousTackle"],"picked":"Slimebound:DisruptingSlam","floor":10.0},{"not_picked":["Slimebound:ViciousTackle","Slimebound:SplitAcid"],"picked":"Slimebound:LeechingTouch","floor":11.0},{"not_picked":["Slimebound:RollThrough","Slimebound:ComboTackle"],"picked":"Slimebound:OneTwoCombo","floor":12.0},{"not_picked":["Slimebound:SlimeBrawl","Slimebound:SplitMire"],"picked":"Slimebound:Gluttony","floor":14.0},{"not_picked":["Slimebound:FlameTackle","Slimebound:SlimeSpikes"],"picked":"Slimebound:LivingWall","floor":15.0},{"not_picked":["Slimebound:MassFeed","Slimebound:SelfFormingGoo"],"picked":"Slimebound:MassRepurpose","floor":16.0},{"not_picked":["Slimebound:GoopTackle","Slimebound:ComboTackle"],"picked":"Slimebound:SlimeTap","floor":17.0},{"not_picked":["Slimebound:HauntingLick","Slimebound:SlimeSpikes"],"picked":"Slimebound:LeechEnergy+1","floor":19.0},{"not_picked":["Slimebound:ComboTackle","Slimebound:LeechEnergy"],"picked":"Slimebound:RainOfGoop","floor":21.0}],"player_experience":349390,"relics_obtained":[{"floor":4.0,"key":"Boot"},{"floor":7.0,"key":"Bag of Preparation"},{"floor":9.0,"key":"Vajra"},{"floor":10.0,"key":"Slimebound:AggressiveSlimeRelic"},{"floor":22.0,"key":"Torii"},{"floor":22.0,"key":"White Beast Statue"}],"event_choices":[],"is_beta":false,"boss_relics":[{"not_picked":["Coffee Dripper","Runic Pyramid"],"picked":"Tiny House"}],"items_purged_floors":[],"is_endless":false,"potions_floor_spawned":[2,6,10,11,15,19],"ascension_level":0}}