{"host":"pfea746agqdggr2u","time":1612956835,"event":{"mods":["BaseMod","Filter the Spire","Minty Spire (QoL Compilation)"],"gold_per_floor":[118,68,88,163,181,206,206,216,284,284,307,307,332,332,332,437,437,452,303,303,321,18,18,37,54,54,54,54,64,92,108,108,203,203,220,220,172,182,197,228,228,228,228,85,85,102,115,127,127,127,127],"floor_reached":50,"language":"ENG","playtime":2222,"items_purged":[],"score":502,"play_id":"fff282bc-158b-4174-9575-8d0a41613f02","local_time":"20210210033355","is_ascension_mode":false,"campfire_choices":[{"floor":7.0,"key":"REST"},{"floor":10.0,"key":"RECALL"},{"floor":12.0,"key":"REST"},{"floor":15.0,"key":"REST"},{"floor":23.0,"key":"REST"},{"floor":28.0,"key":"REST"},{"floor":32.0,"key":"REST"},{"floor":41.0,"key":"REST"},{"floor":49.0,"key":"REST"}],"circlet_count":0,"master_deck":["Strike_B","Strike_B","Defend_B","Defend_B","Defend_B","Zap","Dualcast","Conserve Battery","Hologram","Coolheaded","Consume+1","Defragment+1","Blizzard","Electrodynamics+1","Aggregate+1","Redo+1","Thunder Strike+1","Barrage","Beam Cell","Machine Learning+1","Capacitor+1","Cold Snap","Conserve Battery","Defragment+1","Fusion","Echo Form+1","Turbo","Conserve Battery+1","Parasite","Hologram+1","Cold Snap+1","Defragment+1"],"relics":["Inserter","Peace Pipe","Frozen Egg 2","Odd Mushroom","Bronze Scales","Astrolabe","Lantern","Anchor","Gambling Chip","Nuclear Battery","TungstenRod","Darkstone Periapt","Lee\u0027s Waffle","Pen Nib"],"acts_visited":["Exordium","TheCity","TheBeyond"],"potions_floor_usage":[],"damage_taken":[{"damage":4.0,"enemies":"Jaw Worm","floor":1.0,"turns":5.0},{"damage":0.0,"enemies":"Small Slimes","floor":3.0,"turns":4.0},{"damage":4.0,"enemies":"2 Louse","floor":5.0,"turns":3.0},{"damage":17.0,"enemies":"Lagavulin","floor":6.0,"turns":13.0},{"damage":7.0,"enemies":"Exordium Wildlife","floor":8.0,"turns":6.0},{"damage":18.0,"enemies":"The Mushroom Lair","floor":11.0,"turns":5.0},{"damage":30.0,"enemies":"Gremlin Nob","floor":13.0,"turns":6.0},{"damage":22.0,"enemies":"Slime Boss","floor":16.0,"turns":12.0},{"damage":18.0,"enemies":"2 Thieves","floor":18.0,"turns":3.0},{"damage":17.0,"enemies":"Shell Parasite","floor":21.0,"turns":4.0},{"damage":23.0,"enemies":"Snecko","floor":24.0,"turns":4.0},{"damage":14.0,"enemies":"Centurion and Healer","floor":25.0,"turns":5.0},{"damage":7.0,"enemies":"3 Cultists","floor":29.0,"turns":5.0},{"damage":18.0,"enemies":"Slavers","floor":30.0,"turns":3.0},{"damage":5.0,"enemies":"Sentry and Sphere","floor":31.0,"turns":7.0},{"damage":31.0,"enemies":"Automaton","floor":33.0,"turns":7.0},{"damage":0.0,"enemies":"3 Darklings","floor":35.0,"turns":2.0},{"damage":12.0,"enemies":"Orb Walker","floor":38.0,"turns":3.0},{"damage":3.0,"enemies":"Writhing Mass","floor":39.0,"turns":6.0},{"damage":8.0,"enemies":"Giant Head","floor":40.0,"turns":6.0},{"damage":21.0,"enemies":"Spire Growth","floor":46.0,"turns":4.0},{"damage":26.0,"enemies":"Jaw Worm Horde","floor":47.0,"turns":2.0},{"damage":6.0,"enemies":"4 Shapes","floor":48.0,"turns":4.0},{"damage":60,"enemies":"Awakened One","floor":50,"turns":4}],"seed_played":"1037067178376691843","potions_obtained":[{"floor":8.0,"key":"GamblersBrew"},{"floor":11.0,"key":"BlessingOfTheForge"},{"floor":18.0,"key":"SpeedPotion"},{"floor":21.0,"key":"DuplicationPotion"},{"floor":30.0,"key":"Regen Potion"},{"floor":38.0,"key":"SneckoOil"},{"floor":39.0,"key":"FocusPotion"},{"floor":48.0,"key":"Energy Potion"}],"is_trial":false,"path_per_floor":["M","?","M","?","M","E","R","M","T","R","?","R","E","?","R","B",null,"M","$","?","M","$","R","M","M","T","$","R","M","E","M","R","B",null,"M","?","$","M","M","E","R","?","T","$","T","M","M","M","R","B"],"character_chosen":"DEFECT","items_purchased":["Lantern","Machine Learning+1","Anchor","Turbo","Lee\u0027s Waffle"],"campfire_rested":8,"item_purchase_floors":[19,22,22,37,44],"current_hp_per_floor":[71,71,71,60,56,39,61,54,54,54,36,58,28,28,50,28,75,57,57,57,40,40,62,39,25,25,25,47,40,22,32,54,23,75,75,75,75,63,60,52,74,74,74,82,82,61,35,29,53,0,0],"gold":127,"neow_bonus":"BOSS_RELIC","is_daily":false,"chose_seed":false,"campfire_upgraded":0,"win_rate":0.0,"timestamp":1612956835,"path_taken":["M","?","M","?","M","E","R","M","T","R","?","R","E","?","R","BOSS","M","$","?","?","$","R","M","M","T","?","R","?","E","M","R","BOSS","M","?","$","M","M","E","R","?","T","?","?","?","M","?","R","BOSS"],"items_purchased_type":["Relic","Card","Relic","Card","Relic"],"build_version":"2020-12-22","purchased_purges":0,"victory":false,"max_hp_per_floor":[75,75,75,75,75,75,75,75,75,75,75,75,75,75,75,75,75,75,75,75,75,75,75,75,75,75,75,75,75,75,75,75,75,75,75,75,75,75,75,75,75,75,75,82,82,82,82,82,82,82,82],"card_choices":[{"not_picked":["Hologram","Static Discharge"],"picked":"Conserve Battery","floor":1.0},{"not_picked":["Stack","Coolheaded"],"picked":"Hologram","floor":3.0},{"not_picked":["Aggregate","Beam Cell"],"picked":"Coolheaded","floor":5.0},{"not_picked":["Conserve Battery","Hologram"],"picked":"Consume","floor":6.0},{"not_picked":["Barrage","Doom and Gloom"],"picked":"Sunder","floor":8.0},{"not_picked":["Leap","FTL"],"picked":"Defragment+1","floor":11.0},{"not_picked":["Recycle","Redo"],"picked":"Blizzard","floor":13.0},{"not_picked":["Seek","Reboot"],"picked":"Electrodynamics+1","floor":16.0},{"not_picked":["FTL","Streamline"],"picked":"Barrage","floor":18.0},{"not_picked":["Chaos","Static Discharge+1"],"picked":"Beam Cell","floor":21.0},{"not_picked":["Rip and Tear","FTL"],"picked":"Capacitor+1","floor":24.0},{"not_picked":["FTL","Coolheaded"],"picked":"Cold Snap","floor":25.0},{"not_picked":["Go for the Eyes","Force Field+1"],"picked":"Conserve Battery","floor":29.0},{"not_picked":["White Noise","Biased Cognition+1"],"picked":"Defragment+1","floor":30.0},{"not_picked":["Capacitor+1","Reinforced Body"],"picked":"Fusion","floor":31.0},{"not_picked":["Amplify","Reboot"],"picked":"Echo Form+1","floor":33.0},{"not_picked":["Cold Snap","Redo+1"],"picked":"Coolheaded+1","floor":35.0},{"not_picked":["Coolheaded+1","Auto Shields"],"picked":"Conserve Battery+1","floor":38.0},{"not_picked":["Stack+1","Storm+1"],"picked":"Hologram+1","floor":39.0},{"not_picked":["Capacitor+1","Streamline+1","Aggregate"],"picked":"SKIP","floor":40.0},{"not_picked":["Fusion+1","Rip and Tear+1"],"picked":"Cold Snap+1","floor":46.0},{"not_picked":["Aggregate","Rainbow","Darkness"],"picked":"SKIP","floor":47.0},{"not_picked":["Steam Power+1","Darkness+1"],"picked":"Defragment+1","floor":48.0}],"player_experience":80488,"relics_obtained":[{"floor":6.0,"key":"Peace Pipe"},{"floor":9.0,"key":"Frozen Egg 2"},{"floor":11.0,"key":"Odd Mushroom"},{"floor":13.0,"key":"Bronze Scales"},{"floor":30.0,"key":"Gambling Chip"},{"floor":40.0,"key":"TungstenRod"},{"floor":43.0,"key":"Darkstone Periapt"},{"floor":45.0,"key":"Pen Nib"}],"event_choices":[{"cards_removed":["Strike_B"],"damage_healed":0.0,"max_hp_gain":0.0,"max_hp_loss":0.0,"gold_gain":0.0,"event_name":"The Cleric","player_choice":"Card Removal","floor":2.0,"gold_loss":50.0,"damage_taken":0.0},{"damage_healed":0.0,"max_hp_gain":0.0,"max_hp_loss":0.0,"gold_gain":75.0,"event_name":"World of Goop","player_choice":"Gather Gold","floor":4.0,"gold_loss":0.0,"damage_taken":11.0},{"damage_healed":0.0,"max_hp_gain":0.0,"max_hp_loss":0.0,"gold_gain":0.0,"event_name":"Mushrooms","player_choice":"Fought Mushrooms","floor":11.0,"gold_loss":0.0,"damage_taken":0.0},{"damage_healed":0.0,"max_hp_gain":0.0,"max_hp_loss":0.0,"gold_gain":0.0,"event_name":"Liars Game","player_choice":"Ignored","floor":14.0,"gold_loss":0.0,"damage_taken":0.0},{"damage_healed":0.0,"max_hp_gain":0.0,"max_hp_loss":0.0,"gold_gain":0.0,"event_name":"Accursed Blacksmith","player_choice":"Forge","floor":20.0,"gold_loss":0.0,"damage_taken":0.0,"cards_upgraded":["Consume"]},{"cards_removed":["Coolheaded"],"damage_healed":0.0,"max_hp_gain":0.0,"max_hp_loss":0.0,"gold_gain":0.0,"event_name":"Falling","player_choice":"Removed Skill","floor":36.0,"gold_loss":0.0,"damage_taken":0.0},{"damage_healed":0.0,"max_hp_gain":0.0,"max_hp_loss":0.0,"gold_gain":0.0,"event_name":"SensoryStone","player_choice":"Memory 1","floor":42.0,"gold_loss":0.0,"damage_taken":0.0}],"is_beta":false,"boss_relics":[{"not_picked":["Sozu","Fusion Hammer"],"picked":"Astrolabe"},{"not_picked":["Philosopher\u0027s Stone","Coffee Dripper"],"picked":"Nuclear Battery"}],"items_purged_floors":[],"is_endless":false,"potions_floor_spawned":[8,11,18,21,30,38,39,48],"killed_by":"Awakened One","ascension_level":0}}