{"host":"j5shy70asow5koz5","time":1612971052,"event":{"mods":["2.2 Compatiblity","Act Like it!","Arknights","BaseMod","Colored Map","Marisa£¨Ùöéë¡¡Øª×âÞÞ£©","Minty Spire (QoL Compilation)","Prisma Mod","StSLib","SuperFastMode","Td1madao Mod","The Disciple","The Gatherer","The Servant 0.9.4","Waifu the Spire"],"gold_per_floor":[117,130,130,148,158,158,172,172,172,172,188,188,65,77,77,179,179,195,195,207,187,113,113,123,123,123,48,48,48,59,75,75,172,222,234,37,37,0,19,32,32,52,52,69,119,119,133,146,146,146],"floor_reached":51,"language":"KOR","playtime":1885,"items_purged":["Strike_B","Recycle+1"],"score":668,"play_id":"423125e8-b88c-477e-b1ba-58d475967e99","local_time":"20210211003052","is_ascension_mode":false,"campfire_choices":[{"data":"Loop","floor":6.0,"key":"SMITH"},{"data":"Blizzard","floor":12.0,"key":"SMITH"},{"data":"Zap","floor":15.0,"key":"SMITH"},{"data":"Defragment","floor":23,"key":"SMITH"},{"data":"Recycle","floor":25,"key":"SMITH"},{"data":"Dualcast","floor":28,"key":"SMITH"},{"floor":32,"key":"REST"},{"floor":41,"key":"REST"},{"floor":46,"key":"REST"},{"floor":49,"key":"REST"}],"circlet_count":0,"master_deck":["Defend_B","Defend_B+1","Defend_B","Defend_B","Zap+1","Dualcast+1","Seek","Ball Lightning","Loop+1","Rainbow","Compile Driver","Blizzard+1","Coolheaded","Cold Snap","Rainbow","Conserve Battery+1","Defragment+1","Coolheaded","Cold Snap","Glacier","Finesse","Cold Snap+1","Conserve Battery+1","Loop+1","Chill+1","White Noise+1"],"relics":["FrozenCore","Mercury Hourglass","Incense Burner","Juzu Bracelet","Smiling Mask","Tiny House","TheAbacus","Red Mask","Question Card","StoneCalendar"],"acts_visited":["Exordium","TheCity","TheBeyond"],"potions_floor_usage":[31,33,33,33,48,50,50],"damage_taken":[{"damage":2.0,"enemies":"Small Slimes","floor":1.0,"turns":4.0},{"damage":0.0,"enemies":"Cultist","floor":2.0,"turns":2.0},{"damage":6.0,"enemies":"Jaw Worm","floor":4.0,"turns":2.0},{"damage":4.0,"enemies":"Large Slime","floor":5.0,"turns":4.0},{"damage":11.0,"enemies":"Exordium Thugs","floor":7.0,"turns":4.0},{"damage":8.0,"enemies":"Looter","floor":11.0,"turns":2.0},{"damage":0.0,"enemies":"Blue Slaver","floor":14.0,"turns":3.0},{"damage":14.0,"enemies":"The Guardian","floor":16.0,"turns":7.0},{"damage":15.0,"enemies":"3 Byrds","floor":18.0,"turns":3.0},{"damage":0,"enemies":"Spheric Guardian","floor":20,"turns":4},{"damage":18,"enemies":"Snake Plant","floor":24,"turns":5},{"damage":6,"enemies":"Centurion and Healer","floor":30,"turns":7},{"damage":14,"enemies":"3 Cultists","floor":31,"turns":4},{"damage":12,"enemies":"Champ","floor":33,"turns":15},{"damage":36,"enemies":"3 Darklings","floor":35,"turns":5},{"damage":21,"enemies":"3 Shapes","floor":39,"turns":4},{"damage":0,"enemies":"Spire Growth","floor":40,"turns":6},{"damage":14,"enemies":"Transient","floor":42,"turns":5},{"damage":0,"enemies":"Writhing Mass","floor":44,"turns":9},{"damage":5,"enemies":"Mind Bloom Boss Battle","floor":45,"turns":9},{"damage":0,"enemies":"Sphere and 2 Shapes","floor":47,"turns":6},{"damage":0,"enemies":"4 Shapes","floor":48,"turns":5},{"damage":11,"enemies":"Donu and Deca","floor":50,"turns":12}],"seed_played":"-1861324840807941512","potions_obtained":[{"floor":2.0,"key":"ColorlessPotion"},{"floor":7.0,"key":"SpeedPotion"},{"floor":11.0,"key":"AttackPotion"},{"floor":16.0,"key":"Strength Potion"},{"floor":21,"key":"Dexterity Potion"},{"floor":31,"key":"EssenceOfSteel"},{"floor":34,"key":"CultistPotion"},{"floor":40,"key":"Dexterity Potion"},{"floor":42,"key":"Dexterity Potion"},{"floor":48,"key":"Fruit Juice"}],"is_trial":false,"path_per_floor":["M","M","?","M","M","R","M","?","T","?","M","R","$","M","R","B",null,"M","?","M","?","$","R","M","R","T","?","R","T","M","M","R","B",null,"M","$","?","?","M","M","R","M","T","M","?","R","M","M","R","B",null],"character_chosen":"DEFECT","items_purchased":["ColorlessPotion","Defragment","TheAbacus"],"campfire_rested":4,"item_purchase_floors":[13,22,36],"current_hp_per_floor":[73,73,73,67,63,63,52,45,45,45,37,37,37,37,37,23,75,60,46,46,46,46,46,28,28,28,28,28,28,22,8,32,20,85,49,49,49,49,28,28,53,39,39,39,34,59,59,64,90,79],"gold":146,"neow_bonus":"ONE_RANDOM_RARE_CARD","is_daily":false,"chose_seed":false,"campfire_upgraded":6,"win_rate":0.0,"timestamp":1612971052,"path_taken":["M","M","?","?","M","R","M","?","T","?","?","R","$","M","R","BOSS","M","?","M","?","$","R","M","R","T","?","R","?","M","M","R","BOSS","M","$","?","?","M","M","R","M","T","M","?","R","M","M","R","BOSS"],"items_purchased_type":["Potion","Card","Relic"],"build_version":"2020-12-22","purchased_purges":2,"victory":true,"max_hp_per_floor":[75,75,75,75,75,75,75,75,75,75,75,75,75,75,75,75,75,75,80,80,80,80,80,80,80,80,80,80,80,80,80,80,80,85,85,85,85,85,85,85,85,85,85,85,85,85,85,90,90,90],"card_choices":[{"not_picked":["Hologram","Turbo"],"picked":"Ball Lightning","floor":1.0},{"not_picked":["Storm","Scrape"],"picked":"Loop","floor":2.0},{"not_picked":["Streamline","Beam Cell"],"picked":"Compile Driver","floor":4.0},{"not_picked":["Auto Shields","Hologram"],"picked":"Blizzard","floor":5.0},{"not_picked":["All For One","Chaos"],"picked":"Coolheaded","floor":7.0},{"not_picked":["Heatsinks","Sweeping Beam"],"picked":"Cold Snap","floor":11.0},{"not_picked":["BootSequence","Scrape","Hologram"],"picked":"SKIP","floor":14.0},{"not_picked":["Thunder Strike","Hyperbeam"],"picked":"Rainbow","floor":16.0},{"not_picked":["Go for the Eyes","Melter"],"picked":"Conserve Battery+1","floor":18},{"not_picked":["Gash+1","Beam Cell+1","Turbo"],"picked":"SKIP","floor":20},{"not_picked":["Heatsinks","Storm"],"picked":"Recycle","floor":24},{"not_picked":["Loop","Sunder"],"picked":"Coolheaded","floor":30},{"not_picked":["Ball Lightning","Hello World","Barrage"],"picked":"SKIP","floor":31},{"not_picked":["Stack","Barrage"],"picked":"Cold Snap","floor":34},{"not_picked":["Beam Cell+1","Genetic Algorithm+1"],"picked":"Glacier","floor":35},{"not_picked":["Sadistic Nature","Panacea"],"picked":"Finesse","floor":37},{"not_picked":["Melter+1","Conserve Battery+1"],"picked":"Cold Snap+1","floor":39},{"not_picked":["Sweeping Beam+1","Stack"],"picked":"Conserve Battery+1","floor":40},{"not_picked":["Go for the Eyes","Compile Driver","Coolheaded"],"picked":"SKIP","floor":42},{"not_picked":["Compile Driver+1","Melter","Go for the Eyes","Barrage"],"picked":"SKIP","floor":44},{"not_picked":["Ball Lightning","Fission","Undo+1"],"picked":"Loop+1","floor":45},{"not_picked":["Gash","Consume","Compile Driver"],"picked":"Chill+1","floor":47},{"not_picked":["Leap+1","Go for the Eyes+1","Barrage+1"],"picked":"White Noise+1","floor":48}],"player_experience":93204,"relics_obtained":[{"floor":9.0,"key":"Mercury Hourglass"},{"floor":10.0,"key":"Incense Burner"},{"floor":26,"key":"Juzu Bracelet"},{"floor":29,"key":"Smiling Mask"},{"floor":43,"key":"Question Card"},{"floor":45,"key":"StoneCalendar"}],"event_choices":[{"damage_healed":0.0,"max_hp_gain":0.0,"max_hp_loss":0.0,"gold_gain":0.0,"cards_transformed":["Strike_B"],"event_name":"Transmorgrifier","player_choice":"Transformed","floor":3.0,"gold_loss":0.0,"damage_taken":0.0,"cards_obtained":["Rainbow"]},{"cards_removed":["Strike_B"],"damage_healed":0.0,"max_hp_gain":0.0,"max_hp_loss":0.0,"gold_gain":0.0,"event_name":"Golden Wing","player_choice":"Card Removal","floor":8.0,"gold_loss":0.0,"damage_taken":7.0},{"damage_healed":0.0,"max_hp_gain":0.0,"max_hp_loss":0.0,"gold_gain":0.0,"event_name":"Wheel of Change","player_choice":"Relic","floor":10.0,"gold_loss":0.0,"damage_taken":0.0},{"damage_healed":0,"gold_gain":0,"player_choice":"Shed Blood","damage_taken":19,"max_hp_gain":5,"max_hp_loss":0,"event_name":"Forgotten Altar","floor":19,"gold_loss":0},{"damage_healed":0,"gold_gain":0,"player_choice":"Bought 1 Potion","damage_taken":0,"max_hp_gain":0,"max_hp_loss":0,"event_name":"The Woman in Blue","floor":21,"gold_loss":0},{"cards_removed":["Strike_B"],"damage_healed":0,"gold_gain":0,"player_choice":"Gave Gold","damage_taken":0,"max_hp_gain":0,"max_hp_loss":0,"event_name":"Beggar","floor":27,"gold_loss":75},{"damage_healed":0,"gold_gain":0,"player_choice":"Memory 1","damage_taken":0,"max_hp_gain":0,"max_hp_loss":0,"event_name":"SensoryStone","floor":37,"gold_loss":0},{"damage_healed":0,"gold_gain":0,"player_choice":"Paid","damage_taken":0,"relics_obtained":["Red Mask"],"max_hp_gain":0,"max_hp_loss":0,"event_name":"Tomb of Lord Red Mask","floor":38,"gold_loss":37},{"damage_healed":0,"gold_gain":0,"player_choice":"Fight","damage_taken":0,"max_hp_gain":0,"max_hp_loss":0,"event_name":"MindBloom","floor":45,"gold_loss":0}],"is_beta":false,"boss_relics":[{"not_picked":["Busted Crown","Cursed Key"],"picked":"FrozenCore"},{"not_picked":["Sozu","Velvet Choker"],"picked":"Tiny House"}],"items_purged_floors":[13,36],"is_endless":false,"potions_floor_spawned":[2,7,11,16,31,40,42,48],"ascension_level":0}}