{"host":"1poy056mauca3bbh","time":1612928452,"event":{"mods":["Ascension Unlocker","BaseMod","Bestiary","Block Reminder","Colored Map","Colored Powertips","Curses Come First","Highlight Path","Minty Spire (QoL Compilation)","Permanent Neow","Quick Restart","Rare Cards Sparkle","Relic Stats","Smile Girya","StSLib","UnlockEverythingMod"],"gold_per_floor":[99,99,99,99,99,99,99,99,99,99,99,99,99,99,99,99,99,99,59,59],"floor_reached":19,"language":"ENG","playtime":700,"items_purged":[],"score":354,"play_id":"61963089-af09-4def-8f5c-db28c7629860","local_time":"20210209224052","is_ascension_mode":true,"campfire_choices":[{"floor":6.0,"key":"REST"},{"floor":8.0,"key":"REST"},{"floor":12.0,"key":"REST"},{"floor":15.0,"key":"REST"}],"circlet_count":0,"master_deck":["AscendersBane","Strike_B","Strike_B","Strike_B","Strike_B","Defend_B","Defend_B","Defend_B","Defend_B","Zap","Dualcast","Defragment","Coolheaded","Cold Snap","Skim","Echo Form","Reinforced Body","Sunder","Electrodynamics","Doom and Gloom"],"relics":["Ectoplasm","Ornamental Fan","The Courier","Cables","Old Coin","Runic Pyramid"],"acts_visited":["Exordium","TheCity"],"potions_floor_usage":[],"damage_taken":[{"damage":7.0,"enemies":"Jaw Worm","floor":1.0,"turns":3.0},{"damage":0.0,"enemies":"Cultist","floor":4.0,"turns":3.0},{"damage":6.0,"enemies":"2 Louse","floor":5.0,"turns":4.0},{"damage":20.0,"enemies":"Lagavulin","floor":7.0,"turns":9.0},{"damage":43.0,"enemies":"Gremlin Nob","floor":10.0,"turns":4.0},{"damage":2.0,"enemies":"Exordium Thugs","floor":11.0,"turns":4.0},{"damage":10.0,"enemies":"3 Louse","floor":14.0,"turns":5.0},{"damage":30.0,"enemies":"Slime Boss","floor":16.0,"turns":10.0},{"damage":52,"enemies":"3 Byrds","floor":18,"turns":4},{"damage":12,"enemies":"2 Thieves","floor":19,"turns":1}],"seed_played":"1638146699402704627","potions_obtained":[{"floor":1.0,"key":"EssenceOfDarkness"},{"floor":7.0,"key":"GamblersBrew"},{"floor":10.0,"key":"DuplicationPotion"},{"floor":14.0,"key":"PowerPotion"}],"is_trial":false,"path_per_floor":["M","?","?","M","M","R","E","R","T","E","M","R","T","M","R","B",null,"M","M"],"character_chosen":"DEFECT","items_purchased":[],"campfire_rested":4,"item_purchase_floors":[],"current_hp_per_floor":[57,46,46,46,40,61,41,62,62,19,17,38,38,28,49,19,58,6,0,0],"gold":59,"neow_bonus":"BOSS_RELIC","is_daily":false,"chose_seed":false,"campfire_upgraded":0,"win_rate":0.0,"timestamp":1612928452,"path_taken":["M","?","?","?","M","R","E","R","T","E","M","R","?","M","R","BOSS","M","M"],"items_purchased_type":[],"build_version":"2020-12-22","purchased_purges":0,"victory":false,"max_hp_per_floor":[71,71,71,71,71,71,71,71,71,71,71,71,71,71,71,71,71,71,71,71],"relic_stats":{"counters":[10,47],"Ornamental Fan":[24],"Ectoplasm":620,"obtain_stats":[{"Ornamental Fan":7,"Ectoplasm":0,"The Courier":9,"Cracked Core":0,"Cables":10,"Old Coin":13,"Runic Pyramid":17},{"Ornamental Fan":4,"Ectoplasm":0,"The Courier":4,"Cracked Core":0,"Cables":5,"Old Coin":6,"Runic Pyramid":8},{"Ornamental Fan":19,"Ectoplasm":0,"The Courier":19,"Cracked Core":0,"Cables":23,"Old Coin":27,"Runic Pyramid":42}],"Cables":[20,4,16,0,0]},"card_choices":[{"not_picked":["Streamline","Cold Snap"],"picked":"Defragment","floor":1.0},{"not_picked":["Conserve Battery","Barrage"],"picked":"Coolheaded","floor":4.0},{"not_picked":["Conserve Battery","Redo"],"picked":"Cold Snap","floor":5.0},{"not_picked":["Redo","Undo"],"picked":"Skim","floor":7.0},{"not_picked":["Cold Snap","Recycle"],"picked":"Echo Form","floor":10.0},{"not_picked":["Turbo","Rebound"],"picked":"Reinforced Body","floor":11.0},{"not_picked":["Stack","Static Discharge"],"picked":"Sunder","floor":14.0},{"not_picked":["Reboot","Hyperbeam"],"picked":"Electrodynamics","floor":16.0},{"not_picked":["Skim","Rebound+1"],"picked":"Doom and Gloom","floor":18}],"player_experience":137097,"relics_obtained":[{"floor":7.0,"key":"Ornamental Fan"},{"floor":9.0,"key":"The Courier"},{"floor":10.0,"key":"Cables"},{"floor":13.0,"key":"Old Coin"}],"event_choices":[{"damage_healed":0.0,"max_hp_gain":0.0,"max_hp_loss":0.0,"gold_gain":75.0,"event_name":"World of Goop","player_choice":"Gather Gold","floor":2.0,"gold_loss":0.0,"damage_taken":11.0},{"damage_healed":0.0,"max_hp_gain":0.0,"max_hp_loss":0.0,"gold_gain":0.0,"event_name":"WeMeetAgain","player_choice":"Ignored","floor":3.0,"gold_loss":0.0,"damage_taken":0.0}],"is_beta":false,"boss_relics":[{"not_picked":["Busted Crown","Pandora\u0027s Box"],"picked":"Runic Pyramid"}],"items_purged_floors":[],"is_endless":false,"potions_floor_spawned":[1,7,10,14],"killed_by":"2 Thieves","ascension_level":20}}