{"host":"2ty4h143nj8vwezc","time":1612934682,"event":{"mods":["BaseMod","Colored Map","Googly Eyes","Highlight Path","Minty Spire (QoL Compilation)","Quick Restart","StSLib"],"gold_per_floor":[109,109,109,109,123,163,163,194,221,237,237,270,145,170,170,295,295,309,408,432,432,20,63,63,77,77,77,95,95,43,56,56,56,56,71,404,404,75,75,75,93,120,120,132,132,1,1,1,1,1],"floor_reached":51,"language":"ENG","playtime":2392,"items_purged":["Strike_B","Strike_B","Defend_B"],"score":1029,"play_id":"b3c286b0-1e8a-487c-bb3f-d9a21df0f534","local_time":"20210210002442","is_ascension_mode":true,"campfire_choices":[{"data":"Leap","floor":7.0,"key":"SMITH"},{"floor":11.0,"key":"REST"},{"floor":15.0,"key":"REST"},{"floor":24.0,"key":"REST"},{"data":"Reboot","floor":27.0,"key":"SMITH"},{"data":"Fission","floor":29.0,"key":"SMITH"},{"floor":32,"key":"REST"},{"data":"Echo Form","floor":40,"key":"SMITH"},{"data":"Buffer","floor":45,"key":"SMITH"},{"data":"Defragment","floor":49,"key":"SMITH"}],"circlet_count":0,"master_deck":["Strike_B+1","Defend_B+1","Defend_B","Defend_B","Zap+1","Dualcast+1","Leap+1","Gash","Go for the Eyes","Gash","Streamline","Gash","Chill","Electrodynamics","Gash+1","Fission+1","Reboot+1","Gash","Buffer+1","Gash","Cold Snap+1","Echo Form+1","BootSequence+1","Reboot","All For One","Consume+1","Double Energy+1","Defragment+1"],"relics":["FrozenCore","NeowsBlessing","Orichalcum","Bag of Preparation","DataDisk","War Paint","Inserter","Nilry\u0027s Codex","Turnip","Boot","Bottled Tornado","Pocketwatch","Smiling Mask"],"acts_visited":["Exordium","TheCity","TheBeyond"],"potions_floor_usage":[31,33],"damage_taken":[{"damage":0.0,"enemies":"Jaw Worm","floor":1.0,"turns":1.0},{"damage":0.0,"enemies":"2 Louse","floor":5.0,"turns":1.0},{"damage":0.0,"enemies":"3 Sentries","floor":6.0,"turns":1.0},{"damage":43.0,"enemies":"Lagavulin","floor":8.0,"turns":8.0},{"damage":0.0,"enemies":"Small Slimes","floor":10.0,"turns":2.0},{"damage":16.0,"enemies":"Gremlin Nob","floor":12.0,"turns":4.0},{"damage":0.0,"enemies":"2 Fungi Beasts","floor":14.0,"turns":2.0},{"damage":7.0,"enemies":"Hexaghost","floor":16.0,"turns":9.0},{"damage":1.0,"enemies":"Spheric Guardian","floor":18.0,"turns":3.0},{"damage":4.0,"enemies":"Chosen","floor":20.0,"turns":4.0},{"damage":22.0,"enemies":"Slavers","floor":23.0,"turns":4.0},{"damage":10.0,"enemies":"Sentry and Sphere","floor":25.0,"turns":5.0},{"damage":6.0,"enemies":"Cultist and Chosen","floor":28.0,"turns":4.0},{"damage":0,"enemies":"Snecko","floor":31,"turns":3},{"damage":34,"enemies":"Collector","floor":33,"turns":7},{"damage":0,"enemies":"3 Darklings","floor":35,"turns":3},{"damage":0,"enemies":"Orb Walker","floor":41,"turns":3},{"damage":2,"enemies":"Reptomancer","floor":42,"turns":3},{"damage":0,"enemies":"Spire Growth","floor":44,"turns":5},{"damage":0,"enemies":"Donu and Deca","floor":50,"turns":12}],"seed_played":"1964388204837623699","potions_obtained":[{"floor":1.0,"key":"Block Potion"},{"floor":10.0,"key":"BlessingOfTheForge"},{"floor":18.0,"key":"Ancient Potion"},{"floor":20.0,"key":"Ancient Potion"},{"floor":28.0,"key":"PowerPotion"},{"floor":41,"key":"Fire Potion"}],"is_trial":false,"path_per_floor":["M","?","?","?","M","E","R","E","T","M","R","E","$","M","R","B",null,"M","?","M","?","$","E","R","M","T","R","M","R","$","M","R","B",null,"M","?","?","$","?","R","M","E","T","M","R","$","?","$","R","B",null],"character_chosen":"DEFECT","items_purchased":["Gash","Fission","Reboot","Gash","Reboot","Bottled Tornado","Defragment"],"campfire_rested":4,"item_purchase_floors":[13,22,22,30,38,38,46],"current_hp_per_floor":[68,53,53,46,46,46,46,3,3,3,25,9,9,9,31,24,62,61,61,57,41,41,19,41,31,31,31,25,25,25,25,47,13,60,60,60,60,60,60,60,60,58,58,58,58,58,58,58,58,58],"gold":1,"neow_bonus":"THREE_ENEMY_KILL","is_daily":false,"chose_seed":false,"campfire_upgraded":6,"win_rate":0.0,"timestamp":1612934682,"path_taken":["M","?","?","?","M","E","R","E","T","M","R","E","$","?","R","BOSS","M","?","M","?","$","E","R","M","T","R","M","R","$","M","R","BOSS","M","?","?","$","?","R","M","E","T","?","R","$","?","?","R","BOSS"],"items_purchased_type":["Card","Card","Card","Card","Card","Relic","Card"],"build_version":"2020-12-22","purchased_purges":3,"victory":true,"max_hp_per_floor":[75,75,75,75,75,75,75,75,75,75,75,75,75,75,75,75,75,75,75,75,75,75,75,75,75,75,75,75,75,75,75,75,75,75,75,75,75,75,75,75,75,75,75,75,75,75,75,75,75,75],"card_choices":[{"not_picked":["Rip and Tear","Compile Driver","Darkness"],"picked":"SKIP","floor":1.0},{"not_picked":["Rebound","Undo"],"picked":"Leap","floor":5.0},{"not_picked":["Skim","Go for the Eyes"],"picked":"Gash","floor":6.0},{"not_picked":["Coolheaded","Chaos"],"picked":"Go for the Eyes","floor":8.0},{"not_picked":["Skim","Double Energy"],"picked":"Gash","floor":10.0},{"not_picked":["Beam Cell","Amplify"],"picked":"Streamline","floor":12.0},{"not_picked":["Gash","Steam Power"],"picked":"Chill","floor":14.0},{"not_picked":["Reboot","Hyperbeam"],"picked":"Electrodynamics","floor":16.0},{"not_picked":["Leap","Darkness+1"],"picked":"Gash+1","floor":18.0},{"not_picked":["Ball Lightning","Turbo","Redo"],"picked":"SKIP","floor":20.0},{"not_picked":["Beam Cell","Scrape"],"picked":"Gash","floor":23.0},{"not_picked":["Barrage+1","Hello World+1","Stack"],"picked":"SKIP","floor":25.0},{"not_picked":["Streamline","Auto Shields"],"picked":"Buffer","floor":28.0},{"not_picked":["Capacitor+1","Stack"],"picked":"Cold Snap+1","floor":31},{"not_picked":["Fission","Hyperbeam"],"picked":"Echo Form","floor":33},{"not_picked":["Doom and Gloom","Sunder"],"picked":"BootSequence+1","floor":35},{"not_picked":["Storm","Hologram+1","Cold Snap+1"],"picked":"SKIP","floor":41},{"not_picked":["Steam","Stack"],"picked":"Consume+1","floor":42},{"not_picked":["Gash+1","Electrodynamics"],"picked":"Double Energy+1","floor":44}],"player_experience":387504,"relics_obtained":[{"floor":6.0,"key":"Orichalcum"},{"floor":8.0,"key":"Bag of Preparation"},{"floor":9.0,"key":"DataDisk"},{"floor":12.0,"key":"War Paint"},{"floor":21.0,"key":"Nilry\u0027s Codex"},{"floor":23.0,"key":"Turnip"},{"floor":26.0,"key":"Boot"},{"floor":42,"key":"Pocketwatch"},{"floor":43,"key":"Smiling Mask"}],"event_choices":[{"damage_healed":0.0,"max_hp_gain":0.0,"max_hp_loss":0.0,"gold_gain":0.0,"event_name":"Shining Light","player_choice":"Entered Light","floor":2.0,"gold_loss":0.0,"damage_taken":15.0,"cards_upgraded":["Strike_B","Dualcast"]},{"damage_healed":0.0,"max_hp_gain":0.0,"max_hp_loss":0.0,"gold_gain":0.0,"event_name":"Golden Idol","player_choice":"Take Wound","floor":3.0,"gold_loss":0.0,"damage_taken":0.0,"relics_obtained":["Golden Idol"],"cards_obtained":["Injury"]},{"cards_removed":["Injury"],"damage_healed":0.0,"max_hp_gain":0.0,"max_hp_loss":0.0,"gold_gain":0.0,"event_name":"Golden Wing","player_choice":"Card Removal","floor":4.0,"gold_loss":0.0,"damage_taken":7.0},{"damage_healed":0.0,"max_hp_gain":0.0,"max_hp_loss":0.0,"gold_gain":99.0,"event_name":"Nest","player_choice":"Stole From Cult","floor":19.0,"gold_loss":0.0,"damage_taken":0.0},{"damage_healed":0.0,"max_hp_gain":0.0,"max_hp_loss":0.0,"gold_gain":0.0,"event_name":"Cursed Tome","player_choice":"Obtained Book","floor":21.0,"gold_loss":0.0,"damage_taken":16.0},{"damage_healed":0,"gold_gain":333,"player_choice":"Gave Idol","damage_taken":0,"max_hp_gain":0,"max_hp_loss":0,"event_name":"The Moai Head","floor":36,"relics_lost":["Golden Idol"],"gold_loss":0},{"damage_healed":0,"gold_gain":0,"player_choice":"Ignored","damage_taken":0,"max_hp_gain":0,"max_hp_loss":0,"event_name":"Tomb of Lord Red Mask","floor":37,"gold_loss":0},{"damage_healed":0,"gold_gain":0,"cards_transformed":["Strike_B"],"player_choice":"Transformed","damage_taken":0,"max_hp_gain":0,"max_hp_loss":0,"event_name":"Transmorgrifier","floor":39,"gold_loss":0,"cards_obtained":["All For One"]},{"damage_healed":0,"gold_gain":0,"player_choice":"Ignored","damage_taken":0,"max_hp_gain":0,"max_hp_loss":0,"event_name":"SecretPortal","floor":47,"gold_loss":0}],"is_beta":false,"boss_relics":[{"not_picked":["Velvet Choker","Runic Dome"],"picked":"Inserter"},{"not_picked":["SacredBark","Busted Crown"],"picked":"FrozenCore"}],"items_purged_floors":[13,22,46],"is_endless":false,"potions_floor_spawned":[1,10,18,20,28,41],"ascension_level":6}}