{"host":"y0i0tbisecj7yjyn","time":1612926825,"event":{"mods":["2.2 Compatiblity","A Penny For Your Troubles","AchievementEnabler","AlwaysNeverKeys","BaseMod","BetterRewards","Colored Map","Colored Powertips","Consume Value Calculator","Curses Come First","Dark Map","Disable Question Mark Monsters","Displayed Cursed Tome","Highlight Path","Keyboard Shortcuts","Minty Spire (QoL Compilation)","Quick Restart","Random Character Button","Rare Cards Sparkle","Relic Sorter","StSLib","SuperFastMode","Transform Curses","Weighted Paths"],"gold_per_floor":[110,110,110,110,110,145,145,145,145,70,70,0,0,35,35,161,161,181,181,104,123,137,137,170,170,224,323,0,0,0,0],"floor_reached":30,"language":"ENG","playtime":717,"items_purged":["Injury"],"score":358,"play_id":"ea51ac26-d63d-4e0e-baa2-660fa361a38b","local_time":"20210209211345","is_ascension_mode":true,"campfire_choices":[{"data":"Static Discharge","floor":7,"key":"SMITH"},{"data":"Dualcast","floor":11,"key":"SMITH"},{"floor":15,"key":"REST"},{"floor":23,"key":"REST"},{"floor":29,"key":"REST"}],"circlet_count":0,"master_deck":["Defend_B","Defend_B","Zap+1","Dualcast+1","Beam Cell","Static Discharge+1","Defragment","Conserve Battery","Creative AI","Undo+1","Rebound+1","Doom and Gloom+1","Ball Lightning","Storm","Conserve Battery+1","Beam Cell+1"],"relics":["Cracked Core","NeowsBlessing","Eternal Feather","Golden Idol","Lantern","Cables","Potion Belt","Astrolabe","Emotion Chip","Molten Egg 2","Bag of Marbles"],"acts_visited":["Exordium","TheCity"],"potions_floor_usage":[24],"damage_taken":[{"damage":0,"enemies":"2 Louse","floor":1,"turns":1},{"damage":0,"enemies":"Lagavulin","floor":6,"turns":2},{"damage":0,"enemies":"Gremlin Nob","floor":14,"turns":1},{"damage":21,"enemies":"Hexaghost","floor":16,"turns":8},{"damage":37,"enemies":"3 Byrds","floor":18,"turns":4},{"damage":16,"enemies":"Shell Parasite","floor":21,"turns":3},{"damage":13,"enemies":"Chosen and Byrds","floor":22,"turns":4},{"damage":30,"enemies":"Book of Stabbing","floor":24,"turns":4},{"damage":47,"enemies":"Slavers","floor":30,"turns":3}],"seed_played":"1388452978952136711","potions_obtained":[{"floor":21,"key":"AttackPotion"}],"is_trial":false,"path_per_floor":["M","?","?","?","?","E","R","?","T","$","R","$","?","E","R","B",null,"M","?","$","M","M","R","E","T","T","?","?","R","E"],"character_chosen":"DEFECT","items_purchased":["Defragment","Storm"],"campfire_rested":3,"item_purchase_floors":[12,20],"current_hp_per_floor":[75,60,60,60,53,53,59,59,59,59,65,65,32,32,60,39,75,38,38,38,22,9,40,10,10,10,10,10,41,0,0],"gold":0,"neow_bonus":"THREE_ENEMY_KILL","is_daily":false,"chose_seed":false,"campfire_upgraded":2,"win_rate":0.0,"timestamp":1612926825,"path_taken":["M","?","?","?","?","E","R","?","T","$","R","$","?","E","R","BOSS","M","?","$","M","?","R","E","?","T","?","?","R","E"],"items_purchased_type":["Card","Card"],"build_version":"2020-12-22","purchased_purges":1,"victory":false,"max_hp_per_floor":[75,75,75,75,75,75,75,75,75,75,75,75,75,75,75,75,75,75,75,75,75,75,75,75,75,75,75,75,75,75,75],"card_choices":[{"not_picked":["Leap","Redo"],"picked":"Beam Cell","floor":1},{"not_picked":["Beam Cell","Undo"],"picked":"Static Discharge","floor":6},{"not_picked":["Barrage","Blizzard"],"picked":"Conserve Battery","floor":14},{"not_picked":["Biased Cognition","Seek"],"picked":"Creative AI","floor":16},{"not_picked":["Compile Driver","Scrape"],"picked":"Ball Lightning","floor":18},{"not_picked":["Hologram","Sweeping Beam","Darkness"],"picked":"SKIP","floor":21},{"not_picked":["Blizzard+1","Auto Shields"],"picked":"Conserve Battery+1","floor":22},{"not_picked":["Heatsinks","Core Surge"],"picked":"Beam Cell+1","floor":24}],"player_experience":414508,"relics_obtained":[{"floor":6,"key":"Eternal Feather"},{"floor":9,"key":"Lantern"},{"floor":14,"key":"Potion Belt"},{"floor":24,"key":"Emotion Chip"},{"floor":25,"key":"Molten Egg 2"},{"floor":26,"key":"Bag of Marbles"}],"event_choices":[{"damage_healed":0,"gold_gain":0,"player_choice":"Entered Light","damage_taken":15,"max_hp_gain":0,"max_hp_loss":0,"event_name":"Shining Light","floor":2,"gold_loss":0,"cards_upgraded":["Strike_B","Defend_B"]},{"damage_healed":0,"gold_gain":0,"player_choice":"Grow","damage_taken":0,"max_hp_gain":0,"max_hp_loss":0,"event_name":"Living Wall","floor":3,"gold_loss":0,"cards_upgraded":["Zap"]},{"cards_removed":["Strike_B"],"damage_healed":0,"gold_gain":0,"player_choice":"Offered Basic","damage_taken":0,"max_hp_gain":0,"max_hp_loss":0,"event_name":"Bonfire Elementals","floor":4,"gold_loss":0},{"cards_removed":["Strike_B"],"damage_healed":0,"gold_gain":0,"player_choice":"Card Removal","damage_taken":7,"max_hp_gain":0,"max_hp_loss":0,"event_name":"Golden Wing","floor":5,"gold_loss":0},{"damage_healed":0,"gold_gain":0,"player_choice":"Take Wound","damage_taken":0,"relics_obtained":["Golden Idol"],"max_hp_gain":0,"max_hp_loss":0,"event_name":"Golden Idol","floor":8,"gold_loss":0,"cards_obtained":["Injury"]},{"damage_healed":0,"gold_gain":0,"player_choice":"Success","damage_taken":33,"relics_obtained":["Cables"],"max_hp_gain":0,"max_hp_loss":0,"event_name":"Scrap Ooze","floor":13,"gold_loss":0},{"cards_removed":["Strike_B"],"damage_healed":0,"gold_gain":0,"player_choice":"Purged","damage_taken":0,"max_hp_gain":0,"max_hp_loss":0,"event_name":"Purifier","floor":19,"gold_loss":0},{"damage_healed":0,"gold_gain":99,"player_choice":"Stole From Cult","damage_taken":0,"max_hp_gain":0,"max_hp_loss":0,"event_name":"Nest","floor":27,"gold_loss":0},{"damage_healed":0,"gold_gain":0,"player_choice":"Paid Fearfully","damage_taken":0,"max_hp_gain":0,"max_hp_loss":0,"event_name":"Masked Bandits","floor":28,"gold_loss":323}],"is_beta":false,"boss_relics":[{"not_picked":["Coffee Dripper","Sozu"],"picked":"Astrolabe"}],"items_purged_floors":[10],"is_endless":false,"potions_floor_spawned":[21],"killed_by":"Slavers","ascension_level":4}}