{"host":"pgqkv8mh62pnrbci","time":1612979895,"event":{"mods":["2.2 Compatiblity","AchievementEnabler","BaseMod","Custom Start","DeckTracker","Marisa£¨Ùöéë¡¡Øª×âÞÞ£©","Minty Spire (QoL Compilation)","StSLib","SuperFastMode","¡¼?Úª?ø«¡½REMEMod"],"gold_per_floor":[115,148,178,178,204,204,229,262,289,289,317,317,317,317,317,317,317],"floor_reached":16,"language":"KOR","playtime":764,"items_purged":[],"score":127,"play_id":"1b5905b8-8ad6-4aee-98d1-2496ce4833cb","local_time":"20210211025815","is_ascension_mode":true,"campfire_choices":[{"data":"EarthLightRay","floor":6.0,"key":"SMITH"},{"data":"MasterSpark","floor":10.0,"key":"SMITH"},{"floor":12.0,"key":"REST"},{"data":"REME_ShadowForm","floor":15,"key":"SMITH"}],"circlet_count":0,"master_deck":["Strike_MRS","Strike_MRS","Strike_MRS","Strike_MRS","Defend_MRS","Defend_MRS","Defend_MRS","Defend_MRS","MasterSpark+1","UpSweep+1","REME_ShadowForm+1","WitchOfGreed","EarthLightRay+1","ChargeUpSpray","SatelliteIllusion","NonDirectionalLaser"],"relics":["MiniHakkero","REME_ComplimentaryCards","Pocketwatch","Toxic Egg 2","Juzu Bracelet","Ancient Tea Set"],"acts_visited":["Exordium"],"potions_floor_usage":[],"damage_taken":[{"damage":3.0,"enemies":"2 Louse","floor":1.0,"turns":2.0},{"damage":1.0,"enemies":"Cultist","floor":2.0,"turns":3.0},{"damage":9.0,"enemies":"Jaw Worm","floor":3.0,"turns":3.0},{"damage":9.0,"enemies":"Large Slime","floor":5.0,"turns":4.0},{"damage":28.0,"enemies":"Gremlin Nob","floor":7.0,"turns":4.0},{"damage":9.0,"enemies":"Blue Slaver","floor":8.0,"turns":4.0},{"damage":25.0,"enemies":"3 Sentries","floor":11.0,"turns":3.0},{"damage":44,"enemies":"The Guardian","floor":16,"turns":5}],"seed_played":"-7193157463035323323","potions_obtained":[{"floor":1.0,"key":"GamblersBrew"},{"floor":2.0,"key":"PowerPotion"},{"floor":3.0,"key":"Energy Potion"},{"floor":5.0,"key":"Energy Potion"},{"floor":7.0,"key":"SteroidPotion"},{"floor":11.0,"key":"SmokeBomb"}],"is_trial":false,"path_per_floor":["M","M","M","?","M","R","E","M","T","R","E","R","?","?","R","B"],"character_chosen":"MARISA","items_purchased":[],"campfire_rested":1,"item_purchase_floors":[],"current_hp_per_floor":[65,64,59,59,54,54,32,29,29,29,10,30,35,35,35,0,0],"gold":317,"neow_bonus":"ONE_RARE_RELIC","is_daily":false,"chose_seed":false,"campfire_upgraded":3,"win_rate":0.0,"timestamp":1612979895,"path_taken":["M","M","M","?","M","R","E","?","T","R","E","R","?","?","R","BOSS"],"items_purchased_type":[],"build_version":"2020-12-22","purchased_purges":0,"victory":false,"max_hp_per_floor":[68,68,68,68,68,68,68,68,68,68,68,68,73,73,73,73,73],"card_choices":[{"not_picked":["AsteroidBelt","ShootingEcho"],"picked":"WitchOfGreed","floor":1.0},{"not_picked":["WitchOfGreed","OneTimeOff"],"picked":"EarthLightRay","floor":2.0},{"not_picked":["DC","GravityBeat"],"picked":"ChargeUpSpray","floor":3.0},{"not_picked":["EventHorizon","WitchOfGreed"],"picked":"SatelliteIllusion","floor":5.0},{"not_picked":["MysteriousBeam","UnstableBomb","6A"],"picked":"SKIP","floor":7.0},{"not_picked":["GravityBeat","CollectingQuirk"],"picked":"NonDirectionalLaser","floor":8.0},{"not_picked":["ChargeUpSpray","RefractionSpark","UnstableBomb"],"picked":"SKIP","floor":11.0}],"player_experience":657006,"relics_obtained":[{"floor":7.0,"key":"Toxic Egg 2"},{"floor":9.0,"key":"Juzu Bracelet"},{"floor":11.0,"key":"Ancient Tea Set"}],"event_choices":[{"damage_healed":0.0,"max_hp_gain":0.0,"max_hp_loss":0.0,"gold_gain":0.0,"event_name":"Upgrade Shrine","player_choice":"Upgraded","floor":4.0,"gold_loss":0.0,"damage_taken":0.0,"cards_upgraded":["UpSweep"]},{"damage_healed":0,"gold_gain":0,"player_choice":"Donut","damage_taken":0,"max_hp_gain":5,"max_hp_loss":0,"event_name":"Big Fish","floor":13,"gold_loss":0},{"damage_healed":0,"gold_gain":0,"player_choice":"Ignored","damage_taken":0,"max_hp_gain":0,"max_hp_loss":0,"event_name":"Liars Game","floor":14,"gold_loss":0}],"is_beta":false,"boss_relics":[],"items_purged_floors":[],"is_endless":false,"potions_floor_spawned":[1,5,7,11],"killed_by":"The Guardian","ascension_level":3}}