{"host":"2wfkxmfk74kgfdwc","time":1612974707,"event":{"mods":["BaseMod","Colored Map","Colored Powertips","Minty Spire (QoL Compilation)","Permanent Neow","Quick Restart","Relic Filter Mod","Relic Stats","Reliquary","Spire Arcade","StSLib","óô»ðÖ¸ÄÏ"],"gold_per_floor":[116,130,130,130,150,182,202,202,202,202,229,73,93,93,93,193,193,210,222,248,201,301,333,333,347,370,397,397,412,427,279,279,279,279],"floor_reached":33,"language":"ZHS","playtime":958,"items_purged":["Strike_R"],"score":398,"play_id":"901ae0b4-948a-438b-b9ff-8e5102c2d48f","local_time":"20210211003147","is_ascension_mode":true,"campfire_choices":[{"data":"True Grit","floor":8.0,"key":"SMITH"},{"data":"Pommel Strike","floor":10.0,"key":"SMITH"},{"data":"Bash","floor":15.0,"key":"SMITH"},{"floor":24,"key":"REST"},{"floor":28,"key":"REST"},{"data":"Double Tap","floor":32,"key":"SMITH"}],"circlet_count":0,"master_deck":["Strike_R","Strike_R","Strike_R","Strike_R","Defend_R","Defend_R","Defend_R","Defend_R","Bash+1","Bludgeon+1","Pommel Strike+1","Power Through","True Grit+1","Headbutt+1","Feel No Pain","Body Slam+1","Feed+1","Immolate+1","Pommel Strike+1","Heavy Blade+1","Double Tap+1","Whirlwind+1"],"relics":["Burning Blood","Molten Egg 2","reliquary:BallBearing","Shuriken","Medical Kit","Blood Vial","Mark of Pain","Vajra","Boot","reliquary:FerryPass","Prayer Wheel"],"acts_visited":["Exordium","TheCity"],"potions_floor_usage":[23,23,27,33,33],"damage_taken":[{"damage":7.0,"enemies":"Jaw Worm","floor":1.0,"turns":2.0},{"damage":0.0,"enemies":"Cultist","floor":2.0,"turns":2.0},{"damage":6.0,"enemies":"Small Slimes","floor":5.0,"turns":2.0},{"damage":15.0,"enemies":"3 Sentries","floor":6.0,"turns":5.0},{"damage":0.0,"enemies":"Red Slaver","floor":7.0,"turns":4.0},{"damage":16.0,"enemies":"Gremlin Nob","floor":11.0,"turns":3.0},{"damage":16.0,"enemies":"Gremlin Gang","floor":13.0,"turns":5.0},{"damage":33.0,"enemies":"The Guardian","floor":16.0,"turns":9.0},{"damage":25.0,"enemies":"2 Thieves","floor":18.0,"turns":4.0},{"damage":7.0,"enemies":"3 Byrds","floor":19.0,"turns":4.0},{"damage":62,"enemies":"Gremlin Leader","floor":23,"turns":4},{"damage":7,"enemies":"Snecko","floor":25,"turns":4},{"damage":26,"enemies":"Book of Stabbing","floor":27,"turns":5},{"damage":24,"enemies":"Snake Plant","floor":29,"turns":2},{"damage":0,"enemies":"Centurion and Healer","floor":30,"turns":3},{"damage":38,"enemies":"Champ","floor":33,"turns":7}],"seed_played":"-151779252683103108","potions_obtained":[{"floor":1.0,"key":"LiquidBronze"},{"floor":11.0,"key":"Fire Potion"},{"floor":13.0,"key":"DuplicationPotion"},{"floor":19.0,"key":"BloodPotion"},{"floor":25,"key":"GamblersBrew"},{"floor":29,"key":"Explosive Potion"},{"floor":30,"key":"Explosive Potion"}],"is_trial":false,"path_per_floor":["M","M","?","?","M","E","M","R","T","R","E","$","M","?","R","B",null,"M","M","T","$","?","E","R","M","T","E","R","M","M","$","R","B"],"character_chosen":"IRONCLAD","items_purchased":["Medical Kit","Body Slam+1","Whirlwind+1"],"campfire_rested":2,"item_purchase_floors":[12,21,31],"current_hp_per_floor":[71,77,77,77,77,68,74,74,74,74,64,64,54,54,54,29,67,50,51,51,51,51,13,37,38,38,20,44,28,36,36,36,0,0],"gold":279,"neow_bonus":"ONE_RANDOM_RARE_CARD","is_daily":false,"chose_seed":false,"campfire_upgraded":4,"win_rate":0.0,"timestamp":1612974707,"path_taken":["M","M","?","?","M","E","M","R","T","R","E","$","?","?","R","BOSS","M","?","?","?","?","E","R","M","T","E","R","M","M","$","R","BOSS"],"items_purchased_type":["Relic","Card","Card"],"build_version":"2020-12-22","purchased_purges":1,"victory":false,"max_hp_per_floor":[80,80,80,80,80,80,80,80,80,80,80,80,80,80,80,80,80,80,80,80,80,80,80,80,80,80,80,80,80,80,80,80,80,80],"relic_stats":{"Blood Vial":18,"counters":[16,65],"Shuriken":[12],"Prayer Wheel":2,"Medical Kit":[42],"Boot":[8],"obtain_stats":[{"Blood Vial":14,"Shuriken":11,"Vajra":20,"Molten Egg 2":6,"Prayer Wheel":27,"reliquary:BallBearing":9,"Mark of Pain":17,"Medical Kit":12,"Boot":23,"Burning Blood":0,"reliquary:FerryPass":26},{"Blood Vial":7,"Shuriken":6,"Vajra":10,"Molten Egg 2":4,"Prayer Wheel":13,"reliquary:BallBearing":5,"Mark of Pain":8,"Medical Kit":6,"Boot":11,"Burning Blood":0,"reliquary:FerryPass":12},{"Blood Vial":23,"Shuriken":18,"Vajra":40,"Molten Egg 2":11,"Prayer Wheel":53,"reliquary:BallBearing":15,"Mark of Pain":32,"Medical Kit":18,"Boot":44,"Burning Blood":0,"reliquary:FerryPass":48}],"Burning Blood":90},"card_choices":[{"not_picked":["Fire Breathing","Clash"],"picked":"Pommel Strike","floor":1.0},{"not_picked":["Armaments","Disarm","Intimidate"],"picked":"SKIP","floor":2.0},{"not_picked":["Twin Strike","Thunderclap","Spot Weakness"],"picked":"SKIP","floor":5.0},{"not_picked":["Thunderclap+1","Perfected Strike+1"],"picked":"Power Through","floor":6.0},{"not_picked":["Barricade","Ghostly Armor"],"picked":"True Grit","floor":7.0},{"not_picked":["Wild Strike+1","Metallicize","Reckless Charge+1"],"picked":"SKIP","floor":11.0},{"not_picked":["Shrug It Off","Armaments"],"picked":"Headbutt+1","floor":13.0},{"not_picked":["Cleave+1","Reckless Charge+1"],"picked":"Feel No Pain","floor":18.0},{"not_picked":["Twin Strike+1","Clothesline+1","Dropkick+1"],"picked":"SKIP","floor":19.0},{"not_picked":["Headbutt+1","Twin Strike+1","Flame Barrier+1"],"picked":"SKIP","floor":23},{"not_picked":["Cleave+1","Infernal Blade"],"picked":"Feed+1","floor":25},{"not_picked":["Body Slam+1","Havoc"],"picked":"Immolate+1","floor":27},{"not_picked":["Thunderclap+1","Flame Barrier"],"picked":"Pommel Strike+1","floor":29},{"not_picked":["Searing Blow+1","Thunderclap+1","Flex"],"picked":"SKIP","floor":29},{"not_picked":["True Grit","Clothesline+1"],"picked":"Heavy Blade+1","floor":30},{"not_picked":["Intimidate","Wild Strike+1"],"picked":"Double Tap","floor":30}],"player_experience":17481,"relics_obtained":[{"floor":6.0,"key":"Molten Egg 2"},{"floor":9.0,"key":"reliquary:BallBearing"},{"floor":11.0,"key":"Shuriken"},{"floor":20.0,"key":"Vajra"},{"floor":23,"key":"Boot"},{"floor":26,"key":"reliquary:FerryPass"},{"floor":27,"key":"Prayer Wheel"}],"event_choices":[{"damage_healed":0.0,"max_hp_gain":0.0,"max_hp_loss":0.0,"gold_gain":0.0,"event_name":"Liars Game","player_choice":"Ignored","floor":3.0,"gold_loss":0.0,"damage_taken":0.0},{"damage_healed":0.0,"max_hp_gain":0.0,"max_hp_loss":0.0,"gold_gain":0.0,"event_name":"Upgrade Shrine","player_choice":"Upgraded","floor":4.0,"gold_loss":0.0,"damage_taken":0.0,"cards_upgraded":["Bludgeon"]},{"damage_healed":0.0,"max_hp_gain":0.0,"max_hp_loss":0.0,"gold_gain":0.0,"event_name":"WeMeetAgain","player_choice":"Gave Potion","floor":14.0,"gold_loss":0.0,"damage_taken":0.0,"relics_obtained":["Blood Vial"]},{"damage_healed":0.0,"max_hp_gain":0.0,"max_hp_loss":0.0,"gold_gain":100.0,"event_name":"Golden Shrine","player_choice":"Pray","floor":22.0,"gold_loss":0.0,"damage_taken":0.0}],"is_beta":false,"boss_relics":[{"not_picked":["Busted Crown","Philosopher\u0027s Stone"],"picked":"Mark of Pain"}],"items_purged_floors":[31],"is_endless":false,"potions_floor_spawned":[1,11,13,19,25,29,30],"killed_by":"Champ","ascension_level":7}}