{"host":"1vy6j31128f61x2z","time":1612936389,"event":{"mods":["AchievementEnabler","BaseMod","Colored Powertips","Minty Spire (QoL Compilation)","Permanent Neow"],"gold_per_floor":[363,375,388,388,73,73,106,69,95,108,126,156,156,167,167,267,267,277,33,52,52,64,99,119,119,146,161,192,192,204,239,239,337,337,354,354,354,265,265,265,318,351,378,157,157,176,194,41,41,41],"floor_reached":51,"language":"ENG","playtime":2478,"items_purged":["Defend_G","Strike_G","Defend_G","Defend_G"],"score":830,"play_id":"28458cef-1dee-450a-8ffb-c39fc13b94b9","local_time":"20210210005309","is_ascension_mode":true,"campfire_choices":[{"data":"Neutralize","floor":6.0,"key":"SMITH"},{"data":"Accuracy","floor":15.0,"key":"SMITH"},{"floor":25.0,"key":"REST"},{"floor":32.0,"key":"REST"},{"floor":40,"key":"RECALL"},{"floor":45,"key":"REST"},{"floor":49,"key":"REST"}],"circlet_count":0,"master_deck":["Strike_G+1","Strike_G","Strike_G+1","Defend_G","Defend_G","Survivor","Neutralize+1","Infinite Blades","Well Laid Plans","Blade Dance","Deflect","Accuracy+1","Finisher","Acrobatics","Backstab","Choke","Burst","Cloak And Dagger+1","Infinite Blades","Footwork+1","Acrobatics+1","Accuracy","Slice+1","Leg Sweep","Blade Dance","Storm of Steel","Escape Plan+1","Writhe","Blade Dance","Regret","Backflip","Decay","Backflip","Infinite Blades"],"relics":["Ring of the Snake","Spirit Poop","Shuriken","Whetstone","Orichalcum","Bottled Lightning","Fusion Hammer","Membership Card","Blood Vial","Ancient Tea Set","Du-Vu Doll","Regal Pillow","Cursed Key","Letter Opener","Tingsha","Mercury Hourglass","Lantern","Happy Flower","HandDrill","Bird Faced Urn"],"acts_visited":["Exordium","TheCity","TheBeyond"],"potions_floor_usage":[41,50,50,50],"damage_taken":[{"damage":0.0,"enemies":"2 Louse","floor":1.0,"turns":2.0},{"damage":0.0,"enemies":"Cultist","floor":2.0,"turns":4.0},{"damage":7.0,"enemies":"Small Slimes","floor":3.0,"turns":4.0},{"damage":14.0,"enemies":"3 Sentries","floor":7.0,"turns":6.0},{"damage":0.0,"enemies":"Exordium Wildlife","floor":10.0,"turns":4.0},{"damage":0.0,"enemies":"2 Fungi Beasts","floor":11.0,"turns":2.0},{"damage":9.0,"enemies":"Gremlin Nob","floor":12.0,"turns":4.0},{"damage":0.0,"enemies":"Large Slime","floor":14.0,"turns":1.0},{"damage":1.0,"enemies":"Hexaghost","floor":16.0,"turns":7.0},{"damage":0.0,"enemies":"Spheric Guardian","floor":18.0,"turns":1.0},{"damage":0.0,"enemies":"3 Byrds","floor":20.0,"turns":3.0},{"damage":10.0,"enemies":"Snake Plant","floor":22.0,"turns":3.0},{"damage":0.0,"enemies":"Gremlin Leader","floor":23.0,"turns":4.0},{"damage":13.0,"enemies":"Chosen and Byrds","floor":24.0,"turns":6.0},{"damage":6.0,"enemies":"Cultist and Chosen","floor":27.0,"turns":6.0},{"damage":10.0,"enemies":"Book of Stabbing","floor":28.0,"turns":4.0},{"damage":4.0,"enemies":"Centurion and Healer","floor":30.0,"turns":5.0},{"damage":15.0,"enemies":"Slavers","floor":31.0,"turns":4.0},{"damage":41,"enemies":"Champ","floor":33,"turns":7},{"damage":9,"enemies":"Orb Walker","floor":35,"turns":2},{"damage":7,"enemies":"2 Orb Walkers","floor":41,"turns":3},{"damage":14,"enemies":"Reptomancer","floor":42,"turns":4},{"damage":0,"enemies":"3 Shapes","floor":46,"turns":1},{"damage":14,"enemies":"Spire Growth","floor":47,"turns":4},{"damage":54,"enemies":"Time Eater","floor":50,"turns":6}],"seed_played":"-8419617288693431738","potions_obtained":[{"floor":1.0,"key":"SkillPotion"},{"floor":2.0,"key":"EssenceOfSteel"},{"floor":12.0,"key":"CunningPotion"},{"floor":16.0,"key":"GamblersBrew"},{"floor":46,"key":"Block Potion"},{"floor":47,"key":"BlessingOfTheForge"}],"is_trial":false,"path_per_floor":["M","M","M","?","$","R","E","$","T","M","M","E","?","M","R","B",null,"M","$","M","?","M","E","M","R","T","M","E","?","M","E","R","B",null,"M","?","?","$","T","R","?","E","T","$","R","M","M","$","R","B",null],"character_chosen":"THE_SILENT","items_purchased":["Shuriken","Accuracy","Membership Card","Infinite Blades","Blade Dance","Happy Flower","HandDrill","Bird Faced Urn"],"campfire_rested":4,"item_purchase_floors":[5,8,19,19,38,44,44,48],"current_hp_per_floor":[70,70,63,63,63,63,49,49,49,49,49,40,40,40,40,39,70,70,70,70,70,60,60,49,70,70,64,56,56,54,41,70,29,70,61,70,70,70,70,70,63,51,51,51,70,70,56,56,70,22],"gold":41,"neow_bonus":"TWO_FIFTY_GOLD","is_daily":false,"chose_seed":false,"campfire_upgraded":2,"win_rate":0.0,"timestamp":1612936389,"path_taken":["M","M","M","?","$","R","E","$","T","?","M","E","?","M","R","BOSS","M","?","M","?","M","E","M","R","T","M","E","?","M","E","R","BOSS","M","?","?","$","?","R","?","E","T","$","R","M","M","?","R","BOSS"],"items_purchased_type":["Relic","Card","Relic","Card","Card","Relic","Relic","Relic"],"build_version":"2020-12-22","purchased_purges":4,"victory":true,"max_hp_per_floor":[70,70,70,70,70,70,70,70,70,70,70,70,70,70,70,70,70,70,70,70,70,70,70,70,70,70,70,70,70,70,70,70,70,70,70,70,70,70,70,70,70,70,70,70,70,70,70,70,70,70],"card_choices":[{"not_picked":["Sucker Punch","Predator"],"picked":"Infinite Blades","floor":1.0},{"not_picked":["Prepared","Catalyst"],"picked":"Well Laid Plans","floor":2.0},{"not_picked":["Bane","PiercingWail"],"picked":"Blade Dance","floor":3.0},{"not_picked":["Well Laid Plans","PiercingWail"],"picked":"Deflect","floor":7.0},{"not_picked":["Quick Slash","Flying Knee"],"picked":"Finisher","floor":10.0},{"not_picked":["Caltrops","Outmaneuver"],"picked":"Acrobatics","floor":11.0},{"not_picked":["Infinite Blades","Dagger Throw"],"picked":"Backstab","floor":12.0},{"not_picked":["Dodge and Roll","Riddle With Holes"],"picked":"Tools of the Trade","floor":14.0},{"not_picked":["Doppelganger","Venomology"],"picked":"Burst","floor":16.0},{"not_picked":["Slice","Reflex"],"picked":"Cloak And Dagger+1","floor":18.0},{"not_picked":["Heel Hook","Tactician"],"picked":"Footwork+1","floor":20.0},{"not_picked":["Eviscerate","Masterful Stab"],"picked":"Acrobatics+1","floor":22.0},{"not_picked":["Storm of Steel","Deflect"],"picked":"Accuracy","floor":23.0},{"not_picked":["Prepared","Cloak And Dagger"],"picked":"Slice+1","floor":24.0},{"not_picked":["Acrobatics","Blur","Outmaneuver+1"],"picked":"SKIP","floor":27.0},{"not_picked":["Deflect","Outmaneuver+1"],"picked":"Leg Sweep","floor":28.0},{"not_picked":["Cloak And Dagger","Sucker Punch","Unload"],"picked":"SKIP","floor":30.0},{"not_picked":["Flying Knee+1","Predator","Deadly Poison"],"picked":"SKIP","floor":31.0},{"not_picked":["Bullet Time","Unload"],"picked":"Storm of Steel","floor":33},{"not_picked":["Bane","Dash+1"],"picked":"Escape Plan+1","floor":35},{"not_picked":["Dagger Throw","Quick Slash"],"picked":"Backflip","floor":41},{"not_picked":["Bane+1","Eviscerate","Finisher"],"picked":"SKIP","floor":42},{"not_picked":["Sucker Punch","Well Laid Plans"],"picked":"Backflip","floor":46},{"not_picked":["Tactician","Acrobatics"],"picked":"Infinite Blades","floor":47}],"player_experience":30330,"relics_obtained":[{"floor":7.0,"key":"Whetstone"},{"floor":9.0,"key":"Orichalcum"},{"floor":12.0,"key":"Bottled Lightning"},{"floor":23.0,"key":"Blood Vial"},{"floor":26.0,"key":"Ancient Tea Set"},{"floor":28.0,"key":"Du-Vu Doll"},{"floor":31.0,"key":"Regal Pillow"},{"floor":39,"key":"Letter Opener"},{"floor":41,"key":"Tingsha"},{"floor":42,"key":"Mercury Hourglass"},{"floor":43,"key":"Lantern"}],"event_choices":[{"cards_removed":["Normality"],"damage_healed":0.0,"max_hp_gain":0.0,"max_hp_loss":0.0,"gold_gain":0.0,"event_name":"Bonfire Elementals","player_choice":"Offered Curse","floor":4.0,"gold_loss":0.0,"damage_taken":0.0,"relics_obtained":["Spirit Poop"]},{"damage_healed":0.0,"max_hp_gain":0.0,"max_hp_loss":0.0,"gold_gain":0.0,"cards_transformed":["Strike_G"],"event_name":"Transmorgrifier","player_choice":"Transformed","floor":13.0,"gold_loss":0.0,"damage_taken":0.0,"cards_obtained":["Choke"]},{"damage_healed":0.0,"max_hp_gain":0.0,"max_hp_loss":0.0,"gold_gain":0.0,"event_name":"Ghosts","player_choice":"Ignored","floor":21.0,"gold_loss":0.0,"damage_taken":0.0},{"damage_healed":0.0,"max_hp_gain":0.0,"max_hp_loss":0.0,"gold_gain":0.0,"event_name":"The Library","player_choice":"Read","floor":29.0,"gold_loss":0.0,"damage_taken":0.0,"cards_obtained":["Blade Dance"]},{"damage_healed":18,"gold_gain":0,"player_choice":"Writhe","damage_taken":0,"max_hp_gain":0,"max_hp_loss":0,"event_name":"Winding Halls","floor":36,"gold_loss":0,"cards_obtained":["Writhe"]},{"cards_removed":["Tools of the Trade"],"damage_healed":0,"gold_gain":0,"player_choice":"Removed Power","damage_taken":0,"max_hp_gain":0,"max_hp_loss":0,"event_name":"Falling","floor":37,"gold_loss":0},{"damage_healed":0,"gold_gain":0,"player_choice":"Fight","damage_taken":0,"max_hp_gain":0,"max_hp_loss":0,"event_name":"Mysterious Sphere","floor":41,"gold_loss":0}],"is_beta":false,"boss_relics":[{"not_picked":["Sozu","SacredBark"],"picked":"Fusion Hammer"},{"not_picked":["Coffee Dripper","Snecko Eye"],"picked":"Cursed Key"}],"items_purged_floors":[5,19,38,44],"is_endless":false,"potions_floor_spawned":[1,2,12,16,24,27,28,33,35,46,47],"ascension_level":1}}