{"host":"djoj10dqzzvtkauc","time":1612947952,"event":{"mods":["2.2 Compatiblity","BaseMod","Colored Map","DeckTracker","Highlight Path","Keyboard Shortcuts","Marisa£¨Ùöéë¡¡Øª×âÞÞ£©","Minty Spire (QoL Compilation)","Permanent Neow","Quick Restart","Random Character Button","StSLib","SuperFastMode","everything is the same but u backflip on backflip"],"gold_per_floor":[118,17,33,51,69,94,94,114,194,204,217,217,237,269,269,369,369,387,59,76,76,89,89,107,107,107,107,127,139,168,0,0,0,0],"floor_reached":33,"language":"KOR","playtime":1118,"items_purged":["Normality","Strike_G"],"score":439,"play_id":"9a8ee146-5352-4797-b238-c1aac6c130aa","local_time":"20210210180552","is_ascension_mode":true,"campfire_choices":[{"data":"Terror","floor":7.0,"key":"SMITH"},{"data":"Crippling Poison","floor":12.0,"key":"SMITH"},{"floor":15.0,"key":"REST"},{"data":"Caltrops","floor":23.0,"key":"SMITH"},{"data":"Dodge and Roll","floor":25.0,"key":"SMITH"},{"data":"Die Die Die","floor":27.0,"key":"SMITH"},{"floor":32.0,"key":"REST"}],"circlet_count":0,"master_deck":["AscendersBane","Strike_G","Strike_G","Strike_G","Strike_G","Defend_G+1","Defend_G","Defend_G","Defend_G+1","Defend_G","Survivor","Neutralize","Dodge and Roll+1","Deadly Poison","Choke","Terror+1","Masterful Stab","Infinite Blades","Dodge and Roll","Crippling Poison+1","Escape Plan","PiercingWail","Die Die Die+1","CurseOfTheBell","Backflip+1","Caltrops+1","Dagger Spray","Concentrate+1","Backstab+1","Backflip","A Thousand Cuts"],"relics":["Ring of the Snake","Bird Faced Urn","Toy Ornithopter","Mummified Hand","Peace Pipe","Calling Bell","Bag of Preparation","Question Card","Thread and Needle","Oddly Smooth Stone","TungstenRod","War Paint"],"acts_visited":["Exordium","TheCity"],"potions_floor_usage":[],"damage_taken":[{"damage":1.0,"enemies":"Jaw Worm","floor":1.0,"turns":5.0},{"damage":4.0,"enemies":"Small Slimes","floor":3.0,"turns":4.0},{"damage":0.0,"enemies":"Cultist","floor":4.0,"turns":3.0},{"damage":2.0,"enemies":"Looter","floor":5.0,"turns":4.0},{"damage":5.0,"enemies":"Gremlin Nob","floor":6.0,"turns":3.0},{"damage":4.0,"enemies":"3 Louse","floor":8.0,"turns":3.0},{"damage":28.0,"enemies":"Lots of Slimes","floor":10.0,"turns":6.0},{"damage":14.0,"enemies":"Gremlin Gang","floor":11.0,"turns":3.0},{"damage":8.0,"enemies":"3 Louse","floor":13.0,"turns":3.0},{"damage":27.0,"enemies":"Lagavulin","floor":14.0,"turns":6.0},{"damage":16.0,"enemies":"Hexaghost","floor":16.0,"turns":9.0},{"damage":8.0,"enemies":"Shell Parasite","floor":18.0,"turns":6.0},{"damage":8.0,"enemies":"Chosen","floor":20.0,"turns":5.0},{"damage":17.0,"enemies":"Snake Plant","floor":22.0,"turns":6.0},{"damage":11.0,"enemies":"Shelled Parasite and Fungi","floor":24.0,"turns":6.0},{"damage":0.0,"enemies":"Chosen and Byrds","floor":28.0,"turns":4.0},{"damage":12.0,"enemies":"Sentry and Sphere","floor":29.0,"turns":8.0},{"damage":28.0,"enemies":"Gremlin Leader","floor":30.0,"turns":9.0},{"damage":0,"enemies":"Champ","floor":33,"turns":1}],"seed_played":"-6500266691725073349","potions_obtained":[{"floor":1.0,"key":"Poison Potion"},{"floor":6.0,"key":"ColorlessPotion"},{"floor":8.0,"key":"Regen Potion"},{"floor":10.0,"key":"LiquidMemories"},{"floor":16.0,"key":"Fruit Juice"},{"floor":18.0,"key":"Weak Potion"},{"floor":24.0,"key":"BlessingOfTheForge"},{"floor":30.0,"key":"EntropicBrew"}],"is_trial":false,"path_per_floor":["M","$","M","M","M","E","R","M","T","M","M","R","M","E","R","B",null,"M","$","M","?","M","R","M","R","T","R","M","M","E","?","R","B"],"character_chosen":"THE_SILENT","items_purchased":["Deadly Poison","Oddly Smooth Stone","Caltrops"],"campfire_rested":2,"item_purchase_floors":[2,19,19],"current_hp_per_floor":[62,62,58,58,56,51,51,54,54,46,37,37,29,4,25,21,62,56,56,57,57,42,42,35,35,35,35,42,34,10,10,32,32,32],"gold":0,"neow_bonus":"ONE_RARE_RELIC","is_daily":false,"chose_seed":false,"campfire_upgraded":5,"win_rate":0.0,"timestamp":1612947952,"path_taken":["M","$","M","M","M","E","R","M","T","M","M","R","M","E","R","BOSS","M","$","M","?","M","R","M","R","T","R","M","M","E","?","R","BOSS"],"items_purchased_type":["Card","Relic","Card"],"build_version":"2020-12-22","purchased_purges":2,"victory":false,"max_hp_per_floor":[70,70,70,70,70,70,70,70,70,70,70,70,70,70,70,75,75,75,75,75,75,75,75,75,75,75,75,75,75,75,75,75,75,75],"card_choices":[{"not_picked":["Dagger Throw","Catalyst"],"picked":"Dodge and Roll","floor":1.0},{"not_picked":["Backflip","Underhanded Strike"],"picked":"Choke","floor":3.0},{"not_picked":["Setup","Prepared"],"picked":"Terror","floor":4.0},{"not_picked":["Caltrops","Bane"],"picked":"Masterful Stab","floor":5.0},{"not_picked":["Endless Agony","Dodge and Roll"],"picked":"Infinite Blades","floor":6.0},{"not_picked":["Flying Knee","Prepared"],"picked":"Dodge and Roll","floor":8.0},{"not_picked":["Escape Plan","Skewer"],"picked":"Crippling Poison","floor":10.0},{"not_picked":["Quick Slash","Acrobatics"],"picked":"Escape Plan","floor":11.0},{"not_picked":["Slice","Finisher"],"picked":"PiercingWail","floor":13.0},{"not_picked":["Skewer","Distraction","Underhanded Strike"],"picked":"SKIP","floor":14.0},{"not_picked":["Tools of the Trade","Venomology"],"picked":"Die Die Die","floor":16.0},{"not_picked":["Prepared","Slice","Blade Dance"],"picked":"Backflip+1","floor":18.0},{"not_picked":["Dagger Throw","Doppelganger","Skewer"],"picked":"Dagger Spray","floor":20.0},{"not_picked":["Finisher","Acrobatics","Eviscerate"],"picked":"Concentrate+1","floor":22.0},{"not_picked":["Acrobatics","Underhanded Strike","Cloak And Dagger"],"picked":"Backstab+1","floor":24.0},{"not_picked":["All Out Attack","Dagger Spray","Acrobatics"],"picked":"Backflip","floor":28.0},{"not_picked":["Dagger Spray","Bane","Caltrops","Eviscerate"],"picked":"SKIP","floor":29.0},{"not_picked":["Grand Finale","Skewer","Concentrate+1"],"picked":"A Thousand Cuts","floor":30.0}],"player_experience":213397,"relics_obtained":[{"floor":6.0,"key":"Toy Ornithopter"},{"floor":9.0,"key":"Mummified Hand"},{"floor":14.0,"key":"Peace Pipe"},{"floor":17.0,"key":"Bag of Preparation"},{"floor":17.0,"key":"Question Card"},{"floor":17.0,"key":"Thread and Needle"},{"floor":26.0,"key":"TungstenRod"},{"floor":30.0,"key":"War Paint"}],"event_choices":[{"damage_healed":0.0,"max_hp_gain":0.0,"max_hp_loss":0.0,"gold_gain":0.0,"event_name":"Ghosts","player_choice":"Ignored","floor":21.0,"gold_loss":0.0,"damage_taken":0.0},{"damage_healed":0.0,"max_hp_gain":0.0,"max_hp_loss":0.0,"gold_gain":0.0,"event_name":"Masked Bandits","player_choice":"Paid Fearfully","floor":31.0,"gold_loss":168.0,"damage_taken":0.0}],"is_beta":false,"boss_relics":[{"not_picked":["Black Star","HoveringKite"],"picked":"Calling Bell"}],"items_purged_floors":[2,19],"is_endless":false,"potions_floor_spawned":[1,6,8,10,16,18,24,30],"killed_by":"Champ","ascension_level":11}}