{"host":"7w6ov1yk0fsofwk8","time":1612928562,"event":{"mods":["AchievementEnabler","BaseMod","Hermit","Minty Spire (QoL Compilation)","StSLib","The Cursed","The Hierophant","The Runesmith","The Senshi","The Servant 0.9.4"],"gold_per_floor":[115,131,149,162,182,182,67,67,143,173,206,206,220,253,253,253,253],"floor_reached":16,"language":"ENG","playtime":1576,"items_purged":["Strike_S"],"score":112,"play_id":"2460ed59-66c4-4915-a154-78c626e5fe01","local_time":"20210209224242","is_ascension_mode":false,"campfire_choices":[{"floor":6,"key":"REST"},{"data":"KidneyShot","floor":8,"key":"SMITH"},{"floor":15,"key":"REST"}],"circlet_count":0,"master_deck":["Strike_S","Strike_S","Strike_S","Defend_S","Defend_S","Defend_S","Defend_S","KidneyShot+1","Exchange","Rearm","FastForward","Read","FastForward","TimeWarp","BestPractice","Starlight","Rearm","RealityMarble","SilverBlades"],"relics":["Uniform","InkBottle","Odd Mushroom","Girya","Golden Idol","Juzu Bracelet"],"acts_visited":["Exordium"],"potions_floor_usage":[13,14,16],"damage_taken":[{"damage":5,"enemies":"2 Louse","floor":1,"turns":3},{"damage":10,"enemies":"Small Slimes","floor":2,"turns":4},{"damage":13,"enemies":"Jaw Worm","floor":3,"turns":6},{"damage":30,"enemies":"Exordium Wildlife","floor":4,"turns":6},{"damage":9,"enemies":"3 Louse","floor":5,"turns":7},{"damage":11,"enemies":"The Mushroom Lair","floor":10,"turns":7},{"damage":4,"enemies":"Lagavulin","floor":11,"turns":9},{"damage":8,"enemies":"Lots of Slimes","floor":13,"turns":4},{"damage":1,"enemies":"Gremlin Nob","floor":14,"turns":4},{"damage":26,"enemies":"The Guardian","floor":16,"turns":6}],"seed_played":"250255819072314226","potions_obtained":[{"floor":1,"key":"SneckoOil"},{"floor":2,"key":"DistilledChaos"},{"floor":14,"key":"Swift Potion"}],"is_trial":false,"path_per_floor":["M","M","M","M","M","R","$","R","T","?","E","?","M","E","R","B"],"character_chosen":"THE_SERVANT","items_purchased":["BestPractice"],"campfire_rested":2,"item_purchase_floors":[7],"current_hp_per_floor":[66,56,43,13,4,25,25,25,25,14,10,10,2,1,20,0,0],"gold":253,"neow_bonus":"TEN_PERCENT_HP_BONUS","is_daily":false,"chose_seed":false,"campfire_upgraded":1,"win_rate":0.0,"timestamp":1612928562,"path_taken":["M","M","M","M","M","R","$","R","T","?","E","?","?","E","R","BOSS"],"items_purchased_type":["Card"],"build_version":"2020-12-22","purchased_purges":1,"victory":false,"max_hp_per_floor":[71,71,71,71,71,71,71,71,71,71,71,66,66,66,66,66,66],"card_choices":[{"not_picked":["ReturningBlade","SpecialFormula"],"picked":"Rearm","floor":1},{"not_picked":["Comet","Rewind"],"picked":"FastForward","floor":2},{"not_picked":["Replace","DoubleEdge"],"picked":"Read","floor":3},{"not_picked":["ShatteredReality","Potential"],"picked":"FastForward","floor":4},{"not_picked":["DoubleEdge","DualDimension"],"picked":"TimeWarp","floor":5},{"not_picked":["Contraction","TimeWarp"],"picked":"Starlight","floor":10},{"not_picked":["KillingDoll","FastForward"],"picked":"Rearm","floor":11},{"not_picked":["ShatteredReality","Starlight"],"picked":"RealityMarble","floor":13},{"not_picked":["Defy","ShatteredReality"],"picked":"SilverBlades","floor":14}],"player_experience":2858,"relics_obtained":[{"floor":9,"key":"InkBottle"},{"floor":10,"key":"Odd Mushroom"},{"floor":11,"key":"Girya"},{"floor":14,"key":"Juzu Bracelet"}],"event_choices":[{"damage_healed":0,"gold_gain":0,"player_choice":"Fought Mushrooms","damage_taken":0,"max_hp_gain":0,"max_hp_loss":0,"event_name":"Mushrooms","floor":10,"gold_loss":0},{"damage_healed":0,"gold_gain":0,"player_choice":"Lose Max HP","damage_taken":0,"relics_obtained":["Golden Idol"],"max_hp_gain":0,"max_hp_loss":5,"event_name":"Golden Idol","floor":12,"gold_loss":0}],"is_beta":false,"boss_relics":[],"items_purged_floors":[7],"is_endless":false,"potions_floor_spawned":[1,2,14],"killed_by":"The Guardian","ascension_level":0}}