{"host":"xvcswx52z80fmg13","time":1612992451,"event":{"mods":["BaseMod","Colored Map","Colored Powertips","Highlight Path","Minty Spire (QoL Compilation)"],"gold_per_floor":[114,114,130,141,141,172,182,209,209,227,243,259,259,259,259,358,358,373,36,36,53,53,79,94,193,193,208,241,341,358,385,385,484,484,497,497,180,180,0,0,15,46,72,72,121,139,153,168,168,168,168,168,1,27,27],"floor_reached":56,"language":"ENG","playtime":3984,"items_purged":["Defend_R","Strike_R"],"score":1224,"play_id":"f1d0a867-ae89-487a-a287-affa0e21064e","local_time":"20210210172731","is_ascension_mode":false,"campfire_choices":[{"data":"Armaments","floor":13,"key":"SMITH"},{"data":"Defend_R","floor":15,"key":"PURGE"},{"data":"Shame","floor":32,"key":"PURGE"},{"data":"Armaments","floor":40,"key":"SMITH"},{"floor":44,"key":"RECALL"},{"data":"Defend_R","floor":49,"key":"PURGE"},{"data":"Defend_R","floor":52,"key":"PURGE"}],"circlet_count":0,"master_deck":["Strike_R","Bash+1","Clothesline","Iron Wave+1","Iron Wave","Thunderclap","Armaments+1","Warcry","Flame Barrier","Cleave","Shrug It Off","Reaper","Shockwave+1","Warcry","Twin Strike+1","Heavy Blade+1","Iron Wave+1","Limit Break","Anger+1","Armaments+1","Dark Shackles","Swift Strike+1","Blind","Pommel Strike+1","Heavy Blade+1","Madness","Madness","Ghostly Armor","Rage","Pommel Strike+1","Shrug It Off","Disarm"],"relics":["Burning Blood","Pen Nib","Self Forming Clay","Charon\u0027s Ashes","Peace Pipe","Busted Crown","Shuriken","Enchiridion","Mummified Hand","Blood Vial","Molten Egg 2","Lantern","InkBottle","Prayer Wheel","Regal Pillow","Empty Cage","Vajra","Red Mask","Bag of Preparation","Gambling Chip","Whetstone","Boot"],"acts_visited":["Exordium","TheCity","TheBeyond","TheEnding"],"potions_floor_usage":[6,6,8,23,28,33,55,55],"damage_taken":[{"damage":0,"enemies":"Small Slimes","floor":1,"turns":3},{"damage":6,"enemies":"Jaw Worm","floor":3,"turns":3},{"damage":0,"enemies":"2 Louse","floor":4,"turns":3},{"damage":13,"enemies":"3 Sentries","floor":6,"turns":5},{"damage":4,"enemies":"2 Fungi Beasts","floor":7,"turns":4},{"damage":13,"enemies":"Lagavulin","floor":8,"turns":4},{"damage":7,"enemies":"Blue Slaver","floor":10,"turns":3},{"damage":2,"enemies":"3 Louse","floor":11,"turns":3},{"damage":5,"enemies":"Looter","floor":12,"turns":3},{"damage":26,"enemies":"The Guardian","floor":16,"turns":16},{"damage":16,"enemies":"2 Thieves","floor":18,"turns":3},{"damage":5,"enemies":"3 Byrds","floor":21,"turns":4},{"damage":12,"enemies":"Book of Stabbing","floor":23,"turns":6},{"damage":20,"enemies":"Sentry and Sphere","floor":24,"turns":4},{"damage":10,"enemies":"Snake Plant","floor":27,"turns":3},{"damage":6,"enemies":"Gremlin Leader","floor":28,"turns":4},{"damage":4,"enemies":"Colosseum Slavers","floor":29,"turns":3},{"damage":15,"enemies":"Colosseum Nobs","floor":29,"turns":4},{"damage":4,"enemies":"Cultist and Chosen","floor":30,"turns":4},{"damage":14,"enemies":"Book of Stabbing","floor":31,"turns":5},{"damage":67,"enemies":"Automaton","floor":33,"turns":9},{"damage":5,"enemies":"Orb Walker","floor":35,"turns":2},{"damage":8,"enemies":"3 Darklings","floor":41,"turns":4},{"damage":10,"enemies":"Reptomancer","floor":42,"turns":5},{"damage":1,"enemies":"2 Orb Walkers","floor":45,"turns":4},{"damage":0,"enemies":"Jaw Worm Horde","floor":46,"turns":2},{"damage":0,"enemies":"Transient","floor":47,"turns":5},{"damage":1,"enemies":"Sphere and 2 Shapes","floor":48,"turns":2},{"damage":54,"enemies":"Awakened One","floor":50,"turns":8},{"damage":9,"enemies":"Shield and Spear","floor":54,"turns":5},{"damage":54,"enemies":"The Heart","floor":55,"turns":7}],"seed_played":"-7429191506369104806","potions_obtained":[{"floor":3,"key":"Explosive Potion"},{"floor":4,"key":"Explosive Potion"},{"floor":6,"key":"AttackPotion"},{"floor":16,"key":"Block Potion"},{"floor":18,"key":"DuplicationPotion"},{"floor":27,"key":"LiquidMemories"},{"floor":30,"key":"Explosive Potion"},{"floor":41,"key":"Explosive Potion"},{"floor":42,"key":"AttackPotion"},{"floor":47,"key":"Energy Potion"},{"floor":48,"key":"SteroidPotion"}],"is_trial":false,"path_per_floor":["M","?","M","M","?","E","M","E","T","M","M","M","R","?","R","B",null,"M","$","?","M","?","E","M","?","T","M","E","?","M","E","R","B",null,"M","?","$","?","?","R","M","E","T","R","?","M","M","M","R","B",null,"R","$","E","B",null],"character_chosen":"IRONCLAD","items_purchased":["Shuriken","Vajra","Pommel Strike+1","Heavy Blade+1","Whetstone","Shrug It Off"],"campfire_rested":0,"item_purchase_floors":[19,37,37,37,53,53],"current_hp_per_floor":[88,85,85,88,93,86,88,81,81,80,84,85,85,78,78,58,93,91,91,75,93,93,87,75,75,75,73,93,84,93,85,85,26,93,93,83,83,71,71,71,91,93,93,93,93,93,93,93,93,45,93,93,93,92,45],"gold":27,"neow_bonus":"TEN_PERCENT_HP_BONUS","is_daily":false,"chose_seed":false,"campfire_upgraded":2,"win_rate":0.0,"timestamp":1612992451,"path_taken":["M","?","M","M","?","E","M","E","T","M","M","M","R","?","R","BOSS","M","$","?","M","?","E","M","?","T","M","E","?","M","E","R","BOSS","M","?","$","?","?","R","M","E","T","R","?","M","?","M","R","BOSS","R","$","E","BOSS"],"items_purchased_type":["Relic","Relic","Card","Card","Relic","Card"],"build_version":"2020-12-22","purchased_purges":2,"victory":true,"max_hp_per_floor":[88,88,88,88,93,93,93,93,93,93,93,93,93,93,93,93,93,93,93,93,93,93,93,93,93,93,93,93,93,93,93,93,93,93,93,93,93,93,93,93,93,93,93,93,93,93,93,93,93,93,93,93,93,93,93],"card_choices":[{"not_picked":["Anger","Ghostly Armor"],"picked":"Clothesline","floor":1},{"not_picked":["Entrench","True Grit"],"picked":"Iron Wave","floor":3},{"not_picked":["Wild Strike","Hemokinesis"],"picked":"Iron Wave","floor":4},{"not_picked":["Wild Strike","Twin Strike"],"picked":"Thunderclap","floor":6},{"not_picked":["Clothesline","Brutality"],"picked":"Armaments","floor":7},{"not_picked":["Sentinel","Thunderclap"],"picked":"Warcry","floor":8},{"not_picked":["Body Slam","Warcry"],"picked":"Flame Barrier","floor":10},{"not_picked":["Blood for Blood","Perfected Strike"],"picked":"Cleave","floor":11},{"not_picked":["Whirlwind","Clothesline"],"picked":"Shrug It Off","floor":12},{"not_picked":["Bludgeon","Exhume"],"picked":"Reaper","floor":16},{"not_picked":["Combust"],"picked":"SKIP","floor":18},{"not_picked":[],"picked":"Shockwave+1","floor":21},{"not_picked":[],"picked":"Warcry","floor":23},{"not_picked":["Sever Soul"],"picked":"SKIP","floor":24},{"not_picked":[],"picked":"Twin Strike+1","floor":27},{"not_picked":["Body Slam+1"],"picked":"SKIP","floor":28},{"not_picked":[],"picked":"Heavy Blade+1","floor":29},{"not_picked":[],"picked":"Iron Wave+1","floor":30},{"not_picked":["Headbutt+1"],"picked":"SKIP","floor":30},{"not_picked":["Wild Strike+1"],"picked":"SKIP","floor":31},{"not_picked":[],"picked":"Limit Break","floor":33},{"not_picked":[],"picked":"Anger+1","floor":35},{"not_picked":[],"picked":"Armaments","floor":35},{"not_picked":[],"picked":"Dark Shackles","floor":36},{"not_picked":[],"picked":"Swift Strike+1","floor":36},{"not_picked":[],"picked":"Blind","floor":36},{"not_picked":["Infernal Blade+1"],"picked":"SKIP","floor":41},{"not_picked":["Sword Boomerang+1"],"picked":"SKIP","floor":41},{"not_picked":[],"picked":"Ghostly Armor","floor":42},{"not_picked":[],"picked":"Rage","floor":45},{"not_picked":["Cleave+1"],"picked":"SKIP","floor":46},{"not_picked":["Feel No Pain"],"picked":"SKIP","floor":46},{"not_picked":["Sword Boomerang+1"],"picked":"SKIP","floor":47},{"not_picked":["Thunderclap+1"],"picked":"SKIP","floor":47},{"not_picked":[],"picked":"Pommel Strike+1","floor":48},{"not_picked":["Second Wind"],"picked":"SKIP","floor":48},{"not_picked":[],"picked":"Disarm","floor":54}],"player_experience":1304977,"relics_obtained":[{"floor":6,"key":"Self Forming Clay"},{"floor":8,"key":"Charon\u0027s Ashes"},{"floor":9,"key":"Peace Pipe"},{"floor":20,"key":"Enchiridion"},{"floor":23,"key":"Blood Vial"},{"floor":26,"key":"Molten Egg 2"},{"floor":28,"key":"Lantern"},{"floor":29,"key":"InkBottle"},{"floor":29,"key":"Prayer Wheel"},{"floor":31,"key":"Regal Pillow"},{"floor":42,"key":"Bag of Preparation"},{"floor":45,"key":"Gambling Chip"},{"floor":54,"key":"Boot"}],"event_choices":[{"damage_healed":0,"gold_gain":0,"player_choice":"Success","damage_taken":3,"relics_obtained":["Pen Nib"],"max_hp_gain":0,"max_hp_loss":0,"event_name":"Scrap Ooze","floor":2,"gold_loss":0},{"damage_healed":0,"gold_gain":0,"player_choice":"Donut","damage_taken":0,"max_hp_gain":5,"max_hp_loss":0,"event_name":"Big Fish","floor":5,"gold_loss":0},{"cards_removed":["Strike_R"],"damage_healed":0,"gold_gain":0,"player_choice":"Card Removal","damage_taken":7,"max_hp_gain":0,"max_hp_loss":0,"event_name":"Golden Wing","floor":14,"gold_loss":0},{"damage_healed":0,"gold_gain":0,"player_choice":"Obtained Book","damage_taken":16,"max_hp_gain":0,"max_hp_loss":0,"event_name":"Cursed Tome","floor":20,"gold_loss":0},{"damage_healed":0,"gold_gain":0,"player_choice":"Stole Relic","damage_taken":0,"relics_obtained":["Mummified Hand"],"max_hp_gain":0,"max_hp_loss":0,"event_name":"Addict","floor":22,"gold_loss":0,"cards_obtained":["Shame"]},{"damage_healed":0,"gold_gain":99,"player_choice":"Stole From Cult","damage_taken":0,"max_hp_gain":0,"max_hp_loss":0,"event_name":"Nest","floor":25,"gold_loss":0},{"damage_healed":0,"gold_gain":0,"player_choice":"Fight","damage_taken":0,"max_hp_gain":0,"max_hp_loss":0,"event_name":"Colosseum","floor":29,"gold_loss":0},{"damage_healed":0,"gold_gain":0,"player_choice":"Fought Nobs","damage_taken":0,"max_hp_gain":0,"max_hp_loss":0,"event_name":"Colosseum","floor":29,"gold_loss":0},{"damage_healed":0,"gold_gain":0,"player_choice":"Memory 3","damage_taken":10,"max_hp_gain":0,"max_hp_loss":0,"event_name":"SensoryStone","floor":36,"gold_loss":0},{"damage_healed":0,"gold_gain":0,"player_choice":"Embrace Madness","damage_taken":12,"max_hp_gain":0,"max_hp_loss":0,"event_name":"Winding Halls","floor":38,"gold_loss":0,"cards_obtained":["Madness","Madness"]},{"damage_healed":0,"gold_gain":0,"player_choice":"Paid","damage_taken":0,"relics_obtained":["Red Mask"],"max_hp_gain":0,"max_hp_loss":0,"event_name":"Tomb of Lord Red Mask","floor":39,"gold_loss":180},{"damage_healed":0,"gold_gain":0,"player_choice":"Fight","damage_taken":0,"max_hp_gain":0,"max_hp_loss":0,"event_name":"Mysterious Sphere","floor":45,"gold_loss":0}],"is_beta":false,"boss_relics":[{"not_picked":["Mark of Pain","SacredBark"],"picked":"Busted Crown"},{"not_picked":["Runic Cube","Runic Dome"],"picked":"Empty Cage"}],"items_purged_floors":[19,37],"is_endless":false,"potions_floor_spawned":[3,4,6,16,18,27,29,30,41,42,47,48],"ascension_level":0}}