{"host":"dmtlrev5pkc1867p","time":1612929293,"event":{"mods":["A Magickal Journey","BaseMod","Colored Map","Colored Powertips","Downfall","Hermit","Highlight Path","Infinite Spire","Marisa¡]Ãú«B¡@Å]²z¨F¡^","Minty Spire (QoL Compilation)","Permanent Neow","Quick Restart","Rare Cards Sparkle","Relic Stats","Replay The Spire","StSLib","SuperFastMode","The Construct","The Cursed","The Disciple","The Hierophant","The Necromancer","The Runesmith","The Servant 0.9.4"],"gold_per_floor":[109,123,164,175,136,136,161,174,174,174,185,185,217,217,17,17,17],"floor_reached":16,"language":"ZHS","playtime":1243,"items_purged":["Pain"],"score":200,"play_id":"7c11d57e-d5f6-4d16-95ec-ea13d9139942","local_time":"20210210115453","is_ascension_mode":true,"campfire_choices":[{"floor":9,"key":"RECALL"},{"floor":15,"key":"REST"}],"circlet_count":0,"master_deck":["AscendersBane","Strike_W","Strike_W","Strike_W","Strike_W","Defend_W","Defend_W","Defend_W","Defend_W","Negative_Energy_Arrows","Bone_Wall","Death_March_Dance","Siphon_Strength","Stagnate","Accruing","Analog","Life_Drain","Hallucinations","TheCursedMod:SmokeScreen","TheCursedMod:CircleOfBlood","Clumsy","downfall:Haunted","infinitespire:Fortify","Strike_from_Beyond"],"relics":["Vampire_Amulet","Simple Rune","Golden Egg","Ring of Hypnosis","Replay:Mystery Machine","White Beast Statue","Bag of Marbles","downfall:HeartBlessingBlue","downfall:HeartBlessingRed"],"acts_visited":["Exordium"],"potions_floor_usage":[13],"damage_taken":[{"damage":2.0,"enemies":"2 Louse","floor":1.0,"turns":3.0},{"damage":13.0,"enemies":"Jaw Worm","floor":2.0,"turns":5.0},{"damage":7.0,"enemies":"Cultist","floor":4.0,"turns":5.0},{"damage":3.0,"enemies":"downfall:FleeingMerchant","floor":5.0,"turns":20.0},{"damage":12,"enemies":"Red Slaver","floor":8,"turns":5},{"damage":8,"enemies":"Blue Slaver","floor":11,"turns":7},{"damage":45,"enemies":"3 Sentries","floor":13,"turns":14},{"damage":0,"enemies":"SI_SHIV_ARCHETYPE","floor":16,"turns":1}],"seed_played":"6442951134587816665","potions_obtained":[{"floor":3.0,"key":"Regen Potion"},{"floor":4.0,"key":"SkillPotion"},{"floor":8,"key":"Block Potion"},{"floor":13,"key":"Block Potion"}],"is_trial":true,"path_per_floor":["M","M","?","M","$","?","T","M","R","?","M","?","E","T","R","B"],"character_chosen":"NECROMANCER","items_purchased":["Golden Egg"],"campfire_rested":1,"item_purchase_floors":[5],"current_hp_per_floor":[66,55,55,50,64,64,64,60,60,60,60,60,35,35,69,69,69],"gold":17,"neow_bonus":"","is_daily":false,"chose_seed":false,"campfire_upgraded":0,"win_rate":0.0,"timestamp":1612929293,"path_taken":["M","M","?","?","?","?","T","M","R","?","M","?","E","?","R","BOSS"],"items_purchased_type":["Relic"],"build_version":"2020-12-22","purchased_purges":1,"victory":false,"max_hp_per_floor":[71,71,71,71,71,71,71,71,71,71,71,71,71,71,81,81,81],"relic_stats":{"counters":[8,60],"obtain_stats":[{"Golden Egg":5,"Ring of Hypnosis":6,"downfall:HeartBlessingRed":15,"downfall:HeartBlessingBlue":15,"Simple Rune":3,"Vampire_Amulet":0,"Bag of Marbles":14,"Replay:Mystery Machine":10,"White Beast Statue":13},{"Golden Egg":4,"Ring of Hypnosis":4,"downfall:HeartBlessingRed":7,"downfall:HeartBlessingBlue":7,"Simple Rune":2,"Vampire_Amulet":0,"Bag of Marbles":7,"Replay:Mystery Machine":5,"White Beast Statue":7},{"Golden Egg":33,"Ring of Hypnosis":33,"downfall:HeartBlessingRed":59,"downfall:HeartBlessingBlue":59,"Simple Rune":8,"Vampire_Amulet":0,"Bag of Marbles":59,"Replay:Mystery Machine":38,"White Beast Statue":59}]},"card_choices":[{"not_picked":["TiringSlam","Negative_Energy_Sphere"],"picked":"Death_March_Dance","floor":1.0},{"not_picked":["ShortSighted","Bone_Bullets"],"picked":"Siphon_Strength","floor":2.0},{"not_picked":["Bone_Armor","Negative_Energy_Javelin"],"picked":"Stagnate","floor":3.0},{"not_picked":["LockedMedicine","Fragmentalize"],"picked":"Accruing","floor":3.0},{"not_picked":["TheCursedMod:BlessingInDisguise","Toxic_Smoke_Screen"],"picked":"Analog","floor":4.0},{"not_picked":["TheCursedMod:WearCloak","Break"],"picked":"Life_Drain","floor":5.0},{"not_picked":["LockedMedicine","HandsUpB"],"picked":"TheCursedMod:SmokeScreen","floor":8},{"not_picked":["Finger_Of_Death","TheCursedMod:FuryStrike"],"picked":"TheCursedMod:CircleOfBlood","floor":11},{"not_picked":["infinitespire:Menacing","infinitespire:TheBestDefense"],"picked":"infinitespire:Fortify","floor":12},{"not_picked":["Death_March_Dance","Negative_Energy_Shield"],"picked":"Strike_from_Beyond","floor":13}],"player_experience":676554,"relics_obtained":[{"floor":3.0,"key":"Simple Rune"},{"floor":6,"key":"Ring of Hypnosis"},{"floor":10,"key":"Replay:Mystery Machine"},{"floor":13,"key":"White Beast Statue"},{"floor":14,"key":"Bag of Marbles"}],"event_choices":[],"is_beta":false,"boss_relics":[],"items_purged_floors":[5],"is_endless":false,"potions_floor_spawned":[4,8,13],"killed_by":"SI_SHIV_ARCHETYPE","ascension_level":20}}