{"host":"yvlk1m4foro8gl4v","time":1612954184,"event":{"mods":["AchievementEnabler","Act Like it!","BaseMod","Minty Spire (QoL Compilation)","Relic Stats","StSLib","The Servant 0.9.4","Uncapped"],"gold_per_floor":[111,121,121,296,54,54,79,79,79,79,129,152,152,152,152,277,277,227,227,177,194,157,157,14,14,14],"floor_reached":25,"language":"ENG","playtime":1685,"items_purged":["Doubt"],"score":244,"play_id":"b4b3f9c4-1f2a-46ed-a522-13457c9afc57","local_time":"20210210104944","is_ascension_mode":true,"campfire_choices":[{"data":"PathToVictory","floor":6.0,"key":"SMITH"},{"floor":8.0,"key":"REST"},{"data":"Nirvana","floor":13.0,"key":"SMITH"},{"data":"ThirdEye","floor":15.0,"key":"SMITH"},{"floor":23.0,"key":"REST"}],"circlet_count":0,"master_deck":["Strike_P","Strike_P","Strike_P","Strike_P","Defend_P+1","Defend_P+1","Defend_P","Defend_P","Vigilance","PathToVictory+1","ThirdEye+1","Wish","Bandage Up","DeceiveReality","Meditate","Nirvana+1","DevaForm","CurseOfTheBell","EmptyFist","Perseverance"],"relics":["PureWater","War Paint","Question Card","Strawberry","FossilizedHelix","Bloody Idol","Calling Bell","Orichalcum","Gremlin Horn","Incense Burner","Bag of Preparation"],"acts_visited":["Exordium","TheCity"],"potions_floor_usage":[],"damage_taken":[{"damage":0.0,"enemies":"Small Slimes","floor":1.0,"turns":4.0},{"damage":0.0,"enemies":"Jaw Worm","floor":2.0,"turns":3.0},{"damage":53.0,"enemies":"3 Sentries","floor":7.0,"turns":19.0},{"damage":0.0,"enemies":"Cultist","floor":11.0,"turns":5.0},{"damage":3.0,"enemies":"Looter","floor":12.0,"turns":3.0},{"damage":24.0,"enemies":"Hexaghost","floor":16.0,"turns":13.0},{"damage":25.0,"enemies":"2 Thieves","floor":18.0,"turns":5.0},{"damage":20.0,"enemies":"Spheric Guardian","floor":21.0,"turns":10.0},{"damage":55,"enemies":"Book of Stabbing","floor":25,"turns":11}],"seed_played":"-8309219189815729059","potions_obtained":[{"floor":11.0,"key":"LiquidMemories"},{"floor":16.0,"key":"Fruit Juice"}],"is_trial":false,"path_per_floor":["M","M","?","?","$","R","E","R","T","?","M","M","R","?","R","B",null,"M","?","?","M","$","R","$","E"],"character_chosen":"WATCHER","items_purchased":["Wish","Bandage Up","Perseverance","Bag of Preparation"],"campfire_rested":2,"item_purchase_floors":[5,5,22,24],"current_hp_per_floor":[72,72,60,60,60,60,18,41,41,41,45,46,46,39,39,19,60,39,39,39,28,28,49,49,0,0],"gold":14,"neow_bonus":"RANDOM_COMMON_RELIC","is_daily":false,"chose_seed":false,"campfire_upgraded":3,"win_rate":0.0,"timestamp":1612954184,"path_taken":["M","M","?","?","$","R","E","R","T","?","M","M","R","?","R","BOSS","M","?","?","M","$","R","$","E"],"items_purchased_type":["Card","Card","Card","Relic"],"build_version":"2020-12-22","purchased_purges":1,"victory":false,"max_hp_per_floor":[72,72,72,72,72,72,79,79,79,73,73,73,73,73,73,73,73,73,73,73,73,73,73,73,73,73],"relic_stats":{"Gremlin Horn":[0,0],"counters":[9,73],"Bloody Idol":5,"Bag of Preparation":[2],"War Paint":["Defend_P","Defend_P"],"Orichalcum":[42],"Question Card":7,"obtain_stats":[{"Calling Bell":17,"Gremlin Horn":17,"Golden Idol":10,"Strawberry":7,"Bloody Idol":19,"Incense Burner":17,"Bag of Preparation":24,"PureWater":0,"War Paint":0,"Orichalcum":17,"Question Card":3,"FossilizedHelix":9},{"Calling Bell":6,"Gremlin Horn":6,"Golden Idol":3,"Strawberry":3,"Bloody Idol":7,"Incense Burner":6,"Bag of Preparation":8,"PureWater":0,"War Paint":0,"Orichalcum":6,"Question Card":2,"FossilizedHelix":3},{"Calling Bell":47,"Gremlin Horn":47,"Golden Idol":26,"Strawberry":26,"Bloody Idol":52,"Incense Burner":47,"Bag of Preparation":62,"PureWater":0,"War Paint":0,"Orichalcum":47,"Question Card":7,"FossilizedHelix":26}]},"card_choices":[{"not_picked":["Consecrate","Prostrate"],"picked":"PathToVictory","floor":1.0},{"not_picked":["JustLucky","Prostrate"],"picked":"ThirdEye","floor":2.0},{"not_picked":["SashWhip","ClearTheMind","Prostrate"],"picked":"DeceiveReality","floor":7.0},{"not_picked":["MentalFortress","TalkToTheHand","Swivel"],"picked":"Meditate","floor":11.0},{"not_picked":["FollowUp","Crescendo","TalkToTheHand"],"picked":"Nirvana","floor":12.0},{"not_picked":["Omniscience","Ragnarok","SpiritShield"],"picked":"DevaForm","floor":16.0},{"not_picked":["JustLucky+1","SashWhip","Protect","Prostrate"],"picked":"SKIP","floor":18.0},{"not_picked":["Halt","Swivel","Crescendo"],"picked":"EmptyFist","floor":21.0}],"player_experience":781824,"relics_obtained":[{"floor":7.0,"key":"Strawberry"},{"floor":9.0,"key":"FossilizedHelix"},{"floor":17.0,"key":"Orichalcum"},{"floor":17.0,"key":"Gremlin Horn"},{"floor":17.0,"key":"Incense Burner"}],"event_choices":[{"damage_healed":0.0,"max_hp_gain":0.0,"max_hp_loss":0.0,"gold_gain":0.0,"event_name":"Scrap Ooze","player_choice":"Success","floor":3.0,"gold_loss":0.0,"damage_taken":12.0,"relics_obtained":["Question Card"]},{"damage_healed":0.0,"max_hp_gain":0.0,"max_hp_loss":0.0,"gold_gain":175.0,"event_name":"Liars Game","player_choice":"AGREE","floor":4.0,"gold_loss":0.0,"damage_taken":0.0,"cards_obtained":["Doubt"]},{"damage_healed":0.0,"max_hp_gain":0.0,"max_hp_loss":6.0,"gold_gain":0.0,"event_name":"Golden Idol","player_choice":"Lose Max HP","floor":10.0,"gold_loss":0.0,"damage_taken":0.0,"relics_obtained":["Golden Idol"]},{"cards_removed":["Eruption"],"damage_healed":0.0,"max_hp_gain":0.0,"max_hp_loss":0.0,"gold_gain":0.0,"event_name":"Golden Wing","player_choice":"Card Removal","floor":14.0,"gold_loss":0.0,"damage_taken":7.0},{"damage_healed":0.0,"max_hp_gain":0.0,"max_hp_loss":0.0,"gold_gain":0.0,"event_name":"Forgotten Altar","player_choice":"Gave Idol","floor":19.0,"relics_lost":["Golden Idol"],"gold_loss":0.0,"damage_taken":0.0,"relics_obtained":["Bloody Idol"]},{"damage_healed":0.0,"max_hp_gain":0.0,"max_hp_loss":0.0,"gold_gain":0.0,"event_name":"The Joust","player_choice":"Bet on Murderer","floor":20.0,"gold_loss":50.0,"damage_taken":0.0}],"is_beta":false,"boss_relics":[{"not_picked":["Tiny House","Velvet Choker"],"picked":"Calling Bell"}],"items_purged_floors":[5],"is_endless":false,"potions_floor_spawned":[11,16],"killed_by":"Book of Stabbing","ascension_level":5}}