{"host":"627up2rvtmm0cf0r","time":1612936242,"event":{"mods":["ATMod(°¢èªMod)","Act Like it!","BaseMod","Better Vampires","Bossed Relics","CapriCore","Card Filter","Card Forge","Colored Powertips","DeckTracker","Dota2Spire","Downfall","Energized Spire","Friendly Minions","Highlight Path","Infinite Spire","Jedi Mod","Minty Spire (QoL Compilation)","MostiFishMod","Permanent Neow","Practice Mode","Quick Restart","Relic Stats","Reliquary","Shop Mod","Spicy Shops","StSLib","SuperFastMode","TestMod","Warlord Emblem","¡¾ÒÅÎï¿¨ÅÆ¡¿REMEMod","óô»ðÖ¸ÄÏ"],"gold_per_floor":[99,109,19,19,29,29,29,29,29,29,29,29,29],"floor_reached":11,"language":"ZHS","playtime":350,"items_purged":["bronze:Strike"],"score":68,"play_id":"312a2e10-917d-4dcf-8f0f-054c6fea14f4","local_time":"20210210135042","is_ascension_mode":true,"campfire_choices":[{"data":"bronze:Verify","floor":1.0,"key":"SMITH"},{"floor":6,"key":"RECALL"}],"circlet_count":0,"master_deck":["bronze:Strike","bronze:Strike","bronze:Defend","bronze:Defend","bronze:Defend","bronze:Verify+1","bronze:Defend","bronze:FunctionCard"],"relics":["bronze:BronzeCore","Hammer of Thor","Seething Fire","Anvil of the Gods","DaveBox","testmod-TestBox","REME_ComplimentaryCards","AT_ATBox","testmod-HeartOfDaVinci","SynthV","jedi:sprinkler"],"acts_visited":["Exordium"],"potions_floor_usage":[11],"damage_taken":[{"damage":15.0,"enemies":"2 Louse","floor":2.0,"turns":3.0},{"damage":10.0,"enemies":"downfall:FleeingMerchant","floor":3.0,"turns":4.0},{"damage":12,"enemies":"Jaw Worm","floor":5,"turns":3},{"damage":34,"enemies":"Gremlin Nob","floor":11,"turns":4}],"seed_played":"1451718281523737411","potions_obtained":[],"is_trial":false,"path_per_floor":["R","M","$","?","M","R","T","?","R","?","E"],"character_chosen":"THE_AUTOMATON","items_purchased":[],"campfire_rested":0,"item_purchase_floors":[],"current_hp_per_floor":[70,55,45,45,33,33,33,33,33,33,0,0,0],"gold":29,"neow_bonus":"ONE_RANDOM_RARE_CARD","is_daily":false,"chose_seed":false,"campfire_upgraded":1,"win_rate":0.0,"timestamp":1612936242,"path_taken":["R","M","$","?","M","R","T","?","R","?","E"],"items_purchased_type":[],"build_version":"2020-12-22","purchased_purges":1,"victory":false,"max_hp_per_floor":[70,70,70,70,70,70,70,70,70,70,70,70,70],"relic_stats":{"counters":[4,14],"obtain_stats":[{"bronze:BronzeCore":0,"testmod-TestBox":0,"AT_ATBox":0,"DaveBox":0,"Anvil of the Gods":0,"SynthV":0,"Hammer of Thor":0,"Seething Fire":0,"REME_ComplimentaryCards":0,"testmod-HeartOfDaVinci":0,"jedi:sprinkler":7},{"bronze:BronzeCore":0,"testmod-TestBox":0,"AT_ATBox":0,"DaveBox":0,"Anvil of the Gods":0,"SynthV":0,"Hammer of Thor":0,"Seething Fire":0,"REME_ComplimentaryCards":0,"testmod-HeartOfDaVinci":0,"jedi:sprinkler":3},{"bronze:BronzeCore":0,"testmod-TestBox":0,"AT_ATBox":0,"DaveBox":0,"Anvil of the Gods":0,"SynthV":0,"Hammer of Thor":0,"Seething Fire":0,"REME_ComplimentaryCards":0,"testmod-HeartOfDaVinci":0,"jedi:sprinkler":10}]},"card_choices":[{"not_picked":["bronze:WildBeam","bronze:Shield","bronze:CutThrough"],"picked":"SKIP","floor":2.0},{"not_picked":["bronze:DelayedSlice","bronze:Branch","bronze:Overload"],"picked":"SKIP","floor":3.0},{"not_picked":["bronze:ChildClass","bronze:BugBarrage","bronze:ItsAFeature"],"picked":"SKIP","floor":5}],"player_experience":154316,"relics_obtained":[{"floor":7,"key":"jedi:sprinkler"}],"event_choices":[{"cards_removed":["bronze:Strike"],"damage_healed":0,"gold_gain":0,"player_choice":"Card Removal","damage_taken":0,"max_hp_gain":0,"max_hp_loss":0,"event_name":"The Cleric","floor":8,"gold_loss":0}],"is_beta":false,"boss_relics":[],"items_purged_floors":[3],"is_endless":false,"potions_floor_spawned":[],"killed_by":"Gremlin Nob","ascension_level":3}}