{"host":"it04jaz8eul1eh3d","time":1612946121,"event":{"mods":["AchievementEnabler","BaseMod","Colored Map","DeckTracker","Keyboard Shortcuts","Minty Spire (QoL Compilation)","SuperFastMode"],"gold_per_floor":[209,209,209,228,72,102,102,64,64,64,79,79,90,101,101,202,202,218,230,18,18,33,33,33],"floor_reached":23,"language":"KOR","playtime":516,"items_purged":["Defend_R","Strike_R"],"score":191,"play_id":"263644e7-e5c4-4b56-8155-ac10e73ee591","local_time":"20210210173521","is_ascension_mode":false,"campfire_choices":[{"data":"Whirlwind","floor":7,"key":"SMITH"},{"data":"Inflame","floor":10,"key":"SMITH"},{"data":"Heavy Blade","floor":12,"key":"SMITH"},{"data":"Shockwave","floor":15,"key":"SMITH"}],"circlet_count":0,"master_deck":["Strike_R","Strike_R","Defend_R","Defend_R","Defend_R","Bash","Heavy Blade+1","Inflame+1","Whirlwind+1","Flash of Steel","Spot Weakness","Shockwave+1","Limit Break","Combust+1","Heavy Blade","Rupture","Whirlwind","Dual Wield+1"],"relics":["Burning Blood","Bottled Flame","Shuriken","Runic Pyramid"],"acts_visited":["Exordium","TheCity"],"potions_floor_usage":[23,23],"damage_taken":[{"damage":7,"enemies":"2 Louse","floor":1,"turns":3},{"damage":6,"enemies":"Cultist","floor":4,"turns":4},{"damage":34,"enemies":"Lagavulin","floor":6,"turns":6},{"damage":3,"enemies":"Jaw Worm","floor":11,"turns":3},{"damage":0,"enemies":"Gremlin Gang","floor":13,"turns":2},{"damage":9,"enemies":"Blue Slaver","floor":14,"turns":3},{"damage":22,"enemies":"Hexaghost","floor":16,"turns":6},{"damage":20,"enemies":"Spheric Guardian","floor":18,"turns":4},{"damage":34,"enemies":"2 Thieves","floor":19,"turns":5},{"damage":12,"enemies":"Snecko","floor":22,"turns":4},{"damage":42,"enemies":"Book of Stabbing","floor":23,"turns":4}],"seed_played":"-1982998050094857699","potions_obtained":[{"floor":4,"key":"Ancient Potion"},{"floor":6,"key":"AttackPotion"},{"floor":11,"key":"ColorlessPotion"}],"is_trial":false,"path_per_floor":["M","?","?","M","$","E","R","$","T","R","M","R","M","M","R","B",null,"M","M","$","?","M","E"],"character_chosen":"IRONCLAD","items_purchased":["Flash of Steel","Spot Weakness","Rupture","Whirlwind"],"campfire_rested":0,"item_purchase_floors":[5,8,20,20],"current_hp_per_floor":[79,72,72,72,72,44,44,44,44,44,47,47,53,50,50,34,80,66,38,38,38,32,0,0],"gold":33,"neow_bonus":"HUNDRED_GOLD","is_daily":false,"chose_seed":false,"campfire_upgraded":4,"win_rate":0.0,"timestamp":1612946121,"path_taken":["M","?","?","M","$","E","R","$","T","R","M","R","M","?","R","BOSS","M","M","$","?","M","E"],"items_purchased_type":["Card","Card","Card","Card"],"build_version":"2020-12-22","purchased_purges":2,"victory":false,"max_hp_per_floor":[80,80,80,80,80,80,80,80,80,80,80,80,80,80,80,80,80,80,80,80,80,80,80,80],"card_choices":[{"not_picked":["Sword Boomerang","Havoc"],"picked":"Heavy Blade","floor":1},{"not_picked":["True Grit","Hemokinesis"],"picked":"Whirlwind","floor":4},{"not_picked":["True Grit","Wild Strike","Sword Boomerang"],"picked":"SKIP","floor":6},{"not_picked":["Entrench","Iron Wave"],"picked":"Shockwave","floor":11},{"not_picked":["Power Through","Blood for Blood","Carnage"],"picked":"SKIP","floor":13},{"not_picked":["Dark Embrace","Warcry","Headbutt"],"picked":"SKIP","floor":14},{"not_picked":["Fiend Fire","Berserk"],"picked":"Limit Break","floor":16},{"not_picked":["Sword Boomerang+1","Clothesline"],"picked":"Combust+1","floor":18},{"not_picked":["Bloodletting+1","Sword Boomerang"],"picked":"Heavy Blade","floor":19},{"not_picked":["Clash","Body Slam+1"],"picked":"Dual Wield+1","floor":22}],"player_experience":156228,"relics_obtained":[{"floor":6,"key":"Bottled Flame"},{"floor":9,"key":"Shuriken"}],"event_choices":[{"cards_removed":["Strike_R"],"damage_healed":0,"gold_gain":0,"player_choice":"Card Removal","damage_taken":7,"max_hp_gain":0,"max_hp_loss":0,"event_name":"Golden Wing","floor":2,"gold_loss":0},{"damage_healed":0,"gold_gain":0,"cards_transformed":["Strike_R"],"player_choice":"Transformed","damage_taken":0,"max_hp_gain":0,"max_hp_loss":0,"event_name":"Transmorgrifier","floor":3,"gold_loss":0,"cards_obtained":["Inflame"]},{"damage_healed":0,"gold_gain":0,"player_choice":"Ignored","damage_taken":0,"max_hp_gain":0,"max_hp_loss":0,"event_name":"Ghosts","floor":21,"gold_loss":0}],"is_beta":false,"boss_relics":[{"not_picked":["Snecko Eye","Runic Cube"],"picked":"Runic Pyramid"}],"items_purged_floors":[5,20],"is_endless":false,"potions_floor_spawned":[4,6,11,19,22],"killed_by":"Book of Stabbing","ascension_level":0}}