{"host":"djfsqftupta9xgss","time":1612948564,"event":{"mods":["ATMod(°¢èªMod)","Act Like it!","BaseMod","Gensokyo","Minty Spire (QoL Compilation)","MostiFishMod","Replay The Spire","Spicy Shops","StSLib","TestMod"],"gold_per_floor":[117,117,117,128,37,37,63,381,381,306,526,554,573,573,573,645,645,655,535,535,574,228,261,261,161,187,199,215,248,263,280,280,357,357,370,370,113,127,339,339,86,86,113,113,142,142,185,206,206,275,492,492,492,368,401,411],"floor_reached":57,"language":"ZHS","playtime":1837,"items_purged":["Strike_R","Defend_R","Shame","Defend_R"],"score":3346,"play_id":"43a8d839-828d-4324-906e-7498ebd8cf9c","local_time":"20210210171604","is_ascension_mode":true,"campfire_choices":[{"floor":6,"key":"RECALL"},{"data":"Barricade","floor":15,"key":"SMITH"},{"data":"Gensokyo:FourOfAKind","floor":24,"key":"SMITH"},{"data":"MostiFishMod:FlyOverUtopia","floor":32,"key":"SMITH"},{"data":"Gensokyo:FourOfAKind","floor":40,"key":"SMITH"},{"data":"Gensokyo:FourOfAKind","floor":42,"key":"SMITH"},{"data":"Gensokyo:FourOfAKind","floor":49,"key":"SMITH"},{"data":"Offering","floor":53,"key":"SMITH"}],"circlet_count":0,"master_deck":["AscendersBane","Strike_R","Strike_R","Strike_R","Strike_R","Defend_R","Defend_R","Bash","AT_KingSlayer","Feel No Pain+1","Power Through","Barricade+1","Shrug It Off","Reaper","Dark Embrace","MostiFishMod:RainCloud","Evolve","Gensokyo:FourOfAKind+1","Gensokyo:FourOfAKind+1","Gensokyo:FourOfAKind+1","Gensokyo:FourOfAKind+1","AT_BodySlamDance","Offering+1","AT_ShrugMaster","AT_DiedThrough","Impervious","MostiFishMod:FlyOverUtopia+1","Feel No Pain","Entrench"],"relics":["AT_ATBox","DaveBox","testmod-TestBox","testmod-ObsoleteBoomerang","SentryEyes","GreenFoldingFan","SynthV:TestCard","Self Forming Clay","Torii","AT_RedTearstoneRing","AT_SunfireAegis","Gensokyo:Mercy","PatriotShield","Gensokyo:MaskOfHope","Ying","Anchor","MealTicket","Happy Flower","SlaversCollar","Medical Kit","Mango","Smiling Mask","Bottled Tornado","ThornShield","testmod-LifeArmor","testmod-TheFather","Oddly Smooth Stone","CaptainsWheel","Pet Ghost"],"acts_visited":["Exordium","Gensokyo:Gensokyo","Gensokyo:Gensokyoer","TheEnding"],"potions_floor_usage":[56],"damage_taken":[{"damage":4,"enemies":"Gensokyo:Gryphon","floor":1,"turns":2},{"damage":4,"enemies":"Gensokyo:Python","floor":4,"turns":2},{"damage":24,"enemies":"Gensokyo:Aya","floor":7,"turns":3},{"damage":4,"enemies":"Gensokyo:3_Fairies","floor":8,"turns":2},{"damage":4,"enemies":"Gensokyo:LivingMonolith","floor":11,"turns":2},{"damage":8,"enemies":"Gensokyo:Mamizou","floor":12,"turns":4},{"damage":4,"enemies":"Gensokyo:VengefulSpirit","floor":13,"turns":2},{"damage":10,"enemies":"Gensokyo:Reimu","floor":16,"turns":5},{"damage":2,"enemies":"Gensokyo:CosmicMonolith","floor":18,"turns":1},{"damage":17,"enemies":"Gensokyo:Tenshi","floor":23,"turns":2},{"damage":2,"enemies":"Gensokyo:Chomper","floor":27,"turns":1},{"damage":4,"enemies":"Gensokyo:Monolith_and_Dog","floor":28,"turns":1},{"damage":2,"enemies":"Gensokyo:Reisen","floor":29,"turns":3},{"damage":8,"enemies":"Gensokyo:Wraith","floor":30,"turns":4},{"damage":2,"enemies":"Gensokyo:Swordslinger","floor":31,"turns":2},{"damage":2,"enemies":"Gensokyo:Eternal_Rivals","floor":33,"turns":3},{"damage":2,"enemies":"Gensokyo:3_Bats","floor":35,"turns":1},{"damage":2,"enemies":"Gensokyo:AncientGuardian","floor":38,"turns":1},{"damage":11,"enemies":"Gensokyo:Sharpion","floor":39,"turns":4},{"damage":8,"enemies":"Gensokyo:Kasen","floor":45,"turns":4},{"damage":4,"enemies":"Gensokyo:Doremy","floor":47,"turns":2},{"damage":12,"enemies":"Gensokyo:AtlasGolem","floor":48,"turns":3},{"damage":2,"enemies":"Gensokyo:Yuyuko","floor":50,"turns":3},{"damage":6,"enemies":"Gensokyo:Scarlet_Devils","floor":51,"turns":3},{"damage":2,"enemies":"Shield and Spear","floor":55,"turns":1},{"damage":12,"enemies":"The Heart","floor":56,"turns":4}],"seed_played":"7967428939646609829","potions_obtained":[{"floor":7,"key":"ElixirPotion"},{"floor":11,"key":"Energy Potion"},{"floor":16,"key":"SneckoOil"},{"floor":21,"key":"GamblersBrew"}],"is_trial":false,"path_per_floor":["M","?","?","M","COS","R","E","M","T","$","M","E","M","?","R","B",null,"M","?","?","?","COS","E","R","$","T","M","M","E","M","M","R","B",null,"M","?","COS","M","M","R","$","R","T","T","E","?","E","M","R","B","B",null,"R","$","E","B",null],"character_chosen":"IRONCLAD","items_purchased":["Mango","Entrench"],"campfire_rested":0,"item_purchase_floors":[41,54],"current_hp_per_floor":[74,59,59,65,65,65,51,57,57,57,63,65,75,75,75,75,75,75,75,49,33,33,26,26,26,26,34,49,49,49,49,49,49,49,49,49,49,49,48,48,63,63,63,63,63,63,63,61,61,61,63,63,63,63,63,61],"gold":411,"neow_bonus":"BOSS_RELIC","is_daily":false,"chose_seed":false,"campfire_upgraded":7,"win_rate":0.0,"timestamp":1612948564,"path_taken":["M","?","?","M","COS","R","E","?","T","?","M","E","?","?","R","BOSS","M","?","?","?","COS","E","R","$","T","M","?","E","M","M","R","BOSS","M","?","COS","M","M","R","$","R","T","?","E","?","E","?","R","BOSS","BOSS","R","$","E","BOSS"],"items_purchased_type":["Relic","Card"],"build_version":"2020-12-22","purchased_purges":4,"victory":true,"max_hp_per_floor":[75,75,75,75,75,75,75,75,75,75,75,75,75,75,75,75,75,75,75,49,49,49,49,49,49,49,49,49,49,49,49,49,49,49,49,49,49,49,49,49,63,63,63,63,63,63,63,63,63,63,63,63,63,63,63,63],"card_choices":[{"not_picked":["Cleave","Headbutt"],"picked":"Pommel Strike","floor":1},{"not_picked":["MostiFishMod:PerfectStrikeMKII","Pommel Strike","Body Slam","Spot Weakness"],"picked":"Power Through","floor":4},{"not_picked":["Ghostly Armor","Blood for Blood","Bloodletting","Heavy Blade"],"picked":"Barricade","floor":7},{"not_picked":["Anger","Disarm","Pommel Strike","Seeing Red"],"picked":"Shrug It Off","floor":8},{"not_picked":["AT_GerminateFire","Flex","Disarm","Thunderclap","Power Through"],"picked":"SKIP","floor":11},{"not_picked":["AT_DrawKnifeCut","Thunderclap","Havoc","AT_IchimonjiDouble"],"picked":"Reaper","floor":12},{"not_picked":["Shrug It Off","Armaments","Warcry","Perfected Strike"],"picked":"Dark Embrace","floor":13},{"not_picked":["AT_Dispersion","MostiFishMod:CullingBlade","MostiFishMod:PerfectStrikeMKII","Juggernaut"],"picked":"MostiFishMod:RainCloud","floor":16},{"not_picked":["Flex","Feel No Pain","Pommel Strike+1","Havoc"],"picked":"Evolve","floor":18},{"not_picked":["Thunderclap","Intimidate","AT_GerminateFire","Sentinel"],"picked":"AT_BodySlamDance","floor":21},{"not_picked":["Warcry","AT_CaressingTears","Shockwave","Thunderclap"],"picked":"Offering","floor":23},{"not_picked":["Pommel Strike","Flame Barrier+1","Clothesline","Heavy Blade"],"picked":"AT_ShrugMaster","floor":27},{"not_picked":["Blood for Blood","Anger","Sword Boomerang","Combust"],"picked":"AT_DiedThrough","floor":28},{"not_picked":["Offering","Berserk","MostiFishMod:Chiaki","Feed"],"picked":"Impervious","floor":29},{"not_picked":["Flex+1","Body Slam","Iron Wave","True Grit"],"picked":"MostiFishMod:FlyOverUtopia","floor":29},{"not_picked":["Sword Boomerang","Carnage","Clothesline","True Grit","Flex"],"picked":"SKIP","floor":30},{"not_picked":["Headbutt","Havoc","True Grit","Reckless Charge","Infernal Blade"],"picked":"SKIP","floor":31},{"not_picked":["Iron Wave","AT_DiedThrough","Pommel Strike","Heavy Blade","Thunderclap"],"picked":"SKIP","floor":35},{"not_picked":["Rage","Ghostly Armor","Reaper","Combust+1","Warcry"],"picked":"SKIP","floor":38},{"not_picked":["Dark Embrace","Clothesline","Headbutt+1","Carnage"],"picked":"Feel No Pain","floor":39},{"not_picked":["Twin Strike","Thunderclap","AT_BodySlamDance","True Grit","Dark Embrace"],"picked":"SKIP","floor":45},{"not_picked":["Clash+1","Clothesline","MostiFishMod:RacingGame","Dark Embrace","Seeing Red"],"picked":"SKIP","floor":47},{"not_picked":["Flame Barrier","Body Slam","Fire Breathing+1","AT_IchimonjiDouble","Flex"],"picked":"SKIP","floor":48},{"not_picked":["AT_DiedThrough","Entrench","Pommel Strike","MostiFishMod:#F4004","AT_BodySlamDance"],"picked":"SKIP","floor":55}],"player_experience":385472,"relics_obtained":[{"floor":1,"key":"SynthV:TestCard"},{"floor":7,"key":"Self Forming Clay"},{"floor":9,"key":"Torii"},{"floor":12,"key":"AT_SunfireAegis"},{"floor":23,"key":"Anchor"},{"floor":29,"key":"MealTicket"},{"floor":43,"key":"Smiling Mask"},{"floor":44,"key":"Bottled Tornado"},{"floor":45,"key":"testmod-TheFather"},{"floor":47,"key":"Oddly Smooth Stone"},{"floor":55,"key":"Pet Ghost"}],"event_choices":[],"is_beta":false,"boss_relics":[{"not_picked":["JellyFishMachine","RhineSuit"],"picked":"PatriotShield"},{"not_picked":["Coffee Dripper","Sozu"],"picked":"SlaversCollar"}],"items_purged_floors":[10,25,41,54],"is_endless":false,"potions_floor_spawned":[7,11,16,23,30,33,38,45],"ascension_level":20}}