{"host":"mq7pyadb5kndcn8l","time":1612975762,"event":{"mods":["AchievementEnabler","Act Like it!","Arknights","Aspiration","BaseMod","Better Altar","Better Match","Better Note","Better Sensory Stone","Better Skull","Better Third Choice","BetterRewards","Block Reminder","CCEM2","Challenge The Spire","ChefMod","Colored Map","Colored Powertips","Conspire","Displayed Cursed Tome","Dota2Spire","Energized Spire","GifTheSpireLib","Highlight Path","Hubris","Infinite Spire","Mad Scientist","Marked Mod","Mimic Mod","Minty Spire (QoL Compilation)","Permanent Neow","QueenMod","Quick Restart","Random Character Button","Rare Cards Sparkle","Relic Filter","Relic Sorter","Reliquary","Replay The Spire","Reworked Bosses","Shade Mod","Shop Mod","Spicy Shops","Spikes Relics","Spire Arcade","StSLib","Stuff the Spire","SuperFastMode","The Blue Laboratory","Thieving Mod","Trackpad","Transform Curses","Wandering Minibosses"],"gold_per_floor":[116,31,47,63,63,91,91,118,169,187,212,236,248,260,272,389,401,450,462,488,598,264,264,264,354,555,555,27,93,93,124,124,225,225,235,260,94,108,143,171,171,228,228,228,432,17,35,46,46,46,46,46,107,135,135],"floor_reached":56,"language":"ENG","playtime":2263,"items_purged":["Strike_G","Defend_G","Injury","Defend_G","Defend_G","Survivor"],"score":2248,"play_id":"6c5d48f0-483a-41b1-bb80-ae213806fd23","local_time":"20210210114922","is_ascension_mode":true,"campfire_choices":[{"data":"Cloak And Dagger","floor":7.0,"key":"SMITH"},{"data":"Expertise","floor":13.0,"key":"SMITH"},{"data":"StuffTheSpire:PlasmaPunch","floor":15.0,"key":"SMITH"},{"data":"Strike_G","floor":23.0,"key":"SMITH"},{"data":"Strike_G","floor":27.0,"key":"SMITH"},{"floor":41,"key":"RECALL"},{"data":"ReplayTheSpireMod:Scrap Shanks","floor":44,"key":"SMITH"},{"data":"Strike_G","floor":49,"key":"SMITH"},{"data":"Strike_G","floor":52,"key":"SMITH"}],"circlet_count":0,"master_deck":["Strike_G+1","Strike_G+1","Strike_G+1","Strike_G+1","Defend_G","Defend_G","Neutralize+1","Accuracy+1","Flash of Steel+1","Prepared+1","Infinite Blades+1","Blade Dance+1","Expertise+1","Cloak And Dagger+1","Bandage Up+1","Cloak And Dagger+1","Hidden Blade+1","Cloak And Dagger+1","StuffTheSpire:PlasmaPunch+1","Adrenaline+1","Footwork+1","Panache+1","Backflip+1","Backflip+1","Calculated Gamble+1","ReplayTheSpireMod:Scrap Shanks+1","hubris:Sniper+1","Tactician+1","Tactician+1","Prepared+1"],"relics":["Ring of the Snake","hubris:BundleOfHerbs","Golden Egg","MerchantsRug","StuffTheSpire:GrapeVine","Medical Kit","CCEMRelics:BundleOfChain","Toxic Egg 2","CCEMRelics:Pendulum","Letter Opener","Runic Dome","wanderingMiniBosses:CarrionFlame","Byrd Skull","Bag of Preparation","CCEMRelics:CarbonFilter","CCEMRelics:HeirloomTomato","Replay:Rubber Ducky","CCEMRelics:Barrel","energizedSpire:MagnifyingGlass","StuffTheSpire:DarkSteelAnvil","StuffTheSpire:MayFlowers","CCEMRelics:FryingPan","Ornamental Fan","infinitespire:ShieldingShard"],"acts_visited":["Exordium","TheCity","TheBeyond","TheEnding"],"potions_floor_usage":[55],"damage_taken":[{"damage":0.0,"enemies":"Jaw Worm","floor":1.0,"turns":1.0},{"damage":2.0,"enemies":"2 Louse","floor":3.0,"turns":2.0},{"damage":0.0,"enemies":"ats:Genji","floor":4.0,"turns":1.0},{"damage":0.0,"enemies":"Gremlin Nob","floor":6.0,"turns":2.0},{"damage":2.0,"enemies":"3 Sentries","floor":8.0,"turns":3.0},{"damage":0.0,"enemies":"2 Fungi Beasts","floor":9.0,"turns":3.0},{"damage":0.0,"enemies":"2 Fungi Beasts","floor":10.0,"turns":2.0},{"damage":0.0,"enemies":"Lagavulin","floor":11.0,"turns":2.0},{"damage":0.0,"enemies":"Lots of Slimes","floor":12.0,"turns":2.0},{"damage":12.0,"enemies":"The Guardian","floor":16.0,"turns":5.0},{"damage":0.0,"enemies":"Spheric Guardian","floor":18.0,"turns":1.0},{"damage":8.0,"enemies":"Shell Parasite","floor":20.0,"turns":4.0},{"damage":0.0,"enemies":"Chosen and Byrds","floor":21.0,"turns":2.0},{"damage":0.0,"enemies":"Snake Plant","floor":26.0,"turns":2.0},{"damage":0.0,"enemies":"Slavers","floor":29.0,"turns":1.0},{"damage":0,"enemies":"Gremlin Leader","floor":31,"turns":1},{"damage":0,"enemies":"bossMod:newCollector","floor":33,"turns":2},{"damage":0,"enemies":"3 Shapes","floor":35,"turns":1},{"damage":0,"enemies":"3 Darklings","floor":36,"turns":1},{"damage":0,"enemies":"4 Shapes","floor":38,"turns":1},{"damage":0,"enemies":"Reptomancer","floor":40,"turns":1},{"damage":0,"enemies":"Spire Growth","floor":42,"turns":1},{"damage":0,"enemies":"Writhing Mass","floor":45,"turns":1},{"damage":0,"enemies":"Jaw Worm Horde","floor":47,"turns":1},{"damage":0,"enemies":"3 Darklings","floor":48,"turns":1},{"damage":22,"enemies":"conspire:OrnateMirror","floor":50,"turns":2},{"damage":0,"enemies":"Shield and Spear","floor":54,"turns":1},{"damage":0,"enemies":"The Heart","floor":55,"turns":4}],"seed_played":"809623736297936086","potions_obtained":[{"floor":1.0,"key":"Dexterity Potion"},{"floor":6.0,"key":"blueLaboratory:SuffocatingSmog"},{"floor":20.0,"key":"Venom Potion"}],"is_trial":false,"path_per_floor":["M","$","M","M","?","E","R","E","MIM","M","E","M","R","?","R_BF","B",null,"M","?","M","M","$","R","AVR","?","MIM","R","$","E","$","E","R_BF","B",null,"M","M","$","M","?","E","R","M","T","R","M","$","M","M","R","B",null,"R","$","E","B",null],"character_chosen":"THE_SILENT","items_purchased":["Golden Egg","MerchantsRug","BargainBundle","trackpad:HandOfMidas","StuffTheSpire:GrapeVine","Medical Kit","hubris:BundleOfHerbs","Accuracy","Flash of Steel","Prepared","CCEMRelics:BundleOfChain","Infinite Blades","Blade Dance","Dexterity Potion","Cloak And Dagger","Bandage Up","Byrd Skull","Bag of Preparation","CCEMRelics:HeirloomTomato","Panache","StuffTheSpire:DarkSteelAnvil","Backflip+1","Ornamental Fan","Tactician+1","Prepared+1"],"campfire_rested":0,"item_purchase_floors":[0,0,0,0,0,0,0,0,0,0,0,0,0,0,2,2,22,22,28,28,37,37,46,53,53],"current_hp_per_floor":[21,21,19,19,19,35,35,56,62,68,74,74,74,74,74,68,77,77,77,75,80,80,80,80,80,80,80,85,85,85,85,85,85,85,85,85,85,85,85,85,85,85,85,85,85,85,85,85,85,73,82,82,82,85,85],"gold":135,"neow_bonus":"","is_daily":false,"chose_seed":false,"campfire_upgraded":8,"win_rate":0.0,"timestamp":1612975762,"path_taken":["M","$","M","M","?","E","R","E","MIM","M","E","M","R","?","R_BF","BOSS","M","?","?","M","$","R","AVR","?","MIM","R","?","E","$","E","R_BF","BOSS","M","M","$","M","?","E","R","M","T","R","M","$","M","?","R","BOSS","R","$","E","BOSS"],"items_purchased_type":["Relic","Relic","Relic","Relic","Relic","Relic","Relic","Card","Card","Card","Relic","Card","Card","Potion","Card","Card","Relic","Relic","Relic","Card","Relic","Card","Relic","Card","Card"],"build_version":"2020-12-22","purchased_purges":6,"victory":true,"max_hp_per_floor":[70,70,70,70,70,80,80,80,80,80,80,80,80,80,80,80,80,80,80,80,80,80,80,80,80,80,80,85,85,85,85,85,85,85,85,85,85,85,85,85,85,85,85,85,85,85,85,85,85,85,85,85,85,85,85],"card_choices":[{"not_picked":["StuffTheSpire:Python","Bane"],"picked":"Expertise","floor":1.0},{"not_picked":["hubris:SlightOfHand","Flying Knee","Quick Slash"],"picked":"SKIP","floor":3.0},{"not_picked":["StuffTheSpire:Repulse","Prepared"],"picked":"Cloak And Dagger","floor":4.0},{"not_picked":["StuffTheSpire:MirrorStance+1","Distraction+1","Flying Knee"],"picked":"SKIP","floor":6.0},{"not_picked":["Sneak Up+1","PiercingWail+1","Acrobatics+1"],"picked":"SKIP","floor":8.0},{"not_picked":["InfectiousVector+1","Backstab"],"picked":"Hidden Blade+1","floor":9.0},{"not_picked":["Toxin Wave+1","Poisoned Stab","Crippling Poison+1"],"picked":"SKIP","floor":10.0},{"not_picked":["Deadly Poison+1","Poison Darts+1","Underhanded Strike"],"picked":"SKIP","floor":11.0},{"not_picked":["Underhanded Strike","Dash"],"picked":"Cloak And Dagger+1","floor":12.0},{"not_picked":["Specialist","StuffTheSpire:PlasmaPulse+1"],"picked":"StuffTheSpire:PlasmaPunch","floor":14.0},{"not_picked":["ReplayTheSpireMod:Necrosis+1","Envenom"],"picked":"Adrenaline+1","floor":16.0},{"not_picked":["Masterful Stab","Deflect+1"],"picked":"Footwork+1","floor":18.0},{"not_picked":["Deadly Poison+1","Reflex+1","PiercingWail+1"],"picked":"SKIP","floor":20.0},{"not_picked":["InfectiousVector+1","Dodge and Roll+1","Catalyst+1"],"picked":"SKIP","floor":21.0},{"not_picked":["ReplayTheSpireMod:Shiv Toss+1","infinitespire:Neurotoxin+1","Heel Hook"],"picked":"SKIP","floor":29.0},{"not_picked":["StuffTheSpire:Python+1","StuffTheSpire:Fury+1","ReplayTheSpireMod:The Works+1"],"picked":"SKIP","floor":31},{"not_picked":["conspire:DoublingDagger+1","hubris:SlightOfHand+1","Quick Slash"],"picked":"SKIP","floor":35},{"not_picked":["Dagger Throw","Concentrate+1"],"picked":"Backflip+1","floor":36},{"not_picked":["Deadly Poison+1","Underhanded Strike"],"picked":"Calculated Gamble+1","floor":38},{"not_picked":["Heel Hook+1","Hidden Blade+1"],"picked":"ReplayTheSpireMod:Scrap Shanks","floor":40},{"not_picked":["StuffTheSpire:DoubleShiv+1","Bane"],"picked":"hubris:Sniper+1","floor":42},{"not_picked":["Dodge and Roll+1","Hidden Blade+1","StuffTheSpire:Fury+1"],"picked":"SKIP","floor":45},{"not_picked":["All Out Attack","StuffTheSpire:Incantation+1","Dash+1"],"picked":"SKIP","floor":47},{"not_picked":["Dagger Throw","Infinite Blades+1","Bane+1"],"picked":"SKIP","floor":48},{"not_picked":["Replay:Poison Smokescreen+1","Setup+1","StuffTheSpire:Injection+1"],"picked":"SKIP","floor":54}],"player_experience":743859,"relics_obtained":[{"floor":6.0,"key":"Pear"},{"floor":8.0,"key":"CCEMRelics:Pendulum"},{"floor":9.0,"key":"Letter Opener"},{"floor":11.0,"key":"MawBank"},{"floor":20.0,"key":"wanderingMiniBosses:CarrionFlame"},{"floor":26.0,"key":"CCEMRelics:CarbonFilter"},{"floor":29.0,"key":"Replay:Rubber Ducky"},{"floor":31,"key":"CCEMRelics:Barrel"},{"floor":39,"key":"StuffTheSpire:MayFlowers"},{"floor":40,"key":"CCEMRelics:FryingPan"},{"floor":54,"key":"infinitespire:ShieldingShard"}],"event_choices":[{"damage_healed":0.0,"max_hp_gain":0.0,"max_hp_loss":0.0,"gold_gain":1.0,"event_name":"betterStone:BetterStone","player_choice":"1","floor":14.0,"gold_loss":0.0,"damage_taken":0.0},{"damage_healed":0.0,"max_hp_gain":0.0,"max_hp_loss":0.0,"gold_gain":0.0,"event_name":"Accursed Blacksmith","player_choice":"Forge","floor":19.0,"gold_loss":0.0,"damage_taken":0.0,"cards_upgraded":["Neutralize"]}],"is_beta":false,"boss_relics":[{"not_picked":["hubris:Stopwatch","CCEMRelics:ExpiredCReal"],"picked":"Runic Dome"},{"not_picked":["Calling Bell","SlaversCollar"],"picked":"energizedSpire:MagnifyingGlass"}],"items_purged_floors":[0,0,22,24,28,46],"is_endless":false,"potions_floor_spawned":[1,6,8,10,12,16,20,31,33,35,38,47,48],"ascension_level":6}}