{"host":"akl935yb0ngqkphm","time":1612967220,"event":{"mods":["BaseMod","Conspire","Decade(王小明)","Minty Spire (QoL Compilation)","SOS（斯巴?之子）","StSLib","The Blackbeard","The Bladedancer","The Hierophant"],"gold_per_floor":[141,141,201,252,252,252,306,306,351,435,483,522,600,20,20,335,335,377,132,228,282,360,444,498,521,521,521,554,659,776,842,854,1172,1184,1241,1307,1319,1385,1457,1574,1631,1751,1786,1858,1870,1912,1954,2011,2032,2268,2280,2328,2433,2493,47,322,406,415,523,523,556,670,763,796,835,844,1141,1141,1195,1110,1200,689,803,896,926,1031,1127,1169,1223,1223,1280,1373,1373,1697,1697,1736,1778,1835,1889,1132,1132,1225,1225,1315,1127,1127,1127,1184,1214,1223,1526,1553,1607,1607,1637,1730,611,611,686,686,779,779,881,923,983,1037,1046,1370,1520,1456,1371,1422,1518,1405,1507,1561,1570,1669,1678,1678,1678,1783,1813,1813,2137,2137,2137],"floor_reached":136,"language":"ZHT","playtime":3281,"items_purged":[],"score":5265,"play_id":"32c14cbf-0ca3-4b30-b76a-5fbd84e20c75","local_time":"20210210222700","daily_mods":["SealedDeck","Hoarder","Shiny","Specialized","Vintage","Allstar","Heirloom","DeadlyEvents","Lethality","Midas"],"is_ascension_mode":false,"campfire_choices":[{"floor":6.0,"key":"REST"},{"floor":8.0,"key":"REST"},{"floor":15.0,"key":"REST"},{"floor":32.0,"key":"REST"},{"floor":49.0,"key":"REST"},{"floor":58.0,"key":"REST"},{"floor":66.0,"key":"REST"},{"data":"Airhike","floor":80.0,"key":"PURGE"},{"data":"Weaponchange+1","floor":83.0,"key":"PURGE"},{"data":"1","floor":91.0,"key":"LIFT"},{"data":"2","floor":93.0,"key":"LIFT"},{"data":"3","floor":96.0,"key":"LIFT"},{"floor":100.0,"key":"REST"},{"data":"Airhike","floor":108.0,"key":"PURGE"},{"data":"Airhike","floor":110.0,"key":"PURGE"},{"data":"Airhike","floor":112.0,"key":"PURGE"},{"floor":117.0,"key":"REST"},{"floor":127.0,"key":"REST"},{"floor":129.0,"key":"REST"},{"floor":134.0,"key":"REST"}],"circlet_count":10,"master_deck":["Airtrick","VitalstarL","DevilstarL","Enemystep","Trickster","Purpleorb","Blueorb","Darkslayer","Weaponreturn","Goldorb","Stylechange","Swordcombo","Demonreform","Royalguard","Airhike","Airhike+1","Airhike+1","Airhike+1","Airhike","Airhike","Airhike","LucifercomboB","LucifercomboB","LucifercomboB","Whiteorb","Whiteorb","Whiteorb","Greenorb","Greenorb","Greenorb","Greenorb","Greenorb","Greenorb","Millionstab","Millionstab","Millionstab","LucifercomboA+1","LucifercomboA","LucifercomboA","LucifercomboA","LucifercomboA","LucifercomboA","Rebellion","Rebellion","Rebellion","SSScard","SSScard","SSScard","Royaldefend","Royaldefend","Royaldefend","Dash2","Dash2","Dash2","Airtrick","Airtrick","Airtrick","Rebellion","Rebellion","Rebellion","Mind Blast","Mind Blast","Mind Blast","Weaponreturn","Weaponreturn","Weaponreturn","Millionkick+1","Millionkick","Millionkick","Dash1","Dash1","Dash1+1","Royaldefend+1","Royaldefend+1","Royaldefend+1","Lucifer+1","Lucifer+1","Lucifer+1","SSScard","SSScard","SSScard","Hightime","Hightime","Hightime","Trickster","Trickster","Trickster","Madness","Madness","Madness","Madness","Madness","Madness","DT+1","DT+1","DT+1","Royaldefend+1","Royaldefend+1","Royaldefend+1","Weaponchange+1","Weaponchange+1","Airtrick","Airtrick","Airtrick","Dash2+1","Dash2","Dash2","LucifercomboA+1","LucifercomboA+1","LucifercomboA+1","LucifercomboD+1","LucifercomboD+1","LucifercomboD+1","Magnetism+1","Magnetism+1","Secret Weapon","Secret Weapon","Secret Weapon","Stinger+1","Stinger+1","Stinger+1","Honeycombofire","Honeycombofire","Honeycombofire","Rebellion+1","Rebellion+1","Rebellion+1","Trickster","Trickster","Trickster","Weaponchange","Weaponchange","Weaponchange","Swordmaster","Swordmaster","Swordmaster","Trickster","Trickster","Trickster","Swordmaster+1","Swordmaster+1","Swordmaster+1","Hightime+1","Hightime+1","Hightime+1","Straight+1","Straight+1","Straight+1","SSScard+1","SSScard+1","SSScard+1","LucifercomboD+1","LucifercomboD+1","LucifercomboD+1","Dash1+1","Dash1+1","Dash1+1","Whiteorb+1","Whiteorb+1","Whiteorb+1","Swordmaster+1","Swordmaster+1","Swordmaster+1","Dash2+1","Dash2+1","Dash2+1","Millionstab+1","Millionstab+1","Millionstab+1","DevilstarS+1","DevilstarS+1","DevilstarS+1","Goldorb+1","Goldorb+1","Goldorb+1","Hightime+1","Hightime+1","Hightime+1","Jack Of All Trades+1","Jack Of All Trades+1","Jack Of All Trades+1","Panacea+1","Panacea+1","Panacea+1","Stinger+1","Stinger+1","Stinger+1","Doubleshoot+1","Doubleshoot+1","Doubleshoot+1","Mind Blast+1","Mind Blast+1","Mind Blast+1","VitalstarM+1","VitalstarM+1","VitalstarM+1","Blueorb+1","Blueorb+1","Blueorb+1","LucifercomboA+1","LucifercomboA+1","LucifercomboA+1","LucifercomboB+1","LucifercomboB+1","LucifercomboB+1","Gunslinger+1","Gunslinger+1","Gunslinger+1","Swordcombo+1","Swordcombo+1","Swordcombo+1","DevilstarS+1","DevilstarS+1","DevilstarS+1","LucifercomboC+1","LucifercomboC+1","LucifercomboC+1","Airtrick+1","Airtrick+1","Airtrick+1","Airtrick+1","Airtrick+1","Airtrick+1","SSScard+1","SSScard+1","SSScard+1","DevilstarS+1","DevilstarS+1","DevilstarS+1","Whiteorb+1","Whiteorb+1","Whiteorb+1","Whiteorb+1","Whiteorb+1","Whiteorb+1","Goldorb+1","Goldorb+1","Goldorb+1"],"relics":["SSS","Combocheck","CaptainsWheel","Potion Belt","Anchor","White Beast Statue","Art of War","Pantograph","Akabeko","Ginger","Gremlin Horn","Letter Opener","MealTicket","Oddly Smooth Stone","StoneCalendar","SlaversCollar","Happy Flower","Frozen Egg 2","Ancient Tea Set","Sundial","Orichalcum","PreservedInsect","Pen Nib","Toy Ornithopter","Dream Catcher","MawBank","Question Card","Bag of Preparation","Vajra","Philosopher\u0027s Stone","Turnip","Tiny Chest","Bottled Flame","CeramicFish","InkBottle","Lantern","The Courier","Centennial Puzzle","Matryoshka","War Paint","Strawberry","Nunchaku","Whetstone","Mercury Hourglass","Busted Crown","Pear","Odd Mushroom","WingedGreaves","Molten Egg 2","Bottled Tornado","Ornamental Fan","Blood Vial","Omamori","Medical Kit","Boot","Bronze Scales","Lizard Tail","Ice Cream","Bag of Marbles","Eternal Feather","Regal Pillow","Kunai","HornCleat","Meat on the Bone","StrikeDummy","Bird Faced Urn","Cursed Key","Toxic Egg 2","Torii","Shuriken","Mango","Orrery","Thread and Needle","Peace Pipe","Unceasing Top","Incense Burner","Black Star","Gambling Chip","Girya","Calipers","Dead Branch","Du-Vu Doll","Prayer Wheel","TheAbacus","Toolbox","Circlet","Astrolabe","Bottled Lightning","Darkstone Periapt","Sling","FossilizedHelix","TungstenRod","Blue Candle","Pocketwatch","Tiny House","DollysMirror"],"acts_visited":[],"potions_floor_usage":[],"damage_taken":[{"damage":0.0,"enemies":"Small Slimes","floor":1.0,"turns":6.0},{"damage":9.0,"enemies":"Jaw Worm","floor":3.0,"turns":2.0},{"damage":0.0,"enemies":"Cultist","floor":4.0,"turns":4.0},{"damage":8.0,"enemies":"Lots of Slimes","floor":7.0,"turns":2.0},{"damage":11.0,"enemies":"Gremlin Nob","floor":10.0,"turns":3.0},{"damage":0.0,"enemies":"Gremlin Gang","floor":11.0,"turns":2.0},{"damage":0.0,"enemies":"Blue Slaver","floor":12.0,"turns":2.0},{"damage":10.0,"enemies":"3 Sentries","floor":13.0,"turns":3.0},{"damage":42.0,"enemies":"Hexaghost","floor":16.0,"turns":2.0},{"damage":0.0,"enemies":"2 Thieves","floor":18.0,"turns":1.0},{"damage":0.0,"enemies":"Slavers","floor":20.0,"turns":1.0},{"damage":0.0,"enemies":"Shell Parasite","floor":21.0,"turns":1.0},{"damage":15.0,"enemies":"Gremlin Leader","floor":22.0,"turns":3.0},{"damage":0.0,"enemies":"Slavers","floor":23.0,"turns":1.0},{"damage":0.0,"enemies":"Sentry and Sphere","floor":24.0,"turns":1.0},{"damage":0.0,"enemies":"Chosen and Byrds","floor":28.0,"turns":1.0},{"damage":0.0,"enemies":"Book of Stabbing","floor":29.0,"turns":1.0},{"damage":0.0,"enemies":"Gremlin Leader","floor":30.0,"turns":1.0},{"damage":0.0,"enemies":"3 Cultists","floor":31.0,"turns":1.0},{"damage":0.0,"enemies":"Champ","floor":33.0,"turns":1.0},{"damage":0.0,"enemies":"3 Shapes","floor":35.0,"turns":1.0},{"damage":0.0,"enemies":"3 Darklings","floor":36.0,"turns":1.0},{"damage":0.0,"enemies":"Spire Growth","floor":38.0,"turns":4.0},{"damage":0.0,"enemies":"Sphere and 2 Shapes","floor":39.0,"turns":1.0},{"damage":0.0,"enemies":"Nemesis","floor":40.0,"turns":1.0},{"damage":5.0,"enemies":"Giant Head","floor":42.0,"turns":3.0},{"damage":0.0,"enemies":"4 Shapes","floor":44.0,"turns":1.0},{"damage":0.0,"enemies":"Spire Growth","floor":46.0,"turns":1.0},{"damage":0.0,"enemies":"Jaw Worm Horde","floor":47.0,"turns":1.0},{"damage":0.0,"enemies":"Sphere and 2 Shapes","floor":48.0,"turns":1.0},{"damage":19.0,"enemies":"Awakened One","floor":50.0,"turns":5.0},{"damage":0.0,"enemies":"Small Slimes","floor":52.0,"turns":1.0},{"damage":0.0,"enemies":"The Mushroom Lair","floor":53.0,"turns":1.0},{"damage":0.0,"enemies":"Cultist","floor":54.0,"turns":1.0},{"damage":0.0,"enemies":"Gremlin Nob","floor":57.0,"turns":1.0},{"damage":0.0,"enemies":"3 Sentries","floor":59.0,"turns":1.0},{"damage":0.0,"enemies":"2 Louse","floor":61.0,"turns":1.0},{"damage":0.0,"enemies":"Lagavulin","floor":62.0,"turns":1.0},{"damage":0.0,"enemies":"3 Sentries","floor":63.0,"turns":1.0},{"damage":0.0,"enemies":"Exordium Wildlife","floor":64.0,"turns":1.0},{"damage":0.0,"enemies":"Looter","floor":65.0,"turns":1.0},{"damage":0.0,"enemies":"Hexaghost","floor":67.0,"turns":1.0},{"damage":0.0,"enemies":"Spheric Guardian","floor":69.0,"turns":1.0},{"damage":0.0,"enemies":"Book of Stabbing","floor":71.0,"turns":1.0},{"damage":0.0,"enemies":"Gremlin Leader","floor":73.0,"turns":1.0},{"damage":0.0,"enemies":"Slavers","floor":74.0,"turns":1.0},{"damage":0.0,"enemies":"Shell Parasite","floor":75.0,"turns":1.0},{"damage":0.0,"enemies":"Book of Stabbing","floor":76.0,"turns":1.0},{"damage":0.0,"enemies":"Slavers","floor":77.0,"turns":1.0},{"damage":0.0,"enemies":"Shelled Parasite and Fungi","floor":78.0,"turns":1.0},{"damage":0.0,"enemies":"Snecko","floor":79.0,"turns":1.0},{"damage":0.0,"enemies":"Chosen and Byrds","floor":81.0,"turns":1.0},{"damage":0.0,"enemies":"Book of Stabbing","floor":82.0,"turns":1.0},{"damage":0.0,"enemies":"Automaton","floor":84.0,"turns":1.0},{"damage":0.0,"enemies":"Orb Walker","floor":86.0,"turns":1.0},{"damage":0.0,"enemies":"3 Shapes","floor":87.0,"turns":1.0},{"damage":0.0,"enemies":"Jaw Worm Horde","floor":88.0,"turns":1.0},{"damage":0.0,"enemies":"Writhing Mass","floor":89.0,"turns":1.0},{"damage":0.0,"enemies":"Reptomancer","floor":92.0,"turns":1.0},{"damage":0.0,"enemies":"Giant Head","floor":94.0,"turns":1.0},{"damage":0.0,"enemies":"Sphere and 2 Shapes","floor":98.0,"turns":1.0},{"damage":0.0,"enemies":"Transient","floor":99.0,"turns":1.0},{"damage":0.0,"enemies":"Time Eater","floor":101.0,"turns":1.0},{"damage":0.0,"enemies":"2 Louse","floor":103.0,"turns":1.0},{"damage":0.0,"enemies":"Jaw Worm","floor":105.0,"turns":1.0},{"damage":0.0,"enemies":"Lagavulin","floor":106.0,"turns":1.0},{"damage":0.0,"enemies":"Gremlin Nob","floor":109.0,"turns":1.0},{"damage":0.0,"enemies":"Lagavulin","floor":111.0,"turns":1.0},{"damage":0.0,"enemies":"3 Sentries","floor":113.0,"turns":1.0},{"damage":0.0,"enemies":"Small Slimes","floor":114.0,"turns":1.0},{"damage":0.0,"enemies":"Exordium Thugs","floor":115.0,"turns":1.0},{"damage":0.0,"enemies":"Exordium Wildlife","floor":116.0,"turns":1.0},{"damage":0.0,"enemies":"Slime Boss","floor":118.0,"turns":1.0},{"damage":0.0,"enemies":"Shell Parasite","floor":120.0,"turns":1.0},{"damage":0.0,"enemies":"Chosen","floor":122.0,"turns":1.0},{"damage":0.0,"enemies":"Book of Stabbing","floor":123.0,"turns":1.0},{"damage":0.0,"enemies":"Gremlin Leader","floor":125.0,"turns":1.0},{"damage":0.0,"enemies":"Snecko","floor":126.0,"turns":1.0},{"damage":0.0,"enemies":"Slavers","floor":128.0,"turns":1.0},{"damage":0.0,"enemies":"Cultist and Chosen","floor":131.0,"turns":1.0},{"damage":0.0,"enemies":"Gremlin Leader","floor":132.0,"turns":1.0},{"damage":0.0,"enemies":"Sentry and Sphere","floor":133.0,"turns":1.0},{"damage":0.0,"enemies":"Collector","floor":135.0,"turns":1.0}],"seed_played":"3806101911389850495","potions_obtained":[{"floor":3.0,"key":"AttackPotion"},{"floor":7.0,"key":"Dexterity Potion"},{"floor":10.0,"key":"LiquidBronze"},{"floor":11.0,"key":"Strength Potion"},{"floor":12.0,"key":"LiquidBronze"},{"floor":13.0,"key":"SkillPotion"},{"floor":16.0,"key":"AttackPotion"},{"floor":18.0,"key":"ColorlessPotion"},{"floor":20.0,"key":"AttackPotion"},{"floor":22.0,"key":"Swift Potion"},{"floor":24.0,"key":"Energy Potion"},{"floor":33.0,"key":"ColorlessPotion"},{"floor":35.0,"key":"BlessingOfTheForge"},{"floor":36.0,"key":"Weak Potion"},{"floor":38.0,"key":"Fire Potion"},{"floor":40.0,"key":"Explosive Potion"},{"floor":42.0,"key":"FairyPotion"},{"floor":44.0,"key":"Block Potion"},{"floor":50.0,"key":"ColorlessPotion"},{"floor":52.0,"key":"SkillPotion"},{"floor":61.0,"key":"Swift Potion"},{"floor":64.0,"key":"Fruit Juice"},{"floor":65.0,"key":"FairyPotion"},{"floor":77.0,"key":"Fruit Juice"},{"floor":78.0,"key":"Swift Potion"},{"floor":81.0,"key":"Energy Potion"},{"floor":87.0,"key":"FairyPotion"},{"floor":98.0,"key":"Fruit Juice"},{"floor":101.0,"key":"FairyPotion"}],"is_trial":true,"path_per_floor":["M","?","M","M","?","R","M","R","T","E","M","M","E","$","R","B",null,"M","$","E","M","E","E","M","T","T","?","M","E","E","M","R","B",null,"M","M","?","M","M","E","T","E","T","M","T","M","M","M","R","B",null,"M","?","M","$","?","E","R","E","T","M","E","E","M","M","R","B",null,"M","?","E","$","E","E","M","E","E","M","M","R","M","E","R","B",null,"M","M","M","M","$","R","E","R","E","$","R","?","M","M","R","B",null,"M","?","M","E","$","R","E","R","E","R","E","M","M","M","R","B",null,"M","?","M","E","$","E","M","R","E","R","$","M","E","M","R","B",null],"character_chosen":"DANTE","items_purchased":["Oddly Smooth Stone","StoneCalendar","Rebellion","Mind Blast","Frozen Egg 2","Molten Egg 2","Bottled Tornado","Ornamental Fan","Blood Vial","Omamori","LucifercomboA+1","LucifercomboD+1","Magnetism+1","Secret Weapon","Medical Kit","Boot","Bronze Scales","Lizard Tail","Ice Cream","Bag of Marbles","Eternal Feather","Regal Pillow","Shuriken","Mango","Orrery","Du-Vu Doll","Prayer Wheel","TheAbacus","Hightime+1","Jack Of All Trades+1","Panacea+1","Toolbox","Mind Blast+1","Sling","FossilizedHelix","TungstenRod","Blue Candle","Pocketwatch","Swordcombo+1","DollysMirror"],"campfire_rested":12,"item_purchase_floors":[14,14,14,14,19,55,55,55,55,55,55,55,55,55,55,55,55,55,55,55,55,55,72,72,72,90,90,90,90,90,90,95,95,107,107,107,107,107,107,124],"current_hp_per_floor":[80,64,62,69,66,80,72,80,80,69,69,69,61,76,80,41,80,80,80,80,80,65,65,65,65,65,65,65,65,65,65,80,80,80,80,80,70,79,79,80,80,80,80,80,87,87,87,87,87,97,97,107,107,107,107,107,107,107,107,107,107,107,107,112,112,112,112,112,112,112,112,126,126,126,126,126,131,131,131,131,131,131,131,131,131,131,131,131,131,131,131,131,131,131,131,131,131,136,136,136,136,136,136,136,136,136,136,136,136,136,136,136,136,136,136,136,136,136,141,143,143,145,151,151,151,151,151,151,151,151,151,151,151,151,151,151,151],"gold":2137,"neow_bonus":"","is_daily":false,"chose_seed":false,"campfire_upgraded":0,"win_rate":0.0,"timestamp":1612967220,"path_taken":["M","?","M","M","?","R","?","R","T","?","M","M","?","$","R","BOSS","M","?","?","?","?","E","M","?","T","?","M","E","?","M","R","BOSS","M","M","?","?","M","E","?","E","T","M","?","M","M","?","R","BOSS","M","?","M","$","?","E","R","?","T","M","?","E","M","?","R","BOSS","M","?","?","$","?","E","M","E","E","M","?","R","M","?","R","BOSS","M","M","M","M","$","R","?","R","E","$","R","?","?","M","R","BOSS","M","?","M","?","?","R","E","R","E","R","?","M","M","M","R","BOSS","M","?","M","?","$","E","M","R","E","R","$","M","E","?","R","BOSS"],"items_purchased_type":["Relic","Relic","Card","Card","Relic","Relic","Relic","Relic","Relic","Relic","Card","Card","Card","Card","Relic","Relic","Relic","Relic","Relic","Relic","Relic","Relic","Relic","Relic","Relic","Relic","Relic","Relic","Card","Card","Card","Relic","Card","Relic","Relic","Relic","Relic","Relic","Card","Relic"],"build_version":"2020-12-22","purchased_purges":0,"victory":false,"max_hp_per_floor":[80,80,80,80,80,80,80,80,80,80,80,80,80,80,80,80,80,80,80,80,80,80,80,80,80,80,80,80,80,80,80,80,80,80,80,80,80,80,80,80,80,80,80,80,87,87,87,87,87,97,97,107,107,107,107,107,107,107,107,107,107,107,107,112,112,112,112,112,112,112,112,126,126,126,126,126,131,131,131,131,131,131,131,131,131,131,131,131,131,131,131,131,131,131,131,131,131,136,136,136,136,136,136,136,136,136,136,136,136,136,136,136,136,136,136,136,136,136,141,151,151,151,151,151,151,151,151,151,151,151,151,151,151,151,151,151,151],"card_choices":[{"not_picked":["Chargeshoot","Whiteorb"],"picked":"Dash2","floor":10.0},{"not_picked":["GilgameshcomboA","Weaponreturn"],"picked":"Airtrick","floor":13.0},{"not_picked":["Demonreform","DevilstarL"],"picked":"Weaponreturn","floor":16.0},{"not_picked":["Ecstasy+1","Holywater"],"picked":"Millionkick","floor":20.0},{"not_picked":["CoyoteA+1","Millionkick"],"picked":"Dash1","floor":22.0},{"not_picked":["Whiteorb","Holywater+1"],"picked":"Royaldefend+1","floor":23.0},{"not_picked":["Holywater","Goldorb"],"picked":"Lucifer+1","floor":29.0},{"not_picked":["Gunstinger+1","Dash1","LucifercomboC"],"picked":"SSScard","floor":30.0},{"not_picked":["Pandora+1","Holywater","Gunslinger"],"picked":"Hightime","floor":32.0},{"not_picked":["Purpleorb","Weaponreturn","VitalstarL"],"picked":"Trickster","floor":33.0},{"not_picked":["Honeycombofire+1","Doubleshoot+1","Holywater"],"picked":"DT+1","floor":40.0},{"not_picked":["CoyoteA+1","Gilgamesh+1","Pandora+1"],"picked":"Royaldefend+1","floor":42.0},{"not_picked":["Ecstasy","LucifercomboB","EbonyIvory+1"],"picked":"Weaponchange+1","floor":49.0},{"not_picked":["Goldorb","Weaponreturn","VitalstarL"],"picked":"Airtrick","floor":50.0},{"not_picked":["Doubleshoot"],"picked":"Dash2","floor":53.0},{"not_picked":["GilgameshcomboA+1"],"picked":"Stinger+1","floor":57.0},{"not_picked":["Dash1"],"picked":"Honeycombofire","floor":58.0},{"not_picked":["Dash2"],"picked":"Rebellion+1","floor":59.0},{"not_picked":["Whiteorb"],"picked":"Trickster","floor":62.0},{"not_picked":["Straight+1"],"picked":"Weaponchange","floor":63.0},{"not_picked":["Splesh+1"],"picked":"Swordmaster","floor":66.0},{"not_picked":["Demonreform"],"picked":"Trickster","floor":67.0},{"not_picked":["Chargeshoot+1"],"picked":"Swordmaster+1","floor":71.0},{"not_picked":["Straight+1"],"picked":"Hightime+1","floor":72.0},{"not_picked":["Goldorb+1"],"picked":"Straight+1","floor":72.0},{"not_picked":["Holywater+1"],"picked":"SSScard+1","floor":72.0},{"not_picked":["Honeycombofire+1"],"picked":"LucifercomboD+1","floor":72.0},{"not_picked":["Rebellion+1"],"picked":"Dash1+1","floor":72.0},{"not_picked":["Rebellion+1"],"picked":"Whiteorb+1","floor":73.0},{"not_picked":["Splesh+1"],"picked":"Swordmaster+1","floor":74.0},{"not_picked":["LucifercomboA+1"],"picked":"Dash2+1","floor":76.0},{"not_picked":["Demonreform+1"],"picked":"Millionstab+1","floor":77.0},{"not_picked":["Chargeshoot2+1"],"picked":"DevilstarS+1","floor":82.0},{"not_picked":["Enemystep+1"],"picked":"Goldorb+1","floor":84.0},{"not_picked":["Unrisingdragon+1"],"picked":"Stinger+1","floor":92.0},{"not_picked":["Unrisingdragon+1"],"picked":"Doubleshoot+1","floor":94.0},{"not_picked":["Swordmaster+1"],"picked":"VitalstarM+1","floor":100.0},{"not_picked":["Weaponreturn+1"],"picked":"Blueorb+1","floor":101.0},{"not_picked":["Chargeshoot2+1","LucifercomboD+1"],"picked":"SKIP","floor":106.0},{"not_picked":["Chargeshoot2+1","Royaldefend+1"],"picked":"SKIP","floor":109.0},{"not_picked":["LucifercomboD+1"],"picked":"DevilstarS+1","floor":111.0},{"not_picked":["Ecstasy+1","Demonreform+1"],"picked":"SKIP","floor":113.0},{"not_picked":["Gunstinger+1"],"picked":"LucifercomboC+1","floor":117.0},{"not_picked":["Trickster+1"],"picked":"Airtrick+1","floor":118.0},{"not_picked":["LucifercomboD+1","Gunslinger+1"],"picked":"SKIP","floor":123.0},{"not_picked":["Splesh+1","Demonreform+1"],"picked":"SKIP","floor":125.0},{"not_picked":["Swordmaster+1"],"picked":"SSScard+1","floor":127.0},{"not_picked":["Pandora+1"],"picked":"DevilstarS+1","floor":128.0},{"not_picked":["LucifercomboC+1"],"picked":"Whiteorb+1","floor":129.0},{"not_picked":["Weaponupgrade+1"],"picked":"Whiteorb+1","floor":132.0},{"not_picked":["Weaponreturn+1"],"picked":"Goldorb+1","floor":135.0}],"player_experience":118617,"relics_obtained":[{"floor":1.0,"key":"Potion Belt"},{"floor":3.0,"key":"Anchor"},{"floor":4.0,"key":"White Beast Statue"},{"floor":7.0,"key":"Pantograph"},{"floor":9.0,"key":"Akabeko"},{"floor":10.0,"key":"Ginger"},{"floor":11.0,"key":"Gremlin Horn"},{"floor":12.0,"key":"Letter Opener"},{"floor":13.0,"key":"MealTicket"},{"floor":18.0,"key":"Happy Flower"},{"floor":20.0,"key":"Ancient Tea Set"},{"floor":21.0,"key":"Sundial"},{"floor":22.0,"key":"Orichalcum"},{"floor":23.0,"key":"PreservedInsect"},{"floor":24.0,"key":"Pen Nib"},{"floor":25.0,"key":"Toy Ornithopter"},{"floor":26.0,"key":"Dream Catcher"},{"floor":28.0,"key":"MawBank"},{"floor":29.0,"key":"Question Card"},{"floor":30.0,"key":"Bag of Preparation"},{"floor":31.0,"key":"Vajra"},{"floor":35.0,"key":"Turnip"},{"floor":36.0,"key":"Tiny Chest"},{"floor":38.0,"key":"Bottled Flame"},{"floor":39.0,"key":"CeramicFish"},{"floor":40.0,"key":"InkBottle"},{"floor":41.0,"key":"Lantern"},{"floor":42.0,"key":"The Courier"},{"floor":43.0,"key":"Centennial Puzzle"},{"floor":44.0,"key":"Matryoshka"},{"floor":45.0,"key":"War Paint"},{"floor":45.0,"key":"Strawberry"},{"floor":46.0,"key":"Nunchaku"},{"floor":47.0,"key":"Whetstone"},{"floor":48.0,"key":"Mercury Hourglass"},{"floor":52.0,"key":"Pear"},{"floor":53.0,"key":"Odd Mushroom"},{"floor":54.0,"key":"WingedGreaves"},{"floor":60.0,"key":"Kunai"},{"floor":60.0,"key":"HornCleat"},{"floor":61.0,"key":"Meat on the Bone"},{"floor":64.0,"key":"StrikeDummy"},{"floor":65.0,"key":"Bird Faced Urn"},{"floor":69.0,"key":"Toxic Egg 2"},{"floor":75.0,"key":"Thread and Needle"},{"floor":78.0,"key":"Peace Pipe"},{"floor":79.0,"key":"Unceasing Top"},{"floor":81.0,"key":"Incense Burner"},{"floor":86.0,"key":"Gambling Chip"},{"floor":87.0,"key":"Girya"},{"floor":88.0,"key":"Calipers"},{"floor":89.0,"key":"Dead Branch"},{"floor":98.0,"key":"Circlet"},{"floor":99.0,"key":"Circlet"},{"floor":103.0,"key":"Bottled Lightning"},{"floor":105.0,"key":"Darkstone Periapt"},{"floor":114.0,"key":"Circlet"},{"floor":115.0,"key":"Circlet"},{"floor":116.0,"key":"Circlet"},{"floor":120.0,"key":"Circlet"},{"floor":122.0,"key":"Circlet"},{"floor":126.0,"key":"Circlet"},{"floor":133.0,"key":"Circlet"}],"event_choices":[{"damage_healed":0.0,"max_hp_gain":0.0,"max_hp_loss":0.0,"gold_gain":0.0,"event_name":"Shining Light","player_choice":"Entered Light","floor":2.0,"gold_loss":0.0,"damage_taken":16.0,"cards_upgraded":["Airhike","Airhike"]},{"damage_healed":0.0,"max_hp_gain":0.0,"max_hp_loss":0.0,"gold_gain":0.0,"event_name":"Scrap Ooze","player_choice":"Success","floor":5.0,"gold_loss":0.0,"damage_taken":3.0,"relics_obtained":["Art of War"]},{"cards_removed":["Airhike"],"damage_healed":0.0,"max_hp_gain":0.0,"max_hp_loss":0.0,"gold_gain":0.0,"event_name":"Back to Basics","player_choice":"Elegance","floor":27.0,"gold_loss":0.0,"damage_taken":0.0},{"damage_healed":0.0,"max_hp_gain":0.0,"max_hp_loss":0.0,"gold_gain":0.0,"event_name":"Winding Halls","player_choice":"Embrace Madness","floor":37.0,"gold_loss":0.0,"damage_taken":10.0,"cards_obtained":["Madness","Madness"]},{"damage_healed":0.0,"max_hp_gain":0.0,"max_hp_loss":0.0,"gold_gain":0.0,"event_name":"Mushrooms","player_choice":"Fought Mushrooms","floor":53.0,"gold_loss":0.0,"damage_taken":0.0},{"damage_healed":0.0,"max_hp_gain":0.0,"max_hp_loss":0.0,"gold_gain":275.0,"event_name":"Golden Shrine","player_choice":"Desecrate","floor":56.0,"gold_loss":0.0,"damage_taken":0.0,"cards_obtained":["Regret"]},{"damage_healed":0.0,"max_hp_gain":0.0,"max_hp_loss":0.0,"gold_gain":0.0,"event_name":"Addict","player_choice":"Obtained Relic","floor":70.0,"gold_loss":85.0,"damage_taken":0.0,"relics_obtained":["Torii"]},{"cards_removed":["Magnetism"],"damage_healed":0.0,"max_hp_gain":0.0,"max_hp_loss":0.0,"gold_gain":0.0,"event_name":"Falling","player_choice":"Removed Power","floor":97.0,"gold_loss":0.0,"damage_taken":0.0},{"damage_healed":0.0,"max_hp_gain":0.0,"max_hp_loss":0.0,"gold_gain":0.0,"event_name":"Liars Game","player_choice":"Ignored","floor":104.0,"gold_loss":0.0,"damage_taken":0.0},{"damage_healed":0.0,"max_hp_gain":0.0,"max_hp_loss":0.0,"gold_gain":0.0,"event_name":"Addict","player_choice":"Obtained Relic","floor":121.0,"gold_loss":85.0,"damage_taken":0.0,"relics_obtained":["Circlet"]}],"is_beta":false,"boss_relics":[{"not_picked":["Sozu","Snecko Eye"],"picked":"SlaversCollar"},{"not_picked":["Fusion Hammer","Coffee Dripper"],"picked":"Philosopher\u0027s Stone"},{"not_picked":["Calling Bell","Astrolabe"],"picked":"Busted Crown"},{"not_picked":["Velvet Choker","Coffee Dripper"],"picked":"Cursed Key"},{"not_picked":["Fusion Hammer","Calling Bell"],"picked":"Black Star"},{"not_picked":["Runic Pyramid","Snecko Eye"],"picked":"Astrolabe"},{"not_picked":["Calling Bell","Sozu"],"picked":"Tiny House"}],"items_purged_floors":[],"is_endless":true,"potions_floor_spawned":[3,7,10,11,12,13,16,18,20,21,22,23,24,28,29,30,31,33,35,36,38,39,40,42,44,46,47,48,50,52,53,54,57,59,61,62,63,64,65,67,69,71,73,74,75,76,77,78,79,81,82,84,86,87,88,89,92,94,98,99,101,103,105,106,109,111,113,114,115,116,118,120,122,123,125,126,128,131,132,133,135],"ascension_level":0}}