{"host":"f5gffvlv6a66yqkd","time":1612950615,"event":{"mods":["2.2 Compatiblity","BaseMod","Colored Map","Custom Start","DeckTracker","Keyboard Shortcuts","Minty Spire (QoL Compilation)","Permanent Neow","Quick Restart","Relic Stats","StSLib","SuperFastMode"],"gold_per_floor":[114,114,114,133,0,11,11,44,44,44,69,86,0,11,11,85,85,105,30,30,30,46,46,46,46,125,143,143,143,143,173,173,247,247,266,315,315,327,54,54,83,83,83,96,96,122,122,154,154,154,154],"floor_reached":50,"language":"KOR","playtime":1466,"items_purged":["Strike_P","BattleHymn+1"],"score":1354,"play_id":"985dc14e-7405-4cd7-90d0-5037b09fc708","local_time":"20210210185015","is_ascension_mode":true,"campfire_choices":[{"data":"Eruption","floor":7.0,"key":"SMITH"},{"data":"Wallop","floor":10.0,"key":"SMITH"},{"data":"MentalFortress","floor":15.0,"key":"SMITH"},{"data":"InnerPeace","floor":23.0,"key":"SMITH"},{"data":"Adaptation","floor":25.0,"key":"SMITH"},{"data":"Blasphemy","floor":28.0,"key":"SMITH"},{"data":"PathToVictory","floor":30.0,"key":"SMITH"},{"floor":32.0,"key":"RECALL"},{"data":"Ragnarok","floor":40.0,"key":"SMITH"},{"floor":42.0,"key":"REST"},{"floor":47.0,"key":"REST"},{"floor":49,"key":"REST"}],"circlet_count":0,"master_deck":["AscendersBane","Eruption+1","Vigilance","PathToVictory+1","Wallop+1","EmptyFist","PathToVictory","InnerPeace+1","MentalFortress+1","Adaptation+1","Blasphemy+1","FearNoEvil","Ragnarok+1","Indignation+1","Wireheading+1","Madness"],"relics":["PureWater","Torii","TeardropLocket","Nunchaku","VioletLotus","Bottled Lightning","Mercury Hourglass","Astrolabe","Girya","Medical Kit","Bag of Preparation","Akabeko","Blood Vial"],"acts_visited":["Exordium","TheCity","TheBeyond"],"potions_floor_usage":[50],"damage_taken":[{"damage":0.0,"enemies":"Small Slimes","floor":1.0,"turns":2.0},{"damage":2.0,"enemies":"2 Louse","floor":4.0,"turns":3.0},{"damage":0.0,"enemies":"Cultist","floor":6.0,"turns":3.0},{"damage":6.0,"enemies":"3 Sentries","floor":8.0,"turns":6.0},{"damage":16.0,"enemies":"Lagavulin","floor":11.0,"turns":4.0},{"damage":0.0,"enemies":"Blue Slaver","floor":12.0,"turns":2.0},{"damage":0.0,"enemies":"Lots of Slimes","floor":14.0,"turns":4.0},{"damage":0.0,"enemies":"Hexaghost","floor":16.0,"turns":6.0},{"damage":1.0,"enemies":"2 Thieves","floor":18.0,"turns":3.0},{"damage":6.0,"enemies":"Chosen","floor":22.0,"turns":4.0},{"damage":1.0,"enemies":"Snake Plant","floor":27.0,"turns":3.0},{"damage":15.0,"enemies":"Book of Stabbing","floor":31.0,"turns":4.0},{"damage":0.0,"enemies":"Collector","floor":33.0,"turns":5.0},{"damage":1.0,"enemies":"3 Darklings","floor":35.0,"turns":3.0},{"damage":0.0,"enemies":"2 Orb Walkers","floor":36.0,"turns":2.0},{"damage":0.0,"enemies":"Orb Walker","floor":38.0,"turns":1.0},{"damage":19.0,"enemies":"Reptomancer","floor":41.0,"turns":4.0},{"damage":0.0,"enemies":"Spire Growth","floor":44.0,"turns":2.0},{"damage":13.0,"enemies":"Nemesis","floor":46.0,"turns":3.0},{"damage":38,"enemies":"Reptomancer","floor":48,"turns":3},{"damage":41,"enemies":"Awakened One","floor":50,"turns":6}],"seed_played":"-3539984336057623121","potions_obtained":[{"floor":1.0,"key":"EssenceOfSteel"},{"floor":6.0,"key":"Strength Potion"},{"floor":8.0,"key":"DuplicationPotion"},{"floor":18.0,"key":"Swift Potion"},{"floor":36.0,"key":"Block Potion"},{"floor":44.0,"key":"Weak Potion"},{"floor":46.0,"key":"Dexterity Potion"},{"floor":48,"key":"Weak Potion"}],"is_trial":false,"path_per_floor":["M","?","?","M","$","M","R","E","T","R","E","M","$","M","R","B",null,"M","?","$","?","M","R","$","R","T","M","R","?","R","E","R","B",null,"M","?","?","M","$","R","E","R","T","M","?","E","R","E","R","B"],"character_chosen":"WATCHER","items_purchased":["PathToVictory","Adaptation","Medical Kit"],"campfire_rested":3,"item_purchase_floors":[5,13,39],"current_hp_per_floor":[61,41,41,39,39,39,39,33,33,33,17,17,17,17,17,17,55,54,54,54,54,48,48,48,48,48,47,47,47,47,32,32,32,59,58,58,48,48,48,48,29,49,49,49,49,36,56,18,38,0,0],"gold":154,"neow_bonus":"TRANSFORM_CARD","is_daily":false,"chose_seed":false,"campfire_upgraded":8,"win_rate":0.0,"timestamp":1612950615,"path_taken":["M","?","?","M","$","M","R","E","T","R","E","M","$","M","R","BOSS","M","?","?","?","?","R","$","R","T","M","R","?","R","E","R","BOSS","M","?","?","M","$","R","E","R","T","M","?","E","R","E","R","BOSS"],"items_purchased_type":["Card","Card","Relic"],"build_version":"2020-12-22","purchased_purges":2,"victory":false,"max_hp_per_floor":[68,68,68,68,68,68,68,68,68,68,68,68,68,68,68,68,68,68,68,68,68,68,68,68,68,68,68,68,68,68,68,68,68,68,68,68,68,68,68,68,68,68,68,68,68,68,68,68,68,68,68],"relic_stats":{"Blood Vial":2,"Nunchaku":[11],"Torii":5,"counters":[21,73],"Astrolabe":["BattleHymn","Indignation","Wireheading"],"VioletLotus":[57],"Bag of Preparation":[8],"Medical Kit":[5],"obtain_stats":[{"Girya":36,"Torii":8,"Astrolabe":34,"Bag of Preparation":41,"TeardropLocket":9,"Medical Kit":39,"Akabeko":46,"Mercury Hourglass":31,"Blood Vial":48,"Nunchaku":11,"VioletLotus":17,"Bottled Lightning":26,"PureWater":0},{"Girya":15,"Torii":4,"Astrolabe":13,"Bag of Preparation":17,"TeardropLocket":4,"Medical Kit":16,"Akabeko":19,"Mercury Hourglass":12,"Blood Vial":20,"Nunchaku":5,"VioletLotus":8,"Bottled Lightning":10,"PureWater":0},{"Girya":54,"Torii":14,"Astrolabe":49,"Bag of Preparation":59,"TeardropLocket":14,"Medical Kit":55,"Akabeko":64,"Mercury Hourglass":44,"Blood Vial":67,"Nunchaku":18,"VioletLotus":30,"Bottled Lightning":37,"PureWater":0}],"Mercury Hourglass":[159]},"card_choices":[{"not_picked":["LikeWater","ReachHeaven"],"picked":"PathToVictory","floor":1.0},{"not_picked":["DeceiveReality","FlyingSleeves"],"picked":"EmptyFist","floor":4.0},{"not_picked":["Fasting2","FlurryOfBlows"],"picked":"InnerPeace","floor":6.0},{"not_picked":["DeceiveReality","Sanctity","Omniscience"],"picked":"SKIP","floor":8.0},{"not_picked":["Wallop","FlurryOfBlows"],"picked":"MentalFortress","floor":11.0},{"not_picked":["SandsOfTime","Protect","Halt"],"picked":"SKIP","floor":12.0},{"not_picked":["FlurryOfBlows","BowlingBash","Crescendo"],"picked":"SKIP","floor":14.0},{"not_picked":["Crescendo","EmptyFist","FlurryOfBlows"],"picked":"SKIP","floor":18.0},{"not_picked":["EmptyBody","ClearTheMind","BowlingBash+1"],"picked":"SKIP","floor":22.0},{"not_picked":["EmptyBody","ClearTheMind","BowlingBash+1"],"picked":"SKIP","floor":22.0},{"not_picked":["Evaluate","ThirdEye"],"picked":"FearNoEvil","floor":27.0},{"not_picked":["Brilliance","LikeWater","BowlingBash"],"picked":"SKIP","floor":31.0},{"not_picked":["Alpha","Establishment"],"picked":"Ragnarok","floor":33.0},{"not_picked":["JustLucky+1","Worship","Wireheading+1"],"picked":"SKIP","floor":35.0},{"not_picked":["Panacea","Mind Blast"],"picked":"Madness","floor":37.0},{"not_picked":["Wireheading+1","WheelKick","ThirdEye"],"picked":"SKIP","floor":38.0},{"not_picked":["CutThroughFate","SandsOfTime+1","Fasting2"],"picked":"SKIP","floor":41.0},{"not_picked":["CrushJoints","ThirdEye","EmptyBody"],"picked":"SKIP","floor":44.0},{"not_picked":["FollowUp","LessonLearned","LikeWater"],"picked":"SKIP","floor":46.0},{"not_picked":["SashWhip","SandsOfTime","EmptyBody"],"picked":"SKIP","floor":48}],"player_experience":1449961,"relics_obtained":[{"floor":8.0,"key":"Torii"},{"floor":9.0,"key":"TeardropLocket"},{"floor":11.0,"key":"Nunchaku"},{"floor":26.0,"key":"Bottled Lightning"},{"floor":31.0,"key":"Mercury Hourglass"},{"floor":36.0,"key":"Girya"},{"floor":41.0,"key":"Bag of Preparation"},{"floor":46.0,"key":"Akabeko"},{"floor":48,"key":"Blood Vial"}],"event_choices":[{"damage_healed":0.0,"max_hp_gain":0.0,"max_hp_loss":0.0,"gold_gain":0.0,"event_name":"Shining Light","player_choice":"Entered Light","floor":2.0,"gold_loss":0.0,"damage_taken":20.0,"cards_upgraded":["Strike_P","Defend_P"]},{"damage_healed":0.0,"max_hp_gain":0.0,"max_hp_loss":0.0,"gold_gain":0.0,"cards_transformed":["Defend_P"],"event_name":"Living Wall","player_choice":"Change","floor":3.0,"gold_loss":0.0,"damage_taken":0.0,"cards_obtained":["Wallop"]},{"damage_healed":0.0,"max_hp_gain":0.0,"max_hp_loss":0.0,"gold_gain":0.0,"cards_transformed":["Strike_P","Strike_P"],"event_name":"Designer","player_choice":"Transformed Cards","floor":19.0,"gold_loss":75.0,"damage_taken":0.0,"cards_obtained":["Blasphemy","ClearTheMind"]},{"cards_removed":["Defend_P"],"damage_healed":0.0,"max_hp_gain":0.0,"max_hp_loss":0.0,"gold_gain":0.0,"event_name":"Purifier","player_choice":"Purged","floor":21.0,"gold_loss":0.0,"damage_taken":0.0},{"cards_removed":["Strike_P"],"damage_healed":0.0,"max_hp_gain":0.0,"max_hp_loss":0.0,"gold_gain":0.0,"event_name":"Wheel of Change","player_choice":"Card Removal","floor":29.0,"gold_loss":0.0,"damage_taken":0.0},{"damage_healed":0.0,"max_hp_gain":0.0,"max_hp_loss":0.0,"gold_gain":0.0,"event_name":"Mysterious Sphere","player_choice":"Fight","floor":36.0,"gold_loss":0.0,"damage_taken":0.0},{"damage_healed":0.0,"max_hp_gain":0.0,"max_hp_loss":0.0,"gold_gain":0.0,"event_name":"SensoryStone","player_choice":"Memory 3","floor":37.0,"gold_loss":0.0,"damage_taken":10.0},{"damage_healed":0.0,"max_hp_gain":0.0,"max_hp_loss":0.0,"gold_gain":0.0,"event_name":"Tomb of Lord Red Mask","player_choice":"Ignored","floor":45.0,"gold_loss":0.0,"damage_taken":0.0}],"is_beta":false,"boss_relics":[{"not_picked":["Fusion Hammer","SlaversCollar"],"picked":"VioletLotus"},{"not_picked":["Tiny House","Coffee Dripper"],"picked":"Astrolabe"}],"items_purged_floors":[5,39],"is_endless":false,"potions_floor_spawned":[1,6,8,14,18,27,31,36,44,46,48],"killed_by":"Awakened One","ascension_level":20}}