{"host":"it04jaz8eul1eh3d","time":1612971578,"event":{"mods":["AchievementEnabler","BaseMod","Colored Map","DeckTracker","Keyboard Shortcuts","Minty Spire (QoL Compilation)","SuperFastMode"],"gold_per_floor":[114,127,28,103,103,133,83,111,111,146,158,96,107,118,118,222,222,235,235,253,85,100,128,128,3,3,3,103,115,115,149,149,248,298,310,360,360,163,183,183,33,48,119,119,139,139,139],"floor_reached":46,"language":"KOR","playtime":1275,"items_purged":["Strike_G","Strike_G","Strike_G","Defend_G"],"score":576,"play_id":"69a15a1f-b51a-45a6-b8d4-cbe43b3b549c","local_time":"20210211003938","is_ascension_mode":true,"campfire_choices":[{"floor":11,"key":"REST"},{"data":"Noxious Fumes","floor":15,"key":"SMITH"},{"floor":24,"key":"REST"},{"floor":27,"key":"REST"},{"data":"Catalyst","floor":30,"key":"SMITH"},{"data":"Crippling Poison","floor":32,"key":"SMITH"},{"floor":40,"key":"REST"},{"data":"Calculated Gamble","floor":44,"key":"SMITH"}],"circlet_count":0,"master_deck":["Strike_G","Strike_G","Defend_G","Defend_G","Defend_G+1","Survivor","Neutralize","Deadly Poison","Crippling Poison+1","Flying Knee+1","Poisoned Stab+1","Bouncing Flask","Flying Knee+1","Noxious Fumes+1","Adrenaline","All Out Attack+1","Neutralize+1","Bane+1","Crippling Poison","Backflip","Catalyst+1","Flying Knee+1","Backflip+1","Corpse Explosion","Deadly Poison+1","Prepared+1","Calculated Gamble+1","Dodge and Roll+1","Deadly Poison"],"relics":["Ring of the Snake","NeowsBlessing","Molten Egg 2","Ancient Tea Set","Ornamental Fan","MawBank","Black Star","Anchor","Boot","Prayer Wheel","Art of War","Pen Nib","Tiny House","Calipers","Shuriken","InkBottle"],"acts_visited":["Exordium","TheCity","TheBeyond"],"potions_floor_usage":[23,23],"damage_taken":[{"damage":0,"enemies":"2 Louse","floor":1,"turns":1},{"damage":0,"enemies":"Jaw Worm","floor":2,"turns":1},{"damage":0,"enemies":"3 Sentries","floor":6,"turns":2},{"damage":37,"enemies":"Gremlin Nob","floor":8,"turns":5},{"damage":0,"enemies":"Lagavulin","floor":10,"turns":6},{"damage":0,"enemies":"Small Slimes","floor":13,"turns":3},{"damage":0,"enemies":"Blue Slaver","floor":14,"turns":4},{"damage":21,"enemies":"Hexaghost","floor":16,"turns":7},{"damage":13,"enemies":"Spheric Guardian","floor":18,"turns":4},{"damage":8,"enemies":"Shell Parasite","floor":20,"turns":4},{"damage":23,"enemies":"Snake Plant","floor":22,"turns":4},{"damage":22,"enemies":"Book of Stabbing","floor":23,"turns":6},{"damage":6,"enemies":"Snecko","floor":29,"turns":3},{"damage":6,"enemies":"Gremlin Leader","floor":31,"turns":5},{"damage":31,"enemies":"Champ","floor":33,"turns":11},{"damage":38,"enemies":"3 Darklings","floor":35,"turns":5},{"damage":20,"enemies":"Mind Bloom Boss Battle","floor":36,"turns":7},{"damage":13,"enemies":"3 Shapes","floor":39,"turns":3},{"damage":0,"enemies":"3 Darklings","floor":42,"turns":2},{"damage":2,"enemies":"Maw","floor":45,"turns":5},{"damage":39,"enemies":"Spire Growth","floor":46,"turns":5}],"seed_played":"-3985816167036529357","potions_obtained":[{"floor":2,"key":"AttackPotion"},{"floor":6,"key":"SkillPotion"},{"floor":14,"key":"Explosive Potion"},{"floor":31,"key":"Weak Potion"},{"floor":34,"key":"Strength Potion"}],"is_trial":false,"path_per_floor":["M","M","$","?","?","E","?","E","T","E","R","$","M","M","R","B",null,"M","?","M","$","M","E","R","$","T","R","?","M","R","E","R","B",null,"M","?","?","$","M","R","$","M","T","R","M","M"],"character_chosen":"THE_SILENT","items_purchased":["Deadly Poison","Bouncing Flask","Crippling Poison","Catalyst","Flying Knee+1","Calculated Gamble"],"campfire_rested":4,"item_purchase_floors":[3,12,21,25,25,38],"current_hp_per_floor":[70,70,70,59,64,64,64,27,27,27,49,49,49,49,49,28,75,62,62,54,54,31,9,31,31,31,53,53,47,47,41,41,10,80,42,22,22,22,9,33,33,33,33,33,31,0,0],"gold":139,"neow_bonus":"THREE_ENEMY_KILL","is_daily":false,"chose_seed":false,"campfire_upgraded":4,"win_rate":0.0,"timestamp":1612971578,"path_taken":["M","M","$","?","?","E","?","E","T","E","R","$","M","M","R","BOSS","M","?","?","$","M","E","R","$","T","R","?","?","R","E","R","BOSS","M","?","?","$","M","R","$","M","T","R","M","M"],"items_purchased_type":["Card","Card","Card","Card","Card","Card"],"build_version":"2020-12-22","purchased_purges":4,"victory":false,"max_hp_per_floor":[70,70,70,70,75,75,75,75,75,75,75,75,75,75,75,75,75,75,75,75,75,75,75,75,75,75,75,75,75,75,75,75,75,80,80,80,80,80,80,80,80,80,80,80,80,80,80],"card_choices":[{"not_picked":["Underhanded Strike","Concentrate","PiercingWail"],"picked":"SKIP","floor":1},{"not_picked":["Setup","Tactician","Flying Knee"],"picked":"SKIP","floor":2},{"not_picked":["PiercingWail","Deflect"],"picked":"Crippling Poison","floor":6},{"not_picked":["Tools of the Trade","Footwork"],"picked":"Flying Knee+1","floor":8},{"not_picked":["Leg Sweep","Underhanded Strike+1"],"picked":"Poisoned Stab+1","floor":10},{"not_picked":["Sucker Punch+1","Endless Agony+1"],"picked":"Flying Knee+1","floor":13},{"not_picked":["Backstab+1","Leg Sweep"],"picked":"Noxious Fumes","floor":14},{"not_picked":["Tools of the Trade","Doppelganger"],"picked":"Adrenaline","floor":16},{"not_picked":["Dodge and Roll","Cloak And Dagger"],"picked":"All Out Attack+1","floor":18},{"not_picked":["Sucker Punch+1","Cloak And Dagger"],"picked":"Bane+1","floor":20},{"not_picked":["Dagger Throw+1","Setup","Predator+1"],"picked":"SKIP","floor":22},{"not_picked":["Well Laid Plans","Bullet Time"],"picked":"Backflip","floor":23},{"not_picked":["Choke+1","Skewer+1"],"picked":"Backflip+1","floor":29},{"not_picked":["Choke+1","Dodge and Roll","Poisoned Stab+1"],"picked":"SKIP","floor":29},{"not_picked":["A Thousand Cuts","Dagger Throw+1","Infinite Blades"],"picked":"SKIP","floor":31},{"not_picked":["Venomology","After Image"],"picked":"Corpse Explosion","floor":33},{"not_picked":["Choke+1","Dagger Spray+1"],"picked":"Deadly Poison+1","floor":35},{"not_picked":["Sucker Punch+1","Quick Slash+1"],"picked":"Prepared+1","floor":35},{"not_picked":["Calculated Gamble","Quick Slash+1"],"picked":"Dodge and Roll+1","floor":39},{"not_picked":["Setup","Acrobatics+1","Expertise"],"picked":"SKIP","floor":39},{"not_picked":["Expertise+1","Backflip","Underhanded Strike+1"],"picked":"SKIP","floor":42},{"not_picked":["Skewer+1","Endless Agony+1","Outmaneuver"],"picked":"SKIP","floor":42},{"not_picked":["Prepared","Bane+1"],"picked":"Deadly Poison","floor":45},{"not_picked":["Choke+1","Blade Dance+1","Reflex+1"],"picked":"SKIP","floor":45}],"player_experience":163172,"relics_obtained":[{"floor":6,"key":"Molten Egg 2"},{"floor":8,"key":"Ancient Tea Set"},{"floor":9,"key":"Ornamental Fan"},{"floor":10,"key":"MawBank"},{"floor":23,"key":"Anchor"},{"floor":23,"key":"Boot"},{"floor":26,"key":"Prayer Wheel"},{"floor":31,"key":"Art of War"},{"floor":31,"key":"Pen Nib"},{"floor":36,"key":"Calipers"},{"floor":37,"key":"Shuriken"},{"floor":43,"key":"InkBottle"}],"event_choices":[{"damage_healed":0,"gold_gain":75,"player_choice":"Gather Gold","damage_taken":11,"max_hp_gain":0,"max_hp_loss":0,"event_name":"World of Goop","floor":4,"gold_loss":0},{"damage_healed":0,"gold_gain":0,"player_choice":"Donut","damage_taken":0,"max_hp_gain":5,"max_hp_loss":0,"event_name":"Big Fish","floor":5,"gold_loss":0},{"cards_removed":["Defend_G"],"damage_healed":0,"gold_gain":0,"player_choice":"Card Removal","damage_taken":0,"max_hp_gain":0,"max_hp_loss":0,"event_name":"The Cleric","floor":7,"gold_loss":50},{"damage_healed":0,"gold_gain":0,"player_choice":"1 cards matched","damage_taken":0,"max_hp_gain":0,"max_hp_loss":0,"event_name":"Match and Keep!","floor":19,"gold_loss":0,"cards_obtained":["Neutralize"]},{"damage_healed":0,"gold_gain":100,"player_choice":"Pray","damage_taken":0,"max_hp_gain":0,"max_hp_loss":0,"event_name":"Golden Shrine","floor":28,"gold_loss":0},{"damage_healed":0,"gold_gain":0,"player_choice":"Fight","damage_taken":0,"max_hp_gain":0,"max_hp_loss":0,"event_name":"MindBloom","floor":36,"gold_loss":0},{"damage_healed":0,"gold_gain":0,"player_choice":"Relic","damage_taken":0,"max_hp_gain":0,"max_hp_loss":0,"event_name":"Wheel of Change","floor":37,"gold_loss":0}],"is_beta":false,"boss_relics":[{"not_picked":["Pandora\u0027s Box","Velvet Choker"],"picked":"Black Star"},{"not_picked":["Coffee Dripper","Cursed Key"],"picked":"Tiny House"}],"items_purged_floors":[3,21,38,41],"is_endless":false,"potions_floor_spawned":[2,6,14,16,18,20,31,36,39],"killed_by":"Spire Growth","ascension_level":1}}