{"host":"8rgpnls124hwjv5t","time":1612915741,"event":{"mods":["BaseMod","Colored Map","Colored Powertips","DeckTracker","Highlight Path","Minty Spire (QoL Compilation)","Permanent Neow","Quick Restart","Relic Stats","Shop Mod","StSLib"],"gold_per_floor":[118,135,100,114,138,138,54,54,54,88,88,113,124,141,141,215,215,235,235,235,248,248,248,275,275,301,301,301],"floor_reached":27,"language":"ENG","playtime":946,"items_purged":[],"score":430,"play_id":"471a0d44-aa3c-4bb8-ae26-701eb4dcd7e3","local_time":"20210209190901","is_ascension_mode":true,"campfire_choices":[{"data":"Finesse","floor":6,"key":"SMITH"},{"data":"Creative AI","floor":8,"key":"SMITH"},{"data":"Zap","floor":11,"key":"SMITH"},{"floor":15,"key":"REST"},{"floor":23,"key":"REST"},{"floor":25,"key":"REST"}],"circlet_count":0,"master_deck":["AscendersBane","Strike_B","Strike_B","Strike_B","Defend_B","Defend_B","Defend_B","Zap+1","Dualcast","Finesse+1","Ball Lightning","Reinforced Body","White Noise","Creative AI+1","Gash","Scrape","Turbo","Buffer+1","Cold Snap+1","Necronomicurse","Cold Snap+1","Static Discharge+1","Ball Lightning","Double Energy"],"relics":["Cracked Core","Akabeko","Shuriken","Kunai","Frozen Egg 2","SlaversCollar","Necronomicon","Ancient Tea Set","DataDisk"],"acts_visited":["Exordium","TheCity"],"potions_floor_usage":[10,16,18,27],"damage_taken":[{"damage":2,"enemies":"2 Louse","floor":1,"turns":2},{"damage":7,"enemies":"Jaw Worm","floor":2,"turns":3},{"damage":5,"enemies":"Cultist","floor":4,"turns":4},{"damage":2,"enemies":"Lagavulin","floor":10,"turns":6},{"damage":26,"enemies":"3 Sentries","floor":12,"turns":7},{"damage":2,"enemies":"3 Louse","floor":13,"turns":2},{"damage":12,"enemies":"Looter","floor":14,"turns":3},{"damage":22,"enemies":"Slime Boss","floor":16,"turns":7},{"damage":15,"enemies":"Shell Parasite","floor":18,"turns":5},{"damage":11,"enemies":"Spheric Guardian","floor":21,"turns":4},{"damage":32,"enemies":"Book of Stabbing","floor":24,"turns":5},{"damage":22,"enemies":"Slavers","floor":27,"turns":2}],"seed_played":"216447772451873967","potions_obtained":[{"floor":1,"key":"Dexterity Potion"},{"floor":2,"key":"Energy Potion"},{"floor":10,"key":"Weak Potion"},{"floor":18,"key":"FearPotion"}],"is_trial":false,"path_per_floor":["M","M","?","M","T","R","$","R","T","E","R","E","M","M","R","B",null,"M","?","?","M","?","R","E","R","T","E"],"character_chosen":"DEFECT","items_purchased":["Creative AI"],"campfire_rested":3,"item_purchase_floors":[7],"current_hp_per_floor":[62,55,71,66,66,66,66,66,66,64,64,38,36,24,45,23,59,44,23,23,12,12,33,1,22,22,0,0],"gold":301,"neow_bonus":"RANDOM_COLORLESS","is_daily":false,"chose_seed":false,"campfire_upgraded":3,"win_rate":0.0,"timestamp":1612915741,"path_taken":["M","M","?","M","?","R","$","R","T","E","R","E","M","M","R","BOSS","M","?","?","M","?","R","E","R","T","E"],"items_purchased_type":["Card"],"build_version":"2020-12-22","purchased_purges":0,"victory":false,"max_hp_per_floor":[71,71,71,71,71,71,71,71,71,71,71,71,71,71,71,71,71,71,71,71,71,71,71,71,71,71,71,71],"relic_stats":{"counters":[12,49],"Shuriken":[5],"Necronomicon":[0],"Kunai":[5],"obtain_stats":[{"SlaversCollar":17,"DataDisk":26,"Shuriken":9,"Necronomicon":19,"Kunai":10,"Frozen Egg 2":12,"Cracked Core":0,"Ancient Tea Set":24,"Akabeko":5},{"SlaversCollar":8,"DataDisk":11,"Shuriken":3,"Necronomicon":9,"Kunai":4,"Frozen Egg 2":5,"Cracked Core":0,"Ancient Tea Set":11,"Akabeko":3},{"SlaversCollar":33,"DataDisk":47,"Shuriken":9,"Necronomicon":38,"Kunai":15,"Frozen Egg 2":21,"Cracked Core":0,"Ancient Tea Set":47,"Akabeko":9}]},"card_choices":[{"not_picked":["Purity","Mind Blast"],"picked":"Finesse","floor":0},{"not_picked":["Barrage","Go for the Eyes"],"picked":"Ball Lightning","floor":1},{"not_picked":["Steam Power","Lockon"],"picked":"Reinforced Body","floor":2},{"not_picked":["Beam Cell","Rebound"],"picked":"White Noise","floor":4},{"not_picked":["Redo","White Noise"],"picked":"Gash","floor":10},{"not_picked":["Leap","Stack"],"picked":"Scrape","floor":12},{"not_picked":["Genetic Algorithm","Chill","Sunder"],"picked":"SKIP","floor":13},{"not_picked":["Leap","Rebound"],"picked":"Turbo","floor":14},{"not_picked":["Echo Form+1","Rainbow"],"picked":"Buffer+1","floor":16},{"not_picked":["Turbo","Steam"],"picked":"Cold Snap+1","floor":18},{"not_picked":["Auto Shields","Fusion+1"],"picked":"Cold Snap+1","floor":21},{"not_picked":["Melter","Skim"],"picked":"Double Energy","floor":24}],"player_experience":542346,"relics_obtained":[{"floor":5,"key":"Akabeko"},{"floor":9,"key":"Shuriken"},{"floor":10,"key":"Kunai"},{"floor":12,"key":"Frozen Egg 2"},{"floor":19,"key":"Necronomicon"},{"floor":24,"key":"Ancient Tea Set"},{"floor":26,"key":"DataDisk"}],"event_choices":[{"damage_healed":17,"gold_gain":0,"player_choice":"Healed","damage_taken":0,"max_hp_gain":0,"max_hp_loss":0,"event_name":"The Cleric","floor":3,"gold_loss":35},{"damage_healed":0,"gold_gain":0,"player_choice":"Obtained Book","damage_taken":21,"max_hp_gain":0,"max_hp_loss":0,"event_name":"Cursed Tome","floor":19,"gold_loss":0},{"damage_healed":0,"gold_gain":0,"player_choice":"Ignored","damage_taken":0,"max_hp_gain":0,"max_hp_loss":0,"event_name":"Ghosts","floor":20,"gold_loss":0},{"damage_healed":0,"gold_gain":0,"cards_transformed":["Defend_B","Strike_B"],"player_choice":"Became Test Subject","damage_taken":0,"max_hp_gain":0,"max_hp_loss":0,"event_name":"Drug Dealer","floor":22,"gold_loss":0,"cards_obtained":["Static Discharge","Ball Lightning"]}],"is_beta":false,"boss_relics":[{"not_picked":["Busted Crown","Nuclear Battery"],"picked":"SlaversCollar"}],"items_purged_floors":[],"is_endless":false,"potions_floor_spawned":[1,2,10,18],"killed_by":"Slavers","ascension_level":16}}