{"host":"d744ndivyohnro60","time":1612920780,"event":{"mods":["BaseMod","Bestiary","Colored Powertips","Minty Spire (QoL Compilation)","Relic Stats"],"gold_per_floor":[99,99,99,99,99,99,99,99,99,99,99,99,99,99,99,99,99,99,99,99,99,0,0,0,0,0,0,0,0,0,0,0,0,0],"floor_reached":33,"language":"ENG","playtime":2380,"items_purged":[],"score":363,"play_id":"172d8551-d615-4a2f-bf7a-871be98a7fda","local_time":"20210209203300","is_ascension_mode":true,"campfire_choices":[{"data":"Dualcast","floor":6,"key":"SMITH"},{"data":"Zap","floor":13,"key":"SMITH"},{"floor":15,"key":"REST"},{"data":"Buffer","floor":23,"key":"SMITH"},{"floor":29,"key":"REST"},{"floor":32,"key":"REST"}],"circlet_count":0,"master_deck":["Strike_B","Strike_B","Defend_B+1","Defend_B","Defend_B","Defend_B","Zap+1","Dualcast+1","Gash","Blizzard","Injury","Tempest","Core Surge","FTL","Buffer+1","Cold Snap","Cold Snap","Heatsinks","Conserve Battery","Tempest","Shame","Core Surge","Cold Snap"],"relics":["Ectoplasm","CultistMask","Golden Idol","Bronze Scales","Symbiotic Virus","Mercury Hourglass","Tiny House","CaptainsWheel","HornCleat","InkBottle","Singing Bowl","Frozen Egg 2"],"acts_visited":["Exordium","TheCity"],"potions_floor_usage":[4,4,10,12,16,18,25,28,29,31],"damage_taken":[{"damage":3,"enemies":"Jaw Worm","floor":1,"turns":5},{"damage":6,"enemies":"Cultist","floor":2,"turns":4},{"damage":4,"enemies":"Small Slimes","floor":4,"turns":3},{"damage":0,"enemies":"3 Louse","floor":10,"turns":2},{"damage":2,"enemies":"Gremlin Nob","floor":12,"turns":3},{"damage":0,"enemies":"2 Fungi Beasts","floor":14,"turns":2},{"damage":28,"enemies":"The Guardian","floor":16,"turns":9},{"damage":6,"enemies":"3 Byrds","floor":18,"turns":3},{"damage":32,"enemies":"Book of Stabbing","floor":25,"turns":5},{"damage":0,"enemies":"Shell Parasite","floor":28,"turns":4},{"damage":21,"enemies":"Gremlin Leader","floor":31,"turns":5},{"damage":78,"enemies":"Champ","floor":33,"turns":13}],"seed_played":"-3367512756627577936","potions_obtained":[{"floor":2,"key":"EntropicBrew"},{"floor":10,"key":"FearPotion"},{"floor":14,"key":"Ancient Potion"},{"floor":16,"key":"SteroidPotion"},{"floor":17,"key":"ColorlessPotion"},{"floor":18,"key":"PowerPotion"},{"floor":25,"key":"Strength Potion"},{"floor":28,"key":"Fruit Juice"}],"is_trial":false,"path_per_floor":["M","M","?","M","?","R","?","?","T","M","?","E","R","M","R","B",null,"M","?","?","?","?","R","$","E","T","?","M","R","T","E","R","B"],"character_chosen":"DEFECT","items_purchased":[],"campfire_rested":3,"item_purchase_floors":[],"current_hp_per_floor":[65,59,59,55,55,55,55,48,48,48,48,46,46,46,68,40,71,65,65,65,65,65,65,65,33,33,33,33,62,62,41,66,0,0],"gold":0,"neow_bonus":"BOSS_RELIC","is_daily":false,"chose_seed":false,"campfire_upgraded":3,"win_rate":0.0,"timestamp":1612920780,"path_taken":["M","M","?","?","?","R","?","?","T","M","?","E","R","M","R","BOSS","M","?","?","?","?","R","$","E","T","?","M","R","?","E","R","BOSS"],"items_purchased_type":[],"build_version":"2020-12-22","purchased_purges":0,"victory":false,"max_hp_per_floor":[75,75,75,75,75,75,75,75,75,75,75,75,75,75,75,75,80,80,80,80,80,80,80,80,80,80,80,80,85,85,85,85,85,85],"relic_stats":{"Singing Bowl":0,"counters":[12,58],"Golden Idol":73,"Bronze Scales":[139],"Ectoplasm":577,"obtain_stats":[{"Tiny House":17,"Singing Bowl":30,"Golden Idol":5,"Frozen Egg 2":31,"Mercury Hourglass":12,"CaptainsWheel":25,"HornCleat":26,"Bronze Scales":8,"Ectoplasm":0,"CultistMask":3,"Cracked Core":0,"Symbiotic Virus":9,"InkBottle":27},{"Tiny House":7,"Singing Bowl":10,"Golden Idol":3,"Frozen Egg 2":11,"Mercury Hourglass":5,"CaptainsWheel":9,"HornCleat":9,"Bronze Scales":3,"Ectoplasm":0,"CultistMask":2,"Cracked Core":0,"Symbiotic Virus":3,"InkBottle":9},{"Tiny House":28,"Singing Bowl":40,"Golden Idol":12,"Frozen Egg 2":45,"Mercury Hourglass":17,"CaptainsWheel":36,"HornCleat":36,"Bronze Scales":12,"Ectoplasm":0,"CultistMask":9,"Cracked Core":0,"Symbiotic Virus":12,"InkBottle":36}],"InkBottle":[8],"Mercury Hourglass":[105]},"card_choices":[{"not_picked":["Go for the Eyes","Sweeping Beam"],"picked":"Gash","floor":1},{"not_picked":["Rebound","Storm","Barrage"],"picked":"SKIP","floor":2},{"not_picked":["Compile Driver","Recycle"],"picked":"Blizzard","floor":4},{"not_picked":["Ball Lightning","Storm"],"picked":"Tempest","floor":10},{"not_picked":["Glacier","Force Field"],"picked":"Core Surge","floor":12},{"not_picked":["Force Field","Reprogram"],"picked":"FTL","floor":14},{"not_picked":["Electrodynamics","Biased Cognition"],"picked":"Buffer","floor":16},{"not_picked":["Turbo","Compile Driver"],"picked":"Cold Snap","floor":17},{"not_picked":["White Noise","Streamline"],"picked":"Cold Snap","floor":18},{"not_picked":["Redo","Darkness"],"picked":"Tempest","floor":25},{"not_picked":["Go for the Eyes","Rebound"],"picked":"Core Surge","floor":28},{"not_picked":["Reprogram","Go for the Eyes+1"],"picked":"Cold Snap","floor":31}],"player_experience":225746,"relics_obtained":[{"floor":9,"key":"Symbiotic Virus"},{"floor":12,"key":"Mercury Hourglass"},{"floor":25,"key":"CaptainsWheel"},{"floor":26,"key":"HornCleat"},{"floor":30,"key":"Singing Bowl"},{"floor":31,"key":"Frozen Egg 2"}],"event_choices":[{"damage_healed":0,"gold_gain":0,"player_choice":"Trade","damage_taken":0,"relics_obtained":["CultistMask"],"max_hp_gain":0,"max_hp_loss":0,"event_name":"FaceTrader","floor":3,"gold_loss":0},{"damage_healed":0,"gold_gain":0,"player_choice":"Take Wound","damage_taken":0,"relics_obtained":["Golden Idol"],"max_hp_gain":0,"max_hp_loss":0,"event_name":"Golden Idol","floor":5,"gold_loss":0,"cards_obtained":["Injury"]},{"damage_healed":0,"gold_gain":0,"player_choice":"Ignored","damage_taken":0,"max_hp_gain":0,"max_hp_loss":0,"event_name":"Liars Game","floor":7,"gold_loss":0},{"damage_healed":0,"gold_gain":0,"player_choice":"Success","damage_taken":7,"relics_obtained":["Bronze Scales"],"max_hp_gain":0,"max_hp_loss":0,"event_name":"Scrap Ooze","floor":8,"gold_loss":0},{"damage_healed":0,"gold_gain":0,"player_choice":"Ignored","damage_taken":0,"max_hp_gain":0,"max_hp_loss":0,"event_name":"Shining Light","floor":11,"gold_loss":0},{"damage_healed":0,"gold_gain":99,"player_choice":"Stole From Cult","damage_taken":0,"max_hp_gain":0,"max_hp_loss":0,"event_name":"Nest","floor":19,"gold_loss":0},{"damage_healed":0,"gold_gain":0,"cards_transformed":["Strike_B","Strike_B"],"player_choice":"Became Test Subject","damage_taken":0,"max_hp_gain":0,"max_hp_loss":0,"event_name":"Drug Dealer","floor":20,"gold_loss":0,"cards_obtained":["Heatsinks","Conserve Battery"]},{"damage_healed":0,"gold_gain":0,"player_choice":"Ignored","damage_taken":0,"max_hp_gain":0,"max_hp_loss":0,"event_name":"Ghosts","floor":21,"gold_loss":0},{"damage_healed":0,"gold_gain":0,"player_choice":"Paid Fearfully","damage_taken":0,"max_hp_gain":0,"max_hp_loss":0,"event_name":"Masked Bandits","floor":22,"gold_loss":99},{"damage_healed":0,"gold_gain":0,"player_choice":"Stole Relic","damage_taken":0,"relics_obtained":["InkBottle"],"max_hp_gain":0,"max_hp_loss":0,"event_name":"Addict","floor":27,"gold_loss":0,"cards_obtained":["Shame"]}],"is_beta":false,"boss_relics":[{"not_picked":["Runic Dome","Snecko Eye"],"picked":"Tiny House"}],"items_purged_floors":[],"is_endless":false,"potions_floor_spawned":[2,10,14,16,18,25,28],"killed_by":"Champ","ascension_level":6}}