{"host":"aw6ta4ll26ap9lu8","time":1612919523,"event":{"mods":["AchievementEnabler","AlwaysNeverKeys","BaseMod","Bestiary","Block Reminder","Colored Map","Colored Powertips","Dark Map","DeckTracker","Highlight Path","Minty Spire (QoL Compilation)","Permanent Neow","Quick Restart","Relic Stats","StSLib"],"gold_per_floor":[117,117,42,42,52,77,77,41,41,53,53,53,67,82,82,164,164,180,95,95,95,20,20,20,20,20],"floor_reached":25,"language":"ENG","playtime":466,"items_purged":["Defend_P"],"score":420,"play_id":"da6190f3-9d61-40bb-af82-f2f939e8086f","local_time":"20210209201203","is_ascension_mode":true,"campfire_choices":[{"floor":7.0,"key":"REST"},{"data":"Eruption","floor":12.0,"key":"SMITH"},{"data":"Tantrum","floor":15.0,"key":"SMITH"},{"data":"Devotion","floor":23.0,"key":"SMITH"}],"circlet_count":0,"master_deck":["AscendersBane","Strike_P","Strike_P","Defend_P","Eruption+1","BattleHymn","Tantrum+1","Devotion+1"],"relics":["PureWater","CultistMask","Regal Pillow","CeramicFish","Empty Cage","Dream Catcher"],"acts_visited":["Exordium","TheCity"],"potions_floor_usage":[25],"damage_taken":[{"damage":2.0,"enemies":"Jaw Worm","floor":1.0,"turns":3.0},{"damage":0.0,"enemies":"Cultist","floor":5.0,"turns":2.0},{"damage":60.0,"enemies":"3 Sentries","floor":6.0,"turns":6.0},{"damage":0.0,"enemies":"2 Louse","floor":10.0,"turns":2.0},{"damage":0.0,"enemies":"2 Fungi Beasts","floor":13.0,"turns":2.0},{"damage":5.0,"enemies":"Looter","floor":14.0,"turns":2.0},{"damage":0.0,"enemies":"Slime Boss","floor":16.0,"turns":4.0},{"damage":12.0,"enemies":"3 Byrds","floor":18.0,"turns":3.0},{"damage":62,"enemies":"Slavers","floor":25,"turns":3}],"seed_played":"439576736862012287","potions_obtained":[{"floor":10.0,"key":"Swift Potion"},{"floor":13.0,"key":"Block Potion"},{"floor":18.0,"key":"Block Potion"}],"is_trial":false,"path_per_floor":["M","?","$","?","M","E","R","$","T","M","$","R","M","M","R","B",null,"M","?","?","?","?","R","$","E"],"character_chosen":"WATCHER","items_purchased":["Tantrum"],"campfire_rested":1,"item_purchase_floors":[8],"current_hp_per_floor":[59,64,64,64,64,4,40,40,40,40,40,40,40,35,35,35,64,52,52,52,52,52,52,52,0,0],"gold":20,"neow_bonus":"REMOVE_CARD","is_daily":false,"chose_seed":false,"campfire_upgraded":3,"win_rate":0.0,"timestamp":1612919523,"path_taken":["M","?","$","?","?","E","R","?","T","M","$","R","M","M","R","BOSS","M","?","?","?","?","R","$","E"],"items_purchased_type":["Card"],"build_version":"2020-12-22","purchased_purges":1,"victory":false,"max_hp_per_floor":[68,73,73,73,73,73,73,73,73,73,73,73,73,73,73,73,73,73,73,73,73,73,73,73,73,73],"relic_stats":{"Regal Pillow":15,"Dream Catcher":0,"counters":[9,27],"CeramicFish":9,"obtain_stats":[{"Regal Pillow":6,"Dream Catcher":19,"CeramicFish":9,"CultistMask":4,"PureWater":0,"Empty Cage":17},{"Regal Pillow":3,"Dream Catcher":8,"CeramicFish":3,"CultistMask":1,"PureWater":0,"Empty Cage":7},{"Regal Pillow":11,"Dream Catcher":24,"CeramicFish":11,"CultistMask":3,"PureWater":0,"Empty Cage":21}]},"card_choices":[{"not_picked":["CrushJoints","Tantrum","Protect"],"picked":"SKIP","floor":1.0},{"not_picked":["WreathOfFlame","ClearTheMind","ForeignInfluence"],"picked":"SKIP","floor":5.0},{"not_picked":["CutThroughFate","CrushJoints"],"picked":"BattleHymn","floor":6.0},{"not_picked":["ClearTheMind","FlurryOfBlows","Perseverance"],"picked":"SKIP","floor":10.0},{"not_picked":["Crescendo","BowlingBash","EmptyBody"],"picked":"SKIP","floor":13.0},{"not_picked":["Crescendo","Nirvana","Protect"],"picked":"SKIP","floor":14.0},{"not_picked":["Blasphemy","Ragnarok"],"picked":"Devotion","floor":16.0},{"not_picked":["SignatureMove","BowlingBash","EmptyFist"],"picked":"SKIP","floor":18.0}],"player_experience":644578,"relics_obtained":[{"floor":6.0,"key":"Regal Pillow"},{"floor":9.0,"key":"CeramicFish"}],"event_choices":[{"damage_healed":0.0,"max_hp_gain":5.0,"max_hp_loss":0.0,"gold_gain":0.0,"event_name":"Big Fish","player_choice":"Donut","floor":2.0,"gold_loss":0.0,"damage_taken":0.0},{"damage_healed":0.0,"max_hp_gain":0.0,"max_hp_loss":0.0,"gold_gain":0.0,"event_name":"FaceTrader","player_choice":"Trade","floor":4.0,"gold_loss":0.0,"damage_taken":0.0,"relics_obtained":["CultistMask"]},{"damage_healed":0.0,"max_hp_gain":0.0,"max_hp_loss":0.0,"gold_gain":0.0,"event_name":"Addict","player_choice":"Obtained Relic","floor":19.0,"gold_loss":85.0,"damage_taken":0.0,"relics_obtained":["Dream Catcher"]},{"damage_healed":0.0,"max_hp_gain":0.0,"max_hp_loss":0.0,"gold_gain":0.0,"event_name":"Ghosts","player_choice":"Ignored","floor":20.0,"gold_loss":0.0,"damage_taken":0.0},{"cards_removed":["Defend_P"],"damage_healed":0.0,"max_hp_gain":0.0,"max_hp_loss":0.0,"gold_gain":0.0,"event_name":"Back to Basics","player_choice":"Elegance","floor":21.0,"gold_loss":0.0,"damage_taken":0.0},{"cards_removed":["Strike_P"],"damage_healed":0.0,"max_hp_gain":0.0,"max_hp_loss":0.0,"gold_gain":0.0,"event_name":"Beggar","player_choice":"Gave Gold","floor":22.0,"gold_loss":75.0,"damage_taken":0.0}],"is_beta":false,"boss_relics":[{"not_picked":["Calling Bell","HolyWater"],"picked":"Empty Cage"}],"items_purged_floors":[3],"is_endless":false,"potions_floor_spawned":[10,13,18],"killed_by":"Slavers","ascension_level":14}}