{"host":"vyjryxuuuxkt43k4","time":1612918212,"event":{"mods":["AchievementEnabler","BaseMod","Colored Map","DeckTracker","Keyboard Shortcuts","Minty Spire (QoL Compilation)","Permanent Neow","Quick Restart","StSLib","SuperFastMode","everything is the same but u backflip on backflip"],"gold_per_floor":[112,128,9,24,40,40,54,54,102,137,187,204,279,304,304,304,304],"floor_reached":16,"language":"KOR","playtime":495,"items_purged":["Clumsy"],"score":224,"play_id":"0a034654-0abf-4ea3-a4b8-4ec56d55bfd5","local_time":"20210210095012","is_ascension_mode":true,"campfire_choices":[{"data":"Pommel Strike","floor":6.0,"key":"SMITH"},{"data":"Perfected Strike","floor":8.0,"key":"SMITH"},{"floor":15.0,"key":"REST"}],"circlet_count":0,"master_deck":["AscendersBane","Strike_R","Strike_R","Strike_R","Strike_R","Strike_R","Defend_R","Defend_R","Defend_R","Defend_R","Bash","Pommel Strike+1","Wild Strike","Inflame","Reckless Charge","Perfected Strike+1","Headbutt","Power Through","Ghostly Armor"],"relics":["Burning Blood","Incense Burner","Regal Pillow","Blue Candle","Centennial Puzzle"],"acts_visited":["Exordium"],"potions_floor_usage":[],"damage_taken":[{"damage":12.0,"enemies":"Cultist","floor":1.0,"turns":5.0},{"damage":1.0,"enemies":"Jaw Worm","floor":2.0,"turns":3.0},{"damage":15.0,"enemies":"Small Slimes","floor":4.0,"turns":3.0},{"damage":1.0,"enemies":"2 Fungi Beasts","floor":5.0,"turns":3.0},{"damage":16.0,"enemies":"Lots of Slimes","floor":7.0,"turns":5.0},{"damage":25.0,"enemies":"3 Sentries","floor":10.0,"turns":6.0},{"damage":11.0,"enemies":"Blue Slaver","floor":12.0,"turns":3.0},{"damage":20.0,"enemies":"Lagavulin","floor":14.0,"turns":6.0},{"damage":65,"enemies":"The Guardian","floor":16,"turns":11}],"seed_played":"-7737148978988918553","potions_obtained":[{"floor":4.0,"key":"Energy Potion"},{"floor":7.0,"key":"Fire Potion"},{"floor":10.0,"key":"BloodPotion"}],"is_trial":false,"path_per_floor":["M","M","$","M","M","R","M","R","T","E","?","M","?","E","R","B"],"character_chosen":"IRONCLAD","items_purchased":["Inflame"],"campfire_rested":1,"item_purchase_floors":[3],"current_hp_per_floor":[62,67,67,58,63,63,53,53,53,49,49,44,33,19,56,0,0],"gold":304,"neow_bonus":"ONE_RARE_RELIC","is_daily":false,"chose_seed":false,"campfire_upgraded":2,"win_rate":0.0,"timestamp":1612918212,"path_taken":["M","?","$","M","M","R","M","R","T","E","?","?","?","E","R","BOSS"],"items_purchased_type":["Card"],"build_version":"2020-12-22","purchased_purges":1,"victory":false,"max_hp_per_floor":[75,75,75,75,75,75,75,75,75,75,75,75,75,75,75,75,75],"card_choices":[{"not_picked":["Clash","Armaments"],"picked":"Pommel Strike","floor":1.0},{"not_picked":["Thunderclap","Combust"],"picked":"Wild Strike","floor":2.0},{"not_picked":["Rupture","Clothesline","Headbutt"],"picked":"SKIP","floor":4.0},{"not_picked":["Demon Form","Body Slam"],"picked":"Reckless Charge","floor":5.0},{"not_picked":["Combust","Twin Strike"],"picked":"Perfected Strike","floor":7.0},{"not_picked":["Clothesline","Anger"],"picked":"Headbutt","floor":10.0},{"not_picked":["Armaments","Pummel"],"picked":"Power Through","floor":12.0},{"not_picked":["Blood for Blood","Body Slam"],"picked":"Ghostly Armor","floor":14.0}],"player_experience":882277,"relics_obtained":[{"floor":9.0,"key":"Regal Pillow"},{"floor":10.0,"key":"Blue Candle"},{"floor":14.0,"key":"Centennial Puzzle"}],"event_choices":[{"damage_healed":0.0,"max_hp_gain":0.0,"max_hp_loss":0.0,"gold_gain":50.0,"event_name":"Golden Shrine","player_choice":"Pray","floor":11.0,"gold_loss":0.0,"damage_taken":0.0},{"damage_healed":0.0,"max_hp_gain":0.0,"max_hp_loss":0.0,"gold_gain":75.0,"event_name":"World of Goop","player_choice":"Gather Gold","floor":13.0,"gold_loss":0.0,"damage_taken":11.0}],"is_beta":false,"boss_relics":[],"items_purged_floors":[3],"is_endless":false,"potions_floor_spawned":[4,7,10],"killed_by":"The Guardian","ascension_level":20}}