{"host":"665g8wmplxs7g59h","time":1612971834,"event":{"mods":["AchievementEnabler","BaseMod","Colored Map","DeckTracker","Minty Spire (QoL Compilation)","Permanent Neow","SuperFastMode"],"gold_per_floor":[109,34,53,69,79,79,98,111,111,128,128,146,146,157,157,259,259,270,121,141,152,152,152,152],"floor_reached":23,"language":"KOR","playtime":1183,"items_purged":["Strike_G","Strike_G"],"score":189,"play_id":"f9913a05-85b4-4d52-898d-6e8c58889359","local_time":"20210211004354","is_ascension_mode":false,"campfire_choices":[{"data":"Survivor","floor":6,"key":"SMITH"},{"data":"Footwork","floor":15,"key":"SMITH"}],"circlet_count":0,"master_deck":["Strike_G","Defend_G","Defend_G","Defend_G","Survivor+1","Neutralize","Endless Agony","Crippling Poison","Footwork+1","Well Laid Plans","Catalyst","Backflip","Adrenaline","Dash+1","Expertise+1","Distraction+1","Acrobatics","Backflip"],"relics":["Ring of the Snake","NeowsBlessing","HornCleat","Astrolabe"],"acts_visited":["Exordium","TheCity"],"potions_floor_usage":[16,20,23],"damage_taken":[{"damage":0,"enemies":"Jaw Worm","floor":1,"turns":1},{"damage":0,"enemies":"Cultist","floor":3,"turns":1},{"damage":0,"enemies":"2 Louse","floor":4,"turns":1},{"damage":15,"enemies":"Large Slime","floor":5,"turns":10},{"damage":7,"enemies":"Red Slaver","floor":7,"turns":6},{"damage":9,"enemies":"Looter","floor":8,"turns":5},{"damage":4,"enemies":"3 Louse","floor":10,"turns":4},{"damage":6,"enemies":"Lots of Slimes","floor":12,"turns":6},{"damage":2,"enemies":"Large Slime","floor":14,"turns":10},{"damage":12,"enemies":"The Guardian","floor":16,"turns":11},{"damage":16,"enemies":"Spheric Guardian","floor":18,"turns":7},{"damage":25,"enemies":"Chosen","floor":20,"turns":13},{"damage":17,"enemies":"Snake Plant","floor":21,"turns":10},{"damage":16,"enemies":"Book of Stabbing","floor":23,"turns":5}],"seed_played":"1151161124665945778","potions_obtained":[{"floor":1,"key":"FearPotion"},{"floor":4,"key":"SpeedPotion"},{"floor":12,"key":"SkillPotion"},{"floor":16,"key":"DuplicationPotion"},{"floor":20,"key":"AttackPotion"}],"is_trial":false,"path_per_floor":["M","$","M","M","M","R","M","M","T","M","?","M","?","M","R","B",null,"M","$","M","M","?","E"],"character_chosen":"THE_SILENT","items_purchased":["Backflip"],"campfire_rested":0,"item_purchase_floors":[19],"current_hp_per_floor":[70,70,70,70,55,55,48,39,39,35,35,29,29,27,27,15,70,54,54,29,12,12,0,0],"gold":152,"neow_bonus":"THREE_ENEMY_KILL","is_daily":false,"chose_seed":false,"campfire_upgraded":2,"win_rate":0.0,"timestamp":1612971834,"path_taken":["M","$","M","M","M","R","M","M","T","M","?","M","?","M","R","BOSS","M","$","?","M","?","E"],"items_purchased_type":["Card"],"build_version":"2020-12-22","purchased_purges":2,"victory":false,"max_hp_per_floor":[70,70,70,70,70,70,70,70,70,70,70,70,70,70,70,70,70,70,70,70,70,70,70,70],"card_choices":[{"not_picked":["Poisoned Stab","Acrobatics"],"picked":"Endless Agony","floor":1},{"not_picked":["Catalyst","Eviscerate"],"picked":"Crippling Poison","floor":3},{"not_picked":["Caltrops","All Out Attack","Escape Plan"],"picked":"SKIP","floor":4},{"not_picked":["Dagger Spray","Backstab"],"picked":"Footwork","floor":5},{"not_picked":["Calculated Gamble","Cloak And Dagger"],"picked":"Well Laid Plans","floor":7},{"not_picked":["Distraction","Well Laid Plans","Infinite Blades"],"picked":"SKIP","floor":8},{"not_picked":["Quick Slash","PiercingWail"],"picked":"Catalyst","floor":10},{"not_picked":["Unload","Slice","Distraction"],"picked":"SKIP","floor":12},{"not_picked":["All Out Attack","Calculated Gamble"],"picked":"Backflip","floor":14},{"not_picked":["Venomology","Glass Knife"],"picked":"Adrenaline","floor":16},{"not_picked":["Riddle With Holes","Dagger Spray"],"picked":"Acrobatics","floor":18},{"not_picked":["Quick Slash","Dagger Spray","Outmaneuver+1"],"picked":"SKIP","floor":20},{"not_picked":["Eviscerate","Flying Knee+1","Cloak And Dagger"],"picked":"SKIP","floor":21}],"player_experience":87378,"relics_obtained":[{"floor":9,"key":"HornCleat"}],"event_choices":[{"damage_healed":0,"gold_gain":0,"player_choice":"Ignored","damage_taken":0,"max_hp_gain":0,"max_hp_loss":0,"event_name":"Liars Game","floor":11,"gold_loss":0},{"damage_healed":0,"gold_gain":0,"player_choice":"Bought 0 Potions","damage_taken":0,"max_hp_gain":0,"max_hp_loss":0,"event_name":"The Woman in Blue","floor":13,"gold_loss":0},{"cards_removed":["Defend_G"],"damage_healed":0,"gold_gain":0,"player_choice":"Elegance","damage_taken":0,"max_hp_gain":0,"max_hp_loss":0,"event_name":"Back to Basics","floor":22,"gold_loss":0}],"is_beta":false,"boss_relics":[{"not_picked":["Cursed Key","Black Star"],"picked":"Astrolabe"}],"items_purged_floors":[2,19],"is_endless":false,"potions_floor_spawned":[1,4,12,16,20,21],"killed_by":"Book of Stabbing","ascension_level":0}}