{"host":"epc8efk9vrywpcsw","time":1612959806,"event":{"mods":["BaseMod","Minty Spire (QoL Compilation)","Relic Stats","StSLib"],"gold_per_floor":[116,41,41,41,61,61,61,61],"floor_reached":7,"language":"ENG","playtime":128,"items_purged":["Normality"],"score":78,"play_id":"d00239e8-1e7c-4ae1-9bed-b6257be2c706","local_time":"20210210132326","is_ascension_mode":true,"campfire_choices":[{"data":"Neutralize","floor":6,"key":"SMITH"}],"circlet_count":0,"master_deck":["AscendersBane","Strike_G","Strike_G","Strike_G","Strike_G","Defend_G","Defend_G","Defend_G","Defend_G","Defend_G","Survivor","Neutralize+1","Accuracy","Regret","Noxious Fumes","Heel Hook"],"relics":["Ring of the Snake","Ginger","Vajra"],"acts_visited":["Exordium"],"potions_floor_usage":[],"damage_taken":[{"damage":1,"enemies":"2 Louse","floor":1,"turns":3},{"damage":9,"enemies":"Small Slimes","floor":5,"turns":4},{"damage":10,"enemies":"Gremlin Nob","floor":7,"turns":3}],"seed_played":"-4217639012202954659","potions_obtained":[],"is_trial":false,"path_per_floor":["M","$","?","?","M","R","E"],"character_chosen":"THE_SILENT","items_purchased":[],"campfire_rested":0,"item_purchase_floors":[],"current_hp_per_floor":[58,58,58,58,49,49,39,39],"gold":61,"neow_bonus":"ONE_RARE_RELIC","is_daily":false,"chose_seed":false,"campfire_upgraded":1,"win_rate":0.0,"timestamp":1612959806,"path_taken":["M","$","?","?","M","R","E"],"items_purchased_type":[],"build_version":"2020-12-22","purchased_purges":1,"victory":false,"max_hp_per_floor":[66,66,66,66,66,66,66,66],"relic_stats":{"counters":[3,10],"Ginger":[1],"obtain_stats":[{"Vajra":3,"Ginger":0,"Ring of the Snake":0},{"Vajra":1,"Ginger":0,"Ring of the Snake":0},{"Vajra":3,"Ginger":0,"Ring of the Snake":0}],"Ring of the Snake":[6]},"card_choices":[{"not_picked":["Crippling Poison","Leg Sweep"],"picked":"Accuracy","floor":1},{"not_picked":["Prepared","Underhanded Strike"],"picked":"Heel Hook","floor":5}],"player_experience":508035,"relics_obtained":[],"event_choices":[{"damage_healed":0,"gold_gain":0,"player_choice":"Box","damage_taken":0,"relics_obtained":["Vajra"],"max_hp_gain":0,"max_hp_loss":0,"event_name":"Big Fish","floor":3,"gold_loss":0,"cards_obtained":["Regret"]},{"damage_healed":0,"gold_gain":0,"cards_transformed":["Strike_G"],"player_choice":"Change","damage_taken":0,"max_hp_gain":0,"max_hp_loss":0,"event_name":"Living Wall","floor":4,"gold_loss":0,"cards_obtained":["Noxious Fumes"]}],"is_beta":false,"boss_relics":[],"items_purged_floors":[2],"is_endless":false,"potions_floor_spawned":[],"killed_by":"Gremlin Nob","ascension_level":20}}