{"host":"pmmuxs046gii331m","time":1612987188,"event":{"mods":["AchievementEnabler","BaseMod","Colored Powertips","Downfall","Gold Saver","Infinite Spire","Minty Spire (QoL Compilation)","Permanent Neow","Quick Restart","StSLib"],"gold_per_floor":[402,402,421,433,308,308,343,343,370,385,385,415,490,524,524,524,524],"floor_reached":16,"language":"ENG","playtime":1516,"items_purged":["Strike_R"],"score":135,"play_id":"4798e225-f3d8-4d93-99a7-eaa385a4fd3a","local_time":"20210210145948","is_ascension_mode":true,"campfire_choices":[{"data":"Shrug It Off","floor":6,"key":"SMITH"},{"data":"Berserk","floor":8,"key":"SMITH"},{"data":"Flex","floor":15,"key":"SMITH"}],"circlet_count":0,"master_deck":["Strike_R","Strike_R","Strike_R","Defend_R","Defend_R","Defend_R","Defend_R","Bash","Shrug It Off+1","Flex+1","Thunderclap","Pommel Strike","Berserk+1","Heavy Blade","Seeing Red","Dual Wield"],"relics":["Burning Blood","Strawberry","Gambling Chip","Bag of Preparation","Odd Mushroom","Juzu Bracelet"],"acts_visited":["Exordium"],"potions_floor_usage":[14,14,16],"damage_taken":[{"damage":7,"enemies":"2 Louse","floor":1,"turns":3},{"damage":1,"enemies":"Cultist","floor":3,"turns":3},{"damage":4,"enemies":"Jaw Worm","floor":4,"turns":3},{"damage":25,"enemies":"3 Sentries","floor":7,"turns":11},{"damage":17,"enemies":"3 Louse","floor":10,"turns":4},{"damage":15,"enemies":"The Mushroom Lair","floor":12,"turns":5},{"damage":6,"enemies":"Gremlin Nob","floor":14,"turns":3},{"damage":63,"enemies":"Hexaghost","floor":16,"turns":10}],"seed_played":"5181680047403383969","potions_obtained":[{"floor":3,"key":"BloodPotion"},{"floor":7,"key":"AttackPotion"},{"floor":12,"key":"Block Potion"}],"is_trial":false,"path_per_floor":["M","?","M","M","$","R","E","R","T","M","?","?","?","E","R","B"],"character_chosen":"IRONCLAD","items_purchased":["Pommel Strike"],"campfire_rested":0,"item_purchase_floors":[5],"current_hp_per_floor":[79,86,87,87,87,87,68,68,68,57,62,53,42,42,42,0,0],"gold":524,"neow_bonus":"TRANSFORM_CARD","is_daily":false,"chose_seed":false,"campfire_upgraded":3,"win_rate":0.0,"timestamp":1612987188,"path_taken":["M","?","M","?","$","R","E","R","T","M","?","?","?","E","R","BOSS"],"items_purchased_type":["Card"],"build_version":"2020-12-22","purchased_purges":1,"victory":false,"max_hp_per_floor":[80,87,87,87,87,87,87,87,87,87,92,92,92,92,92,92,92],"card_choices":[{"not_picked":["Wild Strike","Sword Boomerang"],"picked":"Shrug It Off","floor":1},{"not_picked":["Wild Strike","Carnage"],"picked":"Flex","floor":3},{"not_picked":["Perfected Strike","Warcry"],"picked":"Thunderclap","floor":4},{"not_picked":["Second Wind","Power Through"],"picked":"Berserk","floor":7},{"not_picked":["Flex","Headbutt"],"picked":"Heavy Blade","floor":10},{"not_picked":["Combust","Warcry"],"picked":"Seeing Red","floor":12},{"not_picked":["Disarm","Cleave"],"picked":"Dual Wield","floor":14}],"player_experience":499375,"relics_obtained":[{"floor":7,"key":"Gambling Chip"},{"floor":9,"key":"Bag of Preparation"},{"floor":12,"key":"Odd Mushroom"},{"floor":14,"key":"Juzu Bracelet"}],"event_choices":[{"cards_removed":["Exhume"],"damage_healed":0,"gold_gain":0,"player_choice":"Gave Card","damage_taken":0,"relics_obtained":["Strawberry"],"max_hp_gain":0,"max_hp_loss":0,"event_name":"WeMeetAgain","floor":2,"gold_loss":0},{"damage_healed":0,"gold_gain":0,"player_choice":"Donut","damage_taken":0,"max_hp_gain":5,"max_hp_loss":0,"event_name":"Big Fish","floor":11,"gold_loss":0},{"damage_healed":0,"gold_gain":0,"player_choice":"Fought Mushrooms","damage_taken":0,"max_hp_gain":0,"max_hp_loss":0,"event_name":"Mushrooms","floor":12,"gold_loss":0},{"damage_healed":0,"gold_gain":75,"player_choice":"Gather Gold","damage_taken":11,"max_hp_gain":0,"max_hp_loss":0,"event_name":"World of Goop","floor":13,"gold_loss":0}],"is_beta":false,"boss_relics":[],"items_purged_floors":[5],"is_endless":false,"potions_floor_spawned":[3,7,12],"killed_by":"Hexaghost","ascension_level":5}}