{"host":"qxeepl7ydvsgmfdb","time":1612977142,"event":{"mods":["AchievementEnabler","BaseMod","Colored Powertips","Minty Spire (QoL Compilation)","Quick Restart","slay the spire mod where everything is the same but ironclad has a cowboy hat"],"gold_per_floor":[113,63,63,9,9,39,39,72,99,132,132,145,156,168,168,168,168],"floor_reached":16,"language":"ENG","playtime":338,"items_purged":[],"score":269,"play_id":"3e3ea050-2c36-4234-8586-8e05cc9e700a","local_time":"20210210121222","is_ascension_mode":true,"campfire_choices":[{"data":"Distraction","floor":7,"key":"SMITH"},{"data":"Phantasmal Killer","floor":11,"key":"SMITH"},{"floor":15,"key":"REST"}],"circlet_count":0,"master_deck":["AscendersBane","Strike_G","Strike_G","Strike_G","Strike_G","Defend_G","Defend_G","Defend_G","Defend_G","Defend_G","Survivor","Neutralize","Distraction+1","Regret","Dagger Spray","Distraction+1","Poisoned Stab+1","Phantasmal Killer+1","Slice+1","Blade Dance","Cloak And Dagger"],"relics":["Ring of the Snake","NeowsBlessing","Calipers","Molten Egg 2","Gambling Chip","PreservedInsect","Potion Belt"],"acts_visited":["Exordium"],"potions_floor_usage":[10,14,16],"damage_taken":[{"damage":0,"enemies":"Small Slimes","floor":1,"turns":1},{"damage":0,"enemies":"3 Sentries","floor":6,"turns":2},{"damage":0,"enemies":"Gremlin Nob","floor":8,"turns":1},{"damage":22,"enemies":"Lagavulin","floor":10,"turns":5},{"damage":0,"enemies":"2 Louse","floor":12,"turns":1},{"damage":1,"enemies":"Cultist","floor":13,"turns":3},{"damage":0,"enemies":"Blue Slaver","floor":14,"turns":1},{"damage":61,"enemies":"Hexaghost","floor":16,"turns":11}],"seed_played":"-2074051659170628231","potions_obtained":[{"floor":8,"key":"Poison Potion"},{"floor":12,"key":"GhostInAJar"},{"floor":13,"key":"Fire Potion"}],"is_trial":false,"path_per_floor":["M","?","?","$","?","E","R","E","T","E","R","M","M","M","R","B"],"character_chosen":"THE_SILENT","items_purchased":["Dagger Spray"],"campfire_rested":1,"item_purchase_floors":[4],"current_hp_per_floor":[63,63,63,63,63,63,63,63,63,41,41,41,40,40,61,0,0],"gold":168,"neow_bonus":"THREE_ENEMY_KILL","is_daily":false,"chose_seed":false,"campfire_upgraded":2,"win_rate":0.0,"timestamp":1612977142,"path_taken":["M","?","?","$","?","E","R","E","T","E","R","M","?","M","R","BOSS"],"items_purchased_type":["Card"],"build_version":"2020-12-22","purchased_purges":0,"victory":false,"max_hp_per_floor":[70,70,70,70,70,70,70,70,70,70,70,70,70,70,70,70,70],"card_choices":[{"not_picked":["Dagger Throw","Skewer"],"picked":"Distraction","floor":1},{"not_picked":["Catalyst","Glass Knife+1"],"picked":"Distraction","floor":6},{"not_picked":["Flying Knee+1","Eviscerate+1"],"picked":"Poisoned Stab+1","floor":8},{"not_picked":["Quick Slash+1","Choke+1"],"picked":"Phantasmal Killer","floor":10},{"not_picked":["Outmaneuver","Poisoned Stab+1"],"picked":"Slice+1","floor":12},{"not_picked":["Sucker Punch+1","Backflip"],"picked":"Blade Dance","floor":13},{"not_picked":["Tactician","PiercingWail"],"picked":"Cloak And Dagger","floor":14}],"player_experience":152586,"relics_obtained":[{"floor":6,"key":"Molten Egg 2"},{"floor":8,"key":"Gambling Chip"},{"floor":9,"key":"PreservedInsect"},{"floor":10,"key":"Potion Belt"}],"event_choices":[{"cards_removed":["Strike_G"],"damage_healed":0,"gold_gain":0,"player_choice":"Card Removal","damage_taken":0,"max_hp_gain":0,"max_hp_loss":0,"event_name":"The Cleric","floor":2,"gold_loss":50},{"damage_healed":0,"gold_gain":0,"player_choice":"Box","damage_taken":0,"relics_obtained":["Calipers"],"max_hp_gain":0,"max_hp_loss":0,"event_name":"Big Fish","floor":3,"gold_loss":0,"cards_obtained":["Regret"]},{"damage_healed":0,"gold_gain":0,"player_choice":"Forge","damage_taken":0,"max_hp_gain":0,"max_hp_loss":0,"event_name":"Accursed Blacksmith","floor":5,"gold_loss":0,"cards_upgraded":["Distraction"]}],"is_beta":false,"boss_relics":[],"items_purged_floors":[],"is_endless":false,"potions_floor_spawned":[8,12,13],"killed_by":"Hexaghost","ascension_level":12}}