{"host":"o3b7ow6d1xe49css","time":1612959737,"event":{"mods":["Act Like it!","Aspiration","BaseMod","Bestiary","Better Altar","Better Match","Better Note","Better Sensory Stone","Better Skull","Better Third Choice","Colored Powertips","Conspire","Energized Spire","Force Act Four","GifTheSpireLib","Halation","Hermit","Hubris","Infinite Spire","Lobotomy","Minty Spire (QoL Compilation)","Quick Restart","Rare Cards Sparkle","Relic Filter Mod","Reliquary","Replay The Spire","Spicy Shops","Spikes Relics","Spire Arcade","StSLib","Stuff the Spire","The Blue Laboratory","Wandering Minibosses"],"gold_per_floor":[118,134,146,146,146,178,212,212,239,269,298,298,325,3,3,107,107,125,143,21,21,41,41,70,99,99,99,99,99,134,162,162,259,259,271,291,291,291,309,339,339,373,373,373,49,49,49],"floor_reached":46,"language":"ENG","playtime":1346,"items_purged":["Regret"],"score":1004,"play_id":"31522873-a96a-4c49-954e-7493cc497ce5","local_time":"20210210032217","daily_mods":["Heirloom","Flight"],"is_ascension_mode":true,"campfire_choices":[{"floor":8,"key":"REST"},{"data":"Apotheosis","floor":15,"key":"SMITH"},{"floor":23,"key":"REST"},{"data":"FlurryOfBlows","floor":27,"key":"SMITH"},{"floor":32,"key":"REST"},{"floor":41,"key":"RECALL"},{"floor":44,"key":"REST"}],"circlet_count":0,"master_deck":["Strike_P","Strike_P","Strike_P","Defend_P+1","Defend_P","Defend_P","Defend_P+1","Eruption+1","Vigilance","Wireheading+1","Crescendo","DeusExMachina","ThirdEye+1","Consecrate+1","Apotheosis+1","FlurryOfBlows+1","Trip","Consecrate","Replay:BluntJabs","Scrawl","CutThroughFate+1","Halt"],"relics":["PureWater","Ring of Chaos","hubris:CuriousFeather","CogitoBucket","StuffTheSpire:RedRose","Orichalcum","halation:KoshaPiece","reliquary:Buckler","Pantograph","reliquary:IvoryTrinket","halation:PinkSoulGem","reliquary:JackalopeAntler","Empty Cage","aspiration:ChemicalBlood","aspiration:Lifesprig","Mummified Hand","halation:EternalFortune","Bag of Marbles","Durian","energizedSpire:CrystalSphere","ResearcherNote","wanderingMiniBosses:CarrionFlame","reliquary:PartyBalloon","reliquary:PrincelyHelmet","War Paint","Membership Card","RollingBoulder","StuffTheSpire:OldFever"],"acts_visited":["Exordium","TheCity","TheBeyond"],"potions_floor_usage":[10,11,16,18,19,24,26,30,30,31,33,33,33,39,40,42,46,46,46],"damage_taken":[{"damage":0,"enemies":"Small Slimes","floor":1,"turns":5},{"damage":0,"enemies":"2 Louse","floor":2,"turns":1},{"damage":7,"enemies":"Jaw Worm","floor":3,"turns":2},{"damage":28,"enemies":"Gremlin Nob","floor":6,"turns":4},{"damage":5,"enemies":"3 Sentries","floor":7,"turns":2},{"damage":5,"enemies":"Lagavulin","floor":10,"turns":4},{"damage":5,"enemies":"3 Sentries","floor":11,"turns":3},{"damage":0,"enemies":"Gremlin Nob","floor":13,"turns":2},{"damage":28,"enemies":"Hexaghost","floor":16,"turns":6},{"damage":53,"enemies":"3 Byrds","floor":18,"turns":5},{"damage":0,"enemies":"Spheric Guardian","floor":19,"turns":2},{"damage":0,"enemies":"Centurion and Healer","floor":22,"turns":1},{"damage":0,"enemies":"Gremlin Leader","floor":24,"turns":4},{"damage":34,"enemies":"Slavers","floor":25,"turns":3},{"damage":25,"enemies":"Nightmare","floor":30,"turns":4},{"damage":17,"enemies":"Slavers","floor":31,"turns":2},{"damage":24,"enemies":"hubris:MusketHawk","floor":33,"turns":3},{"damage":0,"enemies":"3 Darklings","floor":35,"turns":1},{"damage":0,"enemies":"3 Shapes","floor":36,"turns":2},{"damage":5,"enemies":"Sphere and 2 Shapes","floor":39,"turns":2},{"damage":0,"enemies":"Giant Head","floor":40,"turns":2},{"damage":20,"enemies":"Nemesis","floor":42,"turns":5},{"damage":43,"enemies":"Nightmare","floor":46,"turns":5}],"seed_played":"3224105390358894152","potions_obtained":[{"floor":1,"key":"blueLaboratory:ForbiddenFruitJuice"},{"floor":6,"key":"blueLaboratory:BubblePotion"},{"floor":7,"key":"blueLaboratory:MidnightOil"},{"floor":16,"key":"blueLaboratory:BubblePotion"},{"floor":18,"key":"blueLaboratory:FruitPunch"},{"floor":22,"key":"blueLaboratory:BottledTrinity"},{"floor":25,"key":"blueLaboratory:StoneskinPotion"},{"floor":31,"key":"blueLaboratory:BubblePotion"},{"floor":35,"key":"blueLaboratory:AlphaPotion"},{"floor":36,"key":"blueLaboratory:SavagePotion"},{"floor":42,"key":"Adrenaline Potion"}],"is_trial":true,"path_per_floor":["M","M","M","?","?","E","E","R","T","E","E","?","E","$","R","B",null,"M","M","$","?","M","R","E","E","T","R","?","?","NM","E","R","B",null,"M","M","?","?","M","E","R","E","T","R","$","NM"],"character_chosen":"WATCHER","items_purchased":["Apotheosis","Adrenaline Potion","Trip","Membership Card","RollingBoulder","StuffTheSpire:OldFever","Adrenaline Potion"],"campfire_rested":4,"item_purchase_floors":[14,14,20,45,45,45,45],"current_hp_per_floor":[72,72,65,65,65,37,32,53,53,48,43,43,43,43,43,40,64,11,13,13,13,13,35,35,1,64,64,67,67,42,30,51,48,66,66,66,66,66,61,61,61,41,41,62,62,19,19],"gold":49,"neow_bonus":"","is_daily":false,"chose_seed":false,"campfire_upgraded":2,"win_rate":0.0,"timestamp":1612959737,"path_taken":["M","M","M","?","?","E","E","R","T","E","E","?","E","$","R","BOSS","M","M","$","?","M","R","E","E","T","R","?","?","NM","E","R","BOSS","M","M","?","?","M","E","R","E","T","R","$","NM"],"items_purchased_type":["Card","Potion","Card","Relic","Relic","Relic","Potion"],"build_version":"2020-12-22","purchased_purges":1,"victory":false,"max_hp_per_floor":[72,72,72,72,72,72,72,72,72,72,72,72,72,72,72,72,72,72,74,74,74,74,74,74,74,64,64,67,67,67,72,72,72,72,72,72,72,72,72,72,72,72,72,72,72,72,72],"card_choices":[{"not_picked":["Replay:ManipulateFuture","WaveOfTheHand"],"picked":"Wireheading","floor":1},{"not_picked":["PunishingBird","OldLady","CrumblingArmor"],"picked":"Singing Bowl","floor":1},{"not_picked":["BeautyBeast","MeatLantern"],"picked":"Scorched","floor":1},{"not_picked":["FlyingSleeves","Replay:ManipulateFuture"],"picked":"Crescendo","floor":2},{"not_picked":["WallGazer","MeatLantern","CherryBlossoms"],"picked":"Singing Bowl","floor":2},{"not_picked":["MHz","HappyTeddy","Yin"],"picked":"Singing Bowl","floor":3},{"not_picked":["EmptyBody","FlurryOfBlows","Crescendo"],"picked":"SKIP","floor":3},{"not_picked":["CrushJoints","Perseverance"],"picked":"DeusExMachina","floor":6},{"not_picked":["SnowQueen","BeautyBeast","OldLady"],"picked":"Singing Bowl","floor":6},{"not_picked":["FollowUp","Crescendo"],"picked":"ThirdEye","floor":7},{"not_picked":["OSAHOGD","LittleHelper","DreamingCurrent"],"picked":"Singing Bowl","floor":7},{"not_picked":["BowlingBash","DeceiveReality"],"picked":"Consecrate","floor":10},{"not_picked":["ThirdEye","JustLucky","Meditate"],"picked":"SKIP","floor":11},{"not_picked":["ShyLook","SnowQueen","GalaxyChild"],"picked":"Singing Bowl","floor":11},{"not_picked":["ThirdEye","JustLucky","Meditate"],"picked":"SKIP","floor":11},{"not_picked":["Replay:AtTheReady","FlyingSleeves","Replay:BluntJabs"],"picked":"SKIP","floor":13},{"not_picked":["BeautyBeast","PunishingBird","ShyLook"],"picked":"Singing Bowl","floor":13},{"not_picked":["Replay:AtTheReady","FlyingSleeves","Replay:BluntJabs"],"picked":"SKIP","floor":13},{"not_picked":["SashWhip","InnerPeace","CutThroughFate"],"picked":"SKIP","floor":18},{"not_picked":["Crescendo","BowlingBash"],"picked":"FlurryOfBlows","floor":19},{"not_picked":["Crescendo+1","DeusExMachina","Replay:Battleflow"],"picked":"SKIP","floor":22},{"not_picked":["Establishment","Wireheading"],"picked":"Consecrate","floor":24},{"not_picked":["ClearTheMind","WheelKick"],"picked":"Replay:BluntJabs","floor":25},{"not_picked":["WaveOfTheHand","EmptyBody","FearNoEvil+1"],"picked":"SKIP","floor":30},{"not_picked":["Alpha","Swivel","Replay:ManipulateFuture"],"picked":"SKIP","floor":31},{"not_picked":["FollowUp+1","Replay:Hum+1","PathToVictory+1"],"picked":"SKIP","floor":35},{"not_picked":["CutThroughFate","Crescendo"],"picked":"Scrawl","floor":36},{"not_picked":["WaveOfTheHand","CrushJoints+1","EmptyFist+1"],"picked":"SKIP","floor":39},{"not_picked":["EmptyMind+1","WindmillStrike"],"picked":"CutThroughFate+1","floor":40},{"not_picked":["Replay:AtTheReady","Scrawl"],"picked":"Halt","floor":42}],"player_experience":1351641,"relics_obtained":[{"floor":6,"key":"Orichalcum"},{"floor":7,"key":"halation:KoshaPiece"},{"floor":9,"key":"reliquary:Buckler"},{"floor":10,"key":"Pantograph"},{"floor":11,"key":"reliquary:IvoryTrinket"},{"floor":13,"key":"reliquary:JackalopeAntler"},{"floor":24,"key":"aspiration:ChemicalBlood"},{"floor":25,"key":"aspiration:Lifesprig"},{"floor":26,"key":"Mummified Hand"},{"floor":30,"key":"Bag of Marbles"},{"floor":31,"key":"Durian"},{"floor":39,"key":"wanderingMiniBosses:CarrionFlame"},{"floor":40,"key":"reliquary:PartyBalloon"},{"floor":42,"key":"reliquary:PrincelyHelmet"},{"floor":43,"key":"War Paint"}],"event_choices":[{"damage_healed":0,"gold_gain":0,"player_choice":"Ignored","damage_taken":0,"max_hp_gain":0,"max_hp_loss":0,"event_name":"Mysterious Sphere","floor":37,"gold_loss":0},{"damage_healed":0,"gold_gain":0,"player_choice":"Bought 0 Potions","damage_taken":0,"max_hp_gain":0,"max_hp_loss":0,"event_name":"The Woman in Blue","floor":38,"gold_loss":0}],"is_beta":false,"boss_relics":[{"not_picked":["Philosopher\u0027s Stone","conspire:RunicOctahedron"],"picked":"Empty Cage"},{"not_picked":["aspiration:SilentSkillbook","Velvet Choker"],"picked":"energizedSpire:CrystalSphere"}],"items_purged_floors":[14],"is_endless":false,"potions_floor_spawned":[1,6,7,16,18,22,25,31,35,36,42],"killed_by":"Nightmare","ascension_level":5}}