{"host":"vl29iwkwnyytuw8q","time":1612993770,"event":{"mods":["BaseMod","Minty Spire (QoL Compilation)","Permanent Neow","Relic Stats","StSLib"],"gold_per_floor":[13,13,24,36,56,87,87,114,140,140,140,158,158,174,174,247,247,258,106,126,144,144,144,161,161,161,161,173,200,216,245,245,320,320,336,336,336,336],"floor_reached":37,"language":"ENG","playtime":1073,"items_purged":["Strike_R"],"score":800,"play_id":"d53eb0a5-ca84-40c9-a4d9-c3cfdec5c52c","local_time":"20210210224930","is_ascension_mode":true,"campfire_choices":[{"floor":7.0,"key":"REST"},{"data":"Fiend Fire","floor":11.0,"key":"SMITH"},{"data":"Bash","floor":13.0,"key":"SMITH"},{"data":"Rage","floor":15.0,"key":"SMITH"},{"data":"Demon Form","floor":23.0,"key":"SMITH"},{"floor":25.0,"key":"REST"},{"data":"Disarm","floor":32.0,"key":"SMITH"}],"circlet_count":0,"master_deck":["AscendersBane","Strike_R","Strike_R","Defend_R","Defend_R","Defend_R","Defend_R+1","Bash+1","Reaper","Headbutt","Sword Boomerang","Thunderclap","Fiend Fire+1","Rupture","Battle Trance+1","Ghostly Armor","Rage+1","Demon Form+1","Disarm+1","Combust","Clothesline","Pommel Strike+1","Feed","Exhume","Bloodletting"],"relics":["Burning Blood","Toy Ornithopter","Bag of Preparation","War Paint","Sozu","Bronze Scales","Blood Vial"],"acts_visited":["Exordium","TheCity","TheBeyond"],"potions_floor_usage":[],"damage_taken":[{"damage":20.0,"enemies":"Small Slimes","floor":1.0,"turns":4.0},{"damage":0.0,"enemies":"Cultist","floor":3.0,"turns":2.0},{"damage":13.0,"enemies":"2 Louse","floor":4.0,"turns":3.0},{"damage":21.0,"enemies":"Lots of Slimes","floor":5.0,"turns":5.0},{"damage":30.0,"enemies":"Lagavulin","floor":6.0,"turns":7.0},{"damage":8.0,"enemies":"Gremlin Nob","floor":8.0,"turns":3.0},{"damage":10.0,"enemies":"Exordium Thugs","floor":12.0,"turns":3.0},{"damage":9.0,"enemies":"2 Fungi Beasts","floor":14.0,"turns":4.0},{"damage":52.0,"enemies":"The Guardian","floor":16.0,"turns":8.0},{"damage":19.0,"enemies":"3 Byrds","floor":18.0,"turns":5.0},{"damage":13.0,"enemies":"2 Thieves","floor":20.0,"turns":4.0},{"damage":18.0,"enemies":"Centurion and Healer","floor":21.0,"turns":5.0},{"damage":26.0,"enemies":"Snake Plant","floor":24.0,"turns":4.0},{"damage":0.0,"enemies":"Chosen and Byrds","floor":28.0,"turns":4.0},{"damage":27.0,"enemies":"Book of Stabbing","floor":29.0,"turns":6.0},{"damage":6.0,"enemies":"Shelled Parasite and Fungi","floor":30.0,"turns":2.0},{"damage":52.0,"enemies":"Slavers","floor":31.0,"turns":4.0},{"damage":19.0,"enemies":"Champ","floor":33.0,"turns":9.0},{"damage":5,"enemies":"Orb Walker","floor":35,"turns":3},{"damage":71,"enemies":"3 Darklings","floor":37,"turns":4}],"seed_played":"1949984318717941365","potions_obtained":[{"floor":3.0,"key":"SpeedPotion"},{"floor":4.0,"key":"Dexterity Potion"},{"floor":6.0,"key":"Strength Potion"},{"floor":16.0,"key":"ColorlessPotion"}],"is_trial":false,"path_per_floor":["M","?","M","M","M","E","R","E","T","?","R","M","R","M","R","B",null,"M","$","M","M","?","R","M","R","T","?","M","E","M","E","R","B",null,"M","?","M"],"character_chosen":"IRONCLAD","items_purchased":["Combust"],"campfire_rested":2,"item_purchase_floors":[19],"current_hp_per_floor":[62,62,68,68,62,38,60,58,58,58,58,58,58,63,63,22,62,61,61,54,42,42,42,22,44,44,75,75,59,59,43,43,32,64,67,67,0,0],"gold":336,"neow_bonus":"THREE_RARE_CARDS","is_daily":false,"chose_seed":false,"campfire_upgraded":5,"win_rate":0.0,"timestamp":1612993770,"path_taken":["M","?","M","M","?","E","R","E","T","?","R","M","R","M","R","BOSS","M","?","M","?","?","R","M","R","T","?","?","E","M","E","R","BOSS","M","?","M"],"items_purchased_type":["Card"],"build_version":"2020-12-22","purchased_purges":1,"victory":false,"max_hp_per_floor":[75,75,75,75,75,75,75,75,75,75,75,75,75,75,75,75,75,75,75,75,75,75,75,75,75,75,75,75,75,75,75,75,75,75,75,71,71,71],"relic_stats":{"Sozu":4,"Blood Vial":6,"counters":[20,89],"Bronze Scales":[65],"Bag of Preparation":[28],"War Paint":["Battle Trance","Defend_R"],"obtain_stats":[{"Sozu":17,"Blood Vial":31,"Bronze Scales":29,"Bag of Preparation":8,"War Paint":9,"Burning Blood":0,"Toy Ornithopter":6},{"Sozu":9,"Blood Vial":17,"Bronze Scales":15,"Bag of Preparation":6,"War Paint":6,"Burning Blood":0,"Toy Ornithopter":5},{"Sozu":39,"Blood Vial":73,"Bronze Scales":67,"Bag of Preparation":24,"War Paint":24,"Burning Blood":0,"Toy Ornithopter":21}],"Burning Blood":108,"Toy Ornithopter":10},"card_choices":[{"not_picked":["Bludgeon","Barricade"],"picked":"Reaper","floor":0.0},{"not_picked":["Warcry","Armaments"],"picked":"Headbutt","floor":1.0},{"not_picked":["Metallicize","Pommel Strike"],"picked":"Sword Boomerang","floor":3.0},{"not_picked":["Sword Boomerang","Body Slam"],"picked":"Thunderclap","floor":4.0},{"not_picked":["Hemokinesis","Body Slam"],"picked":"Fiend Fire","floor":5.0},{"not_picked":["Perfected Strike","Exhume"],"picked":"Rupture","floor":6.0},{"not_picked":["Clothesline","Metallicize"],"picked":"Battle Trance","floor":8.0},{"not_picked":["Iron Wave","Thunderclap"],"picked":"Rage","floor":12.0},{"not_picked":["Pummel","Reckless Charge","Heavy Blade"],"picked":"SKIP","floor":14.0},{"not_picked":["Reaper","Barricade"],"picked":"Demon Form","floor":16.0},{"not_picked":["Metallicize","Perfected Strike"],"picked":"Disarm","floor":18.0},{"not_picked":["Wild Strike","Metallicize"],"picked":"Clothesline","floor":20.0},{"not_picked":["Armaments","Anger"],"picked":"Pommel Strike+1","floor":21.0},{"not_picked":["Havoc","Flex","Power Through"],"picked":"SKIP","floor":24.0},{"not_picked":["Ghostly Armor","Rupture","Flex"],"picked":"SKIP","floor":28.0},{"not_picked":["Sword Boomerang","Clothesline","Rampage"],"picked":"SKIP","floor":29.0},{"not_picked":["Flex","Perfected Strike","Body Slam"],"picked":"SKIP","floor":30.0},{"not_picked":["Flex","Seeing Red"],"picked":"Feed","floor":31.0},{"not_picked":["Juggernaut","Corruption"],"picked":"Exhume","floor":33.0},{"not_picked":["Anger","Sword Boomerang+1"],"picked":"Bloodletting","floor":35}],"player_experience":679245,"relics_obtained":[{"floor":6.0,"key":"Toy Ornithopter"},{"floor":8.0,"key":"Bag of Preparation"},{"floor":9.0,"key":"War Paint"},{"floor":29.0,"key":"Bronze Scales"},{"floor":31.0,"key":"Blood Vial"}],"event_choices":[{"damage_healed":0.0,"max_hp_gain":0.0,"max_hp_loss":0.0,"gold_gain":0.0,"cards_transformed":["Strike_R"],"event_name":"Transmorgrifier","player_choice":"Transformed","floor":2.0,"gold_loss":0.0,"damage_taken":0.0,"cards_obtained":["Carnage"]},{"damage_healed":0.0,"max_hp_gain":0.0,"max_hp_loss":0.0,"gold_gain":0.0,"cards_transformed":["Strike_R"],"event_name":"Transmorgrifier","player_choice":"Transformed","floor":10.0,"gold_loss":0.0,"damage_taken":0.0,"cards_obtained":["Ghostly Armor"]},{"damage_healed":0.0,"max_hp_gain":0.0,"max_hp_loss":0.0,"gold_gain":0.0,"event_name":"Beggar","player_choice":"Ignored","floor":22.0,"gold_loss":0.0,"damage_taken":0.0},{"cards_removed":["Carnage"],"damage_healed":31.0,"max_hp_gain":0.0,"max_hp_loss":0.0,"gold_gain":0.0,"event_name":"Bonfire Elementals","player_choice":"Offered Uncommon","floor":27.0,"gold_loss":0.0,"damage_taken":0.0},{"damage_healed":0,"gold_gain":0,"player_choice":"Max HP","damage_taken":0,"max_hp_gain":0,"max_hp_loss":4,"event_name":"Winding Halls","floor":36,"gold_loss":0}],"is_beta":false,"boss_relics":[{"not_picked":["Cursed Key","Runic Pyramid"],"picked":"Sozu"},{"not_picked":[]}],"items_purged_floors":[19],"is_endless":false,"potions_floor_spawned":[3,4,6,16,20,21,29,30],"killed_by":"3 Darklings","ascension_level":18}}