{"host":"g2yp6paluzgljz05","time":1612968119,"event":{"mods":["BaseMod","Bestiary","Colored Powertips","DeckTracker","Highlight Path","Minty Spire (QoL Compilation)","Quick Restart"],"gold_per_floor":[116,41,53,53,128,163,163,163,163,12,40,40,40,60,60,158,208,222,222,222],"floor_reached":19,"language":"ENG","playtime":462,"items_purged":["Strike_R"],"score":307,"play_id":"4bb083d6-bca3-4663-9a47-2d82e2b4d8b5","local_time":"20210211014159","is_ascension_mode":true,"campfire_choices":[{"data":"Anger","floor":7.0,"key":"SMITH"},{"data":"Bash","floor":13.0,"key":"SMITH"},{"data":"Limit Break","floor":15.0,"key":"SMITH"}],"circlet_count":0,"master_deck":["AscendersBane","Strike_R","Strike_R","Defend_R+1","Defend_R","Defend_R","Defend_R","Bash+1","Anger+1","Demon Form","Limit Break+1","Corruption"],"relics":["Burning Blood","NeowsBlessing","Art of War","Prayer Wheel","Letter Opener","Strawberry","Tiny House"],"acts_visited":["Exordium","TheCity"],"potions_floor_usage":[],"damage_taken":[{"damage":0.0,"enemies":"Jaw Worm","floor":1.0,"turns":1.0},{"damage":0.0,"enemies":"2 Louse","floor":3.0,"turns":1.0},{"damage":0.0,"enemies":"Lagavulin","floor":6.0,"turns":1.0},{"damage":21.0,"enemies":"Gremlin Nob","floor":11.0,"turns":4.0},{"damage":0.0,"enemies":"Small Slimes","floor":14.0,"turns":3.0},{"damage":33.0,"enemies":"Slime Boss","floor":16.0,"turns":6.0},{"damage":21.0,"enemies":"Spheric Guardian","floor":18.0,"turns":4.0},{"damage":0,"enemies":"3 Byrds","floor":19,"turns":1}],"seed_played":"7138628611704124252","potions_obtained":[{"floor":1.0,"key":"Weak Potion"},{"floor":16.0,"key":"Explosive Potion"},{"floor":17.0,"key":"FearPotion"}],"is_trial":false,"path_per_floor":["M","$","M","?","?","E","R","?","T","$","E","?","R","M","R","B",null,"M","M"],"character_chosen":"IRONCLAD","items_purchased":["Demon Form"],"campfire_rested":0,"item_purchase_floors":[10],"current_hp_per_floor":[78,78,80,77,66,72,72,65,65,65,57,57,57,63,63,36,79,64,64,64],"gold":222,"neow_bonus":"THREE_ENEMY_KILL","is_daily":false,"chose_seed":false,"campfire_upgraded":3,"win_rate":0.0,"timestamp":1612968119,"path_taken":["M","$","M","?","?","E","R","?","T","$","E","?","R","M","R","BOSS","M","M"],"items_purchased_type":["Card"],"build_version":"2020-12-22","purchased_purges":1,"victory":false,"max_hp_per_floor":[80,80,80,80,80,80,80,80,80,80,87,87,87,87,87,87,92,92,92,92],"card_choices":[{"not_picked":["Intimidate","Wild Strike","Iron Wave"],"picked":"SKIP","floor":1.0},{"not_picked":["Armaments","Reckless Charge"],"picked":"Anger","floor":3.0},{"not_picked":["Thunderclap","Clothesline","Dropkick"],"picked":"SKIP","floor":6.0},{"not_picked":["Intimidate","Seeing Red","Iron Wave"],"picked":"SKIP","floor":11.0},{"not_picked":["Sever Soul","Wild Strike"],"picked":"Limit Break","floor":14.0},{"not_picked":["Warcry","Clothesline","Iron Wave"],"picked":"SKIP","floor":14.0},{"not_picked":["Demon Form","Feed"],"picked":"Corruption","floor":16.0},{"not_picked":["Body Slam","Perfected Strike","Seeing Red"],"picked":"SKIP","floor":18.0},{"not_picked":["Intimidate+1","True Grit","Twin Strike+1"],"picked":"SKIP","floor":18.0}],"player_experience":349843,"relics_obtained":[{"floor":6.0,"key":"Prayer Wheel"},{"floor":9.0,"key":"Letter Opener"},{"floor":11.0,"key":"Strawberry"}],"event_choices":[{"damage_healed":0.0,"max_hp_gain":0.0,"max_hp_loss":0.0,"gold_gain":0.0,"event_name":"Scrap Ooze","player_choice":"Success","floor":4.0,"gold_loss":0.0,"damage_taken":3.0,"relics_obtained":["Art of War"]},{"damage_healed":0.0,"max_hp_gain":0.0,"max_hp_loss":0.0,"gold_gain":75.0,"event_name":"World of Goop","player_choice":"Gather Gold","floor":5.0,"gold_loss":0.0,"damage_taken":11.0},{"cards_removed":["Strike_R"],"damage_healed":0.0,"max_hp_gain":0.0,"max_hp_loss":0.0,"gold_gain":0.0,"event_name":"Golden Wing","player_choice":"Card Removal","floor":8.0,"gold_loss":0.0,"damage_taken":7.0},{"cards_removed":["Strike_R"],"damage_healed":0.0,"max_hp_gain":0.0,"max_hp_loss":0.0,"gold_gain":0.0,"event_name":"Purifier","player_choice":"Purged","floor":12.0,"gold_loss":0.0,"damage_taken":0.0}],"is_beta":false,"boss_relics":[{"not_picked":["Philosopher\u0027s Stone","Pandora\u0027s Box"],"picked":"Tiny House"}],"items_purged_floors":[2],"is_endless":false,"potions_floor_spawned":[1,16],"killed_by":"3 Byrds","ascension_level":11}}