{"host":"q8ewzd1tf4mqkgtb","time":1612953816,"event":{"mods":["Ascension Unlocker","BaseMod","Colored Map","Faster Ascension Climbing","Hermit","Minty Spire (QoL Compilation)","Relic Stats","StSLib","UnlockEverythingMod"],"gold_per_floor":[109,34,46,46,61,88,88,100,127,127,141,167,167,184,184,255,255,266,34,47,79,92,126,126,161,161,171,191,210,236,236,236,307,307,318,53,71,71,81,111,111,111,111],"floor_reached":42,"language":"ENG","playtime":6569,"items_purged":["Reckless Charge","Clash"],"score":1000,"play_id":"f25a62cf-2ff4-4f62-b0ca-d0a69b7f703c","local_time":"20210210044336","is_ascension_mode":true,"campfire_choices":[{"data":"Bash","floor":7,"key":"SMITH"},{"data":"Shrug It Off","floor":10,"key":"SMITH"},{"floor":13,"key":"REST"},{"floor":15,"key":"REST"},{"data":"Fiend Fire","floor":24,"key":"SMITH"},{"data":"1","floor":32,"key":"LIFT"},{"data":"2","floor":41,"key":"LIFT"}],"circlet_count":0,"master_deck":["AscendersBane","Bash+1","Clothesline","Battle Trance","Shrug It Off+1","Disarm","Dropkick+1","Demon Form","Fiend Fire+1","Flame Barrier+1","Exhume","Heavy Blade+1","Armaments+1","Double Tap","Reaper","Dual Wield+1","Dual Wield+1","Dropkick","Entrench","Rage","Exhume","True Grit+1","Juggernaut","Reaper","Shockwave+1"],"relics":["Burning Blood","MealTicket","Snecko Eye","ClockworkSouvenir","Red Mask","Whetstone","Girya","Prayer Wheel","White Beast Statue","Pandora\u0027s Box","War Paint","Potion Belt"],"acts_visited":["Exordium","TheCity","TheBeyond"],"potions_floor_usage":[12,12,23,40,40,42],"damage_taken":[{"damage":7,"enemies":"Small Slimes","floor":1,"turns":5},{"damage":7,"enemies":"Cultist","floor":3,"turns":4},{"damage":4,"enemies":"Jaw Worm","floor":5,"turns":3},{"damage":43,"enemies":"Lagavulin","floor":6,"turns":8},{"damage":6,"enemies":"Looter","floor":8,"turns":3},{"damage":18,"enemies":"Exordium Wildlife","floor":11,"turns":6},{"damage":25,"enemies":"Gremlin Nob","floor":12,"turns":4},{"damage":21,"enemies":"Exordium Thugs","floor":14,"turns":6},{"damage":19,"enemies":"Hexaghost","floor":16,"turns":10},{"damage":1,"enemies":"Chosen","floor":18,"turns":4},{"damage":14,"enemies":"2 Thieves","floor":20,"turns":5},{"damage":0,"enemies":"Masked Bandits","floor":21,"turns":4},{"damage":7,"enemies":"Snecko","floor":22,"turns":4},{"damage":27,"enemies":"Book of Stabbing","floor":23,"turns":5},{"damage":18,"enemies":"Slavers","floor":25,"turns":6},{"damage":12,"enemies":"Snake Plant","floor":27,"turns":4},{"damage":0,"enemies":"Centurion and Healer","floor":28,"turns":2},{"damage":0,"enemies":"Snecko","floor":29,"turns":5},{"damage":10,"enemies":"Book of Stabbing","floor":30,"turns":4},{"damage":15,"enemies":"Champ","floor":33,"turns":8},{"damage":19,"enemies":"Orb Walker","floor":35,"turns":3},{"damage":7,"enemies":"3 Darklings","floor":37,"turns":4},{"damage":1,"enemies":"Spire Growth","floor":39,"turns":4},{"damage":72,"enemies":"Nemesis","floor":40,"turns":5},{"damage":98,"enemies":"Reptomancer","floor":42,"turns":4}],"seed_played":"-1320714898323169943","potions_obtained":[{"floor":6,"key":"Explosive Potion"},{"floor":8,"key":"BlessingOfTheForge"},{"floor":14,"key":"Weak Potion"},{"floor":20,"key":"Energy Potion"},{"floor":27,"key":"LiquidBronze"},{"floor":30,"key":"DuplicationPotion"},{"floor":39,"key":"LiquidMemories"},{"floor":40,"key":"BloodPotion"}],"is_trial":false,"path_per_floor":["M","?","M","?","M","E","R","M","T","R","M","E","R","M","R","B",null,"M","$","M","?","M","E","R","E","T","M","M","M","E","?","R","B",null,"M","$","M","?","M","E","R","E"],"character_chosen":"IRONCLAD","items_purchased":["ClockworkSouvenir","War Paint"],"campfire_rested":2,"item_purchase_floors":[19,36],"current_hp_per_floor":[74,74,73,73,75,38,38,38,38,38,26,7,31,16,40,27,68,73,82,74,80,79,58,58,46,46,40,46,52,48,48,48,39,71,69,82,81,81,82,70,70,0,0],"gold":111,"neow_bonus":"TEN_PERCENT_HP_BONUS","is_daily":false,"chose_seed":false,"campfire_upgraded":3,"win_rate":0.0,"timestamp":1612953816,"path_taken":["M","?","M","?","M","E","R","M","T","R","M","E","R","M","R","BOSS","M","?","M","?","M","E","R","E","T","M","M","M","E","?","R","BOSS","M","$","M","?","M","E","R","E"],"items_purchased_type":["Relic","Relic"],"build_version":"2020-12-22","purchased_purges":2,"victory":false,"max_hp_per_floor":[82,82,82,82,82,82,82,82,82,82,82,82,82,82,82,82,82,82,82,82,82,82,82,82,82,82,82,82,82,82,82,82,82,82,82,82,82,82,82,82,82,82,82],"relic_stats":{"counters":[25,120],"Snecko Eye":[141,124,144,123],"MealTicket":22,"Prayer Wheel":6,"Pandora\u0027s Box":["Clash","Dual Wield","Dual Wield","Dropkick","Entrench","Rage","Exhume"],"Whetstone":["Strike_R","Dropkick"],"War Paint":["Dual Wield","Dual Wield"],"obtain_stats":[{"Potion Belt":40,"Girya":25,"Snecko Eye":17,"MealTicket":12,"Prayer Wheel":26,"Pandora\u0027s Box":34,"Red Mask":21,"Whetstone":23,"War Paint":36,"Burning Blood":0,"White Beast Statue":30,"ClockworkSouvenir":19},{"Potion Belt":24,"Girya":15,"Snecko Eye":9,"MealTicket":7,"Prayer Wheel":15,"Pandora\u0027s Box":20,"Red Mask":12,"Whetstone":14,"War Paint":21,"Burning Blood":0,"White Beast Statue":19,"ClockworkSouvenir":10},{"Potion Belt":116,"Girya":77,"Snecko Eye":49,"MealTicket":33,"Prayer Wheel":77,"Pandora\u0027s Box":100,"Red Mask":62,"Whetstone":71,"War Paint":103,"Burning Blood":0,"White Beast Statue":92,"ClockworkSouvenir":53}],"Burning Blood":140},"card_choices":[{"not_picked":["Headbutt","Warcry"],"picked":"Clothesline","floor":1},{"not_picked":["Warcry","Twin Strike"],"picked":"Reckless Charge","floor":3},{"not_picked":["Clothesline","Seeing Red"],"picked":"Shrug It Off","floor":5},{"not_picked":["Anger","Rampage"],"picked":"Disarm","floor":6},{"not_picked":["Seeing Red","Perfected Strike","Pommel Strike"],"picked":"SKIP","floor":8},{"not_picked":["Rampage","Perfected Strike"],"picked":"Dropkick","floor":11},{"not_picked":["True Grit","Headbutt"],"picked":"Demon Form","floor":12},{"not_picked":["Perfected Strike","Metallicize","Intimidate"],"picked":"SKIP","floor":14},{"not_picked":["Perfected Strike","Metallicize","Intimidate"],"picked":"SKIP","floor":14},{"not_picked":["Perfected Strike","Metallicize","Intimidate"],"picked":"SKIP","floor":14},{"not_picked":["Berserk","Barricade"],"picked":"Fiend Fire","floor":16},{"not_picked":["Heavy Blade","Flex"],"picked":"Flame Barrier+1","floor":18},{"not_picked":["Warcry","Twin Strike","Infernal Blade"],"picked":"SKIP","floor":20},{"not_picked":["Rampage","Power Through"],"picked":"Exhume","floor":23},{"not_picked":["Perfected Strike","Cleave","Ghostly Armor"],"picked":"SKIP","floor":25},{"not_picked":["Flex","Shrug It Off"],"picked":"Heavy Blade+1","floor":27},{"not_picked":["Thunderclap","Perfected Strike","Headbutt"],"picked":"SKIP","floor":27},{"not_picked":["Flex","Burning Pact"],"picked":"Armaments+1","floor":28},{"not_picked":["Infernal Blade","Twin Strike","Clash+1"],"picked":"SKIP","floor":28},{"not_picked":["Cleave","Warcry+1"],"picked":"Double Tap","floor":29},{"not_picked":["Clash","Headbutt","Cleave"],"picked":"SKIP","floor":29},{"not_picked":["Armaments+1","Evolve","Warcry"],"picked":"SKIP","floor":30},{"not_picked":["Double Tap","Barricade"],"picked":"Reaper","floor":33},{"not_picked":["Havoc","Wild Strike+1"],"picked":"True Grit+1","floor":35},{"not_picked":["True Grit","Clothesline","Flex"],"picked":"SKIP","floor":35},{"not_picked":["True Grit","Sword Boomerang"],"picked":"Juggernaut","floor":37},{"not_picked":["Pommel Strike+1","Second Wind","Anger+1"],"picked":"SKIP","floor":37},{"not_picked":["Warcry","Entrench","Anger"],"picked":"SKIP","floor":39},{"not_picked":["Body Slam","Shrug It Off","Wild Strike"],"picked":"SKIP","floor":39},{"not_picked":["Intimidate","Thunderclap"],"picked":"Shockwave+1","floor":40}],"player_experience":569026,"relics_obtained":[{"floor":12,"key":"MealTicket"},{"floor":21,"key":"Red Mask"},{"floor":23,"key":"Whetstone"},{"floor":25,"key":"Girya"},{"floor":26,"key":"Prayer Wheel"},{"floor":30,"key":"White Beast Statue"},{"floor":40,"key":"Potion Belt"}],"event_choices":[{"cards_removed":["Strike_R"],"damage_healed":0,"gold_gain":0,"player_choice":"Card Removal","damage_taken":0,"max_hp_gain":0,"max_hp_loss":0,"event_name":"The Cleric","floor":2,"gold_loss":75},{"damage_healed":0,"gold_gain":0,"cards_transformed":["Strike_R"],"player_choice":"Transformed","damage_taken":0,"max_hp_gain":0,"max_hp_loss":0,"event_name":"Transmorgrifier","floor":4,"gold_loss":0,"cards_obtained":["Battle Trance"]},{"damage_healed":0,"gold_gain":0,"player_choice":"Fought Bandits","damage_taken":0,"max_hp_gain":0,"max_hp_loss":0,"event_name":"Masked Bandits","floor":21,"gold_loss":0},{"damage_healed":0,"gold_gain":0,"player_choice":"Ignored","damage_taken":0,"max_hp_gain":0,"max_hp_loss":0,"event_name":"Ghosts","floor":31,"gold_loss":0},{"damage_healed":0,"gold_gain":0,"player_choice":"Copied","damage_taken":0,"max_hp_gain":0,"max_hp_loss":0,"event_name":"Duplicator","floor":38,"gold_loss":0,"cards_obtained":["Reaper"]}],"is_beta":false,"boss_relics":[{"not_picked":["Tiny House","Busted Crown"],"picked":"Snecko Eye"},{"not_picked":["Runic Cube","Black Star"],"picked":"Pandora\u0027s Box"}],"items_purged_floors":[19,36],"is_endless":false,"potions_floor_spawned":[6,8,14,20,27,28,30,33,35,37,39,40],"killed_by":"Reptomancer","ascension_level":20}}