{"host":"ugys05tpep779cl6","time":1612957442,"event":{"mods":["AchievementEnabler","Aspiration","BaseMod","Beaked The Cultist","CatGirl Mod","Colored Powertips","HololiveMod","Lobotomy","Minty Spire (QoL Compilation)","Quick Restart","Replay The Spire","Spicy Shops","StSLib","The Druid"],"gold_per_floor":[79,90,15,27,27,27,27],"floor_reached":6,"language":"ENG","playtime":199,"items_purged":["Hololive_Strike"],"score":47,"play_id":"7ed48e18-3b31-4787-93b9-d4592b5f4361","local_time":"20210210124402","is_ascension_mode":true,"campfire_choices":[],"circlet_count":0,"master_deck":["Hololive_Defend","Hololive_Defend","Hololive_Psychosis","Hololive_CallArtia","Hololive_CallAmaneKanata","Hololive_CallAZKi","Hololive_CallYozoraMel","Hololive_CallYogiri","Hololive_CallUsadaPekora","Hololive_SummonFox","Hololive_CallAkiRosenthal"],"relics":["Hololive_TheStar"],"acts_visited":["Exordium"],"potions_floor_usage":[],"damage_taken":[{"damage":10.0,"enemies":"Small Slimes","floor":1.0,"turns":6.0},{"damage":7.0,"enemies":"2 Louse","floor":2.0,"turns":3.0},{"damage":0.0,"enemies":"Cultist","floor":4.0,"turns":4.0},{"damage":0,"enemies":"3 Sentries","floor":6,"turns":1}],"seed_played":"3060425917294815479","potions_obtained":[{"floor":2.0,"key":"Fire Potion"}],"is_trial":false,"path_per_floor":["M","M","$","M","?","E"],"character_chosen":"Hololive_HololiveCharacter","items_purchased":[],"campfire_rested":0,"item_purchase_floors":[],"current_hp_per_floor":[22,15,15,15,20,20,20],"gold":27,"neow_bonus":"TRANSFORM_CARD","is_daily":false,"chose_seed":false,"campfire_upgraded":0,"win_rate":0.0,"timestamp":1612957442,"path_taken":["M","M","$","M","?","E"],"items_purchased_type":[],"build_version":"2020-12-22","purchased_purges":1,"victory":false,"max_hp_per_floor":[35,35,35,35,40,40,40],"card_choices":[{"not_picked":["Hololive_Trident","Hololive_Psychosis","Hololive_Breathe"],"picked":"Hololive_SummonFox","floor":1.0},{"not_picked":["Hololive_LuckPotion","Hololive_OvertimeWork","Hololive_Breathe","Hololive_CallAZKi"],"picked":"SKIP","floor":2.0},{"not_picked":["Hololive_Sequa","Hololive_ManjiGathering","Hololive_RevenueBasedLive"],"picked":"Hololive_CallAkiRosenthal","floor":4.0}],"player_experience":740109,"relics_obtained":[],"event_choices":[{"damage_healed":0.0,"max_hp_gain":5.0,"max_hp_loss":0.0,"gold_gain":0.0,"event_name":"Big Fish","player_choice":"Donut","floor":5.0,"gold_loss":0.0,"damage_taken":0.0}],"is_beta":false,"boss_relics":[],"items_purged_floors":[3],"is_endless":false,"potions_floor_spawned":[2],"killed_by":"3 Sentries","ascension_level":6}}