{"host":"adi","time":1612966211,"event":{"mods":["AchievementEnabler","BaseMod","Bestiary","Colored Powertips","Minty Spire (QoL Compilation)","StSLib"],"gold_per_floor":[111,129,139,139,61,61,90,90,90,90,125,125,125,50,50,50,149,149,166,166,181,181,192,192,192],"floor_reached":24,"language":"ENG","playtime":914,"items_purged":["Regret"],"score":323,"play_id":"fadf0a9e-25c3-4216-8346-e56a81725383","local_time":"20210210151011","is_ascension_mode":true,"campfire_choices":[{"data":"Inflame","floor":6,"key":"SMITH"},{"data":"Disarm","floor":8,"key":"SMITH"},{"floor":10,"key":"RECALL"},{"floor":12,"key":"REST"},{"data":"Sword Boomerang","floor":16,"key":"SMITH"}],"circlet_count":0,"master_deck":["AscendersBane","Strike_R+1","Strike_R+1","Strike_R+1","Strike_R+1","Defend_R+1","Defend_R+1","Defend_R+1","Defend_R+1","Bash","Disarm+1","Clothesline","Warcry","Inflame+1","Twin Strike","Sword Boomerang+1","Reaper","Battle Trance+1"],"relics":["Burning Blood","Pantograph","Juzu Bracelet","Centennial Puzzle","Blue Candle","Calling Bell","Lantern","InkBottle","Ginger"],"acts_visited":["Exordium","TheCity"],"potions_floor_usage":[17,24],"damage_taken":[{"damage":6.0,"enemies":"Cultist","floor":1.0,"turns":4.0},{"damage":8.0,"enemies":"Small Slimes","floor":2.0,"turns":4.0},{"damage":5.0,"enemies":"2 Louse","floor":3.0,"turns":4.0},{"damage":39,"enemies":"Lagavulin","floor":7,"turns":8},{"damage":33,"enemies":"Gremlin Nob","floor":11,"turns":5},{"damage":26,"enemies":"Slime Boss","floor":17,"turns":5},{"damage":23,"enemies":"3 Byrds","floor":19,"turns":5},{"damage":28,"enemies":"Spheric Guardian","floor":21,"turns":5},{"damage":48,"enemies":"Chosen and Byrds","floor":23,"turns":7},{"damage":51,"enemies":"Slavers","floor":24,"turns":3}],"seed_played":"2042621958565295363","potions_obtained":[{"floor":7,"key":"SkillPotion"},{"floor":21,"key":"Swift Potion"}],"is_trial":false,"path_per_floor":["M","M","M","?","$","R","E","R","T","R","E","R","?","$","?","R","B",null,"M","$","M","?","M","E"],"character_chosen":"IRONCLAD","items_purchased":["Inflame"],"campfire_rested":1,"item_purchase_floors":[5],"current_hp_per_floor":[80,78,79,79,79,79,46,46,46,46,19,45,45,45,38,38,43,77,77,77,55,55,30,0,0],"gold":192,"neow_bonus":"TEN_PERCENT_HP_BONUS","is_daily":false,"chose_seed":false,"campfire_upgraded":3,"win_rate":0.0,"timestamp":1612966211,"path_taken":["M","M","?","?","$","R","E","R","T","R","E","R","?","$","?","R","BOSS","M","$","M","?","M","E"],"items_purchased_type":["Card"],"build_version":"2020-12-18","purchased_purges":1,"victory":false,"max_hp_per_floor":[88,88,88,88,88,88,88,88,88,88,88,88,88,88,88,88,88,88,88,88,88,88,88,88,88],"card_choices":[{"not_picked":["Heavy Blade","Havoc"],"picked":"Disarm","floor":1.0},{"not_picked":["Armaments","Anger"],"picked":"Clothesline","floor":2.0},{"not_picked":["Pummel","Heavy Blade"],"picked":"Warcry","floor":3.0},{"not_picked":["Clash","Havoc"],"picked":"Twin Strike","floor":7},{"not_picked":["Intimidate","Dark Embrace"],"picked":"Sword Boomerang","floor":11},{"not_picked":["Fiend Fire","Bludgeon"],"picked":"Reaper","floor":17},{"not_picked":["Rampage+1","Body Slam+1","Blood for Blood"],"picked":"SKIP","floor":19},{"not_picked":["Entrench","Clothesline"],"picked":"Battle Trance+1","floor":21},{"not_picked":["Havoc","Anger","Feed"],"picked":"SKIP","floor":23}],"player_experience":372843,"relics_obtained":[{"floor":7,"key":"Pantograph"},{"floor":9,"key":"Juzu Bracelet"},{"floor":11,"key":"Centennial Puzzle"},{"floor":18,"key":"Lantern"},{"floor":18,"key":"InkBottle"},{"floor":18,"key":"Ginger"}],"event_choices":[{"damage_healed":0.0,"max_hp_gain":0.0,"max_hp_loss":0.0,"gold_gain":0.0,"event_name":"The Cleric","player_choice":"Leave","floor":4.0,"gold_loss":0.0,"damage_taken":0.0},{"damage_healed":0,"gold_gain":0,"player_choice":"Box","damage_taken":0,"relics_obtained":["Blue Candle"],"max_hp_gain":0,"max_hp_loss":0,"event_name":"Big Fish","floor":13,"gold_loss":0,"cards_obtained":["Regret"]},{"cards_removed":["Strike_R"],"damage_healed":0,"gold_gain":0,"player_choice":"Card Removal","damage_taken":7,"max_hp_gain":0,"max_hp_loss":0,"event_name":"Golden Wing","floor":15,"gold_loss":0},{"damage_healed":0,"gold_gain":0,"player_choice":"Simplicity","damage_taken":0,"max_hp_gain":0,"max_hp_loss":0,"event_name":"Back to Basics","floor":22,"gold_loss":0,"cards_upgraded":["Strike_R","Strike_R","Strike_R","Strike_R","Defend_R","Defend_R","Defend_R","Defend_R"]}],"is_beta":true,"boss_relics":[{"not_picked":["Runic Cube","Sozu"],"picked":"Calling Bell"}],"items_purged_floors":[14],"is_endless":false,"potions_floor_spawned":[7,21],"killed_by":"Slavers","ascension_level":12}}