{"host":"6jrd8fn9k88n08be","time":1612980827,"event":{"mods":["BaseMod","Minty Spire (QoL Compilation)","StSLib"],"gold_per_floor":[360,374,374,68,87,112,129,159,182,147,160,191,191,205,205,305,305,325,105,105,105,105,105,105],"floor_reached":23,"language":"ENG","playtime":1316,"items_purged":[],"score":240,"play_id":"eb164869-f6e2-4097-b12e-2f49f3b6a70f","local_time":"20210210131347","is_ascension_mode":true,"campfire_choices":[{"data":"Glacier","floor":13,"key":"SMITH"},{"floor":15,"key":"REST"}],"circlet_count":0,"master_deck":["Strike_R","Strike_R","Defend_R","Defend_R","Defend_R","Defend_R","Bash","Cleave","Battle Trance","Glacier+1","BowlingBash","Madness","Rampage","Prostrate","Prepared","Prepared","Echo Form","SashWhip","Uppercut"],"relics":["Burning Blood","PrismaticShard","Red Skull","Art of War","Bag of Marbles","Centennial Puzzle","Strawberry","Empty Cage","Bronze Scales"],"acts_visited":["Exordium","TheCity"],"potions_floor_usage":[6,8,8,11],"damage_taken":[{"damage":12,"enemies":"Jaw Worm","floor":1,"turns":4},{"damage":4,"enemies":"2 Louse","floor":2,"turns":3},{"damage":2,"enemies":"Small Slimes","floor":5,"turns":4},{"damage":38,"enemies":"3 Sentries","floor":6,"turns":10},{"damage":1,"enemies":"3 Louse","floor":7,"turns":3},{"damage":18,"enemies":"Gremlin Nob","floor":8,"turns":4},{"damage":0,"enemies":"Blue Slaver","floor":11,"turns":1},{"damage":28,"enemies":"Lagavulin","floor":12,"turns":7},{"damage":22,"enemies":"Exordium Thugs","floor":14,"turns":4},{"damage":20,"enemies":"The Guardian","floor":16,"turns":10},{"damage":34,"enemies":"Spheric Guardian","floor":18,"turns":7},{"damage":42,"enemies":"Slavers","floor":23,"turns":3}],"seed_played":"7767083592486866874","potions_obtained":[{"floor":2,"key":"Energy Potion"},{"floor":5,"key":"ColorlessPotion"},{"floor":7,"key":"FearPotion"},{"floor":8,"key":"Fire Potion"},{"floor":18,"key":"DuplicationPotion"}],"is_trial":false,"path_per_floor":["M","M","?","$","M","E","M","E","T","?","M","E","R","M","R","B",null,"M","$","?","?","?","E"],"character_chosen":"IRONCLAD","items_purchased":["PrismaticShard","Red Skull","Bronze Scales","Uppercut"],"campfire_rested":1,"item_purchase_floors":[4,4,19,19],"current_hp_per_floor":[50,52,52,52,56,24,29,17,17,37,43,28,28,12,38,24,87,59,59,59,42,42,0,0],"gold":105,"neow_bonus":"TWO_FIFTY_GOLD","is_daily":false,"chose_seed":false,"campfire_upgraded":1,"win_rate":0.0,"timestamp":1612980827,"path_taken":["M","M","?","$","M","E","M","E","T","?","M","E","R","M","R","BOSS","M","$","?","?","?","E"],"items_purchased_type":["Relic","Relic","Relic","Card"],"build_version":"2020-12-22","purchased_purges":0,"victory":false,"max_hp_per_floor":[80,80,80,80,80,80,80,80,80,80,80,87,87,87,87,87,87,87,87,87,92,92,92,92],"card_choices":[{"not_picked":["Twin Strike","Headbutt"],"picked":"Cleave","floor":1},{"not_picked":["Anger","Headbutt","Sever Soul"],"picked":"SKIP","floor":2},{"not_picked":["ClearTheMind","InnerPeace"],"picked":"Glacier","floor":5},{"not_picked":["Deflect","Terror"],"picked":"BowlingBash","floor":6},{"not_picked":["Evolve","Anger"],"picked":"Madness","floor":7},{"not_picked":["Blade Dance","Lockon"],"picked":"Rampage","floor":8},{"not_picked":["Backflip","ConjureBlade"],"picked":"Prostrate","floor":11},{"not_picked":["Barrage","Poisoned Stab"],"picked":"Prepared","floor":12},{"not_picked":["Madness","Dagger Throw"],"picked":"Prepared","floor":14},{"not_picked":["Judgement","Core Surge"],"picked":"Echo Form","floor":16},{"not_picked":["Body Slam","MentalFortress"],"picked":"SashWhip","floor":18}],"player_experience":177157,"relics_obtained":[{"floor":6,"key":"Art of War"},{"floor":8,"key":"Bag of Marbles"},{"floor":9,"key":"Centennial Puzzle"},{"floor":12,"key":"Strawberry"}],"event_choices":[{"damage_healed":0,"gold_gain":0,"cards_transformed":["Strike_R"],"player_choice":"Change","damage_taken":0,"max_hp_gain":0,"max_hp_loss":0,"event_name":"Living Wall","floor":3,"gold_loss":0,"cards_obtained":["Battle Trance"]},{"damage_healed":20,"gold_gain":0,"player_choice":"Healed","damage_taken":0,"max_hp_gain":0,"max_hp_loss":0,"event_name":"The Cleric","floor":10,"gold_loss":35},{"damage_healed":0,"gold_gain":0,"player_choice":"Ignored","damage_taken":0,"max_hp_gain":0,"max_hp_loss":0,"event_name":"Vampires","floor":20,"gold_loss":0},{"damage_healed":0,"gold_gain":0,"player_choice":"Shed Blood","damage_taken":22,"max_hp_gain":5,"max_hp_loss":0,"event_name":"Forgotten Altar","floor":21,"gold_loss":0},{"damage_healed":0,"gold_gain":0,"player_choice":"Ignored","damage_taken":0,"max_hp_gain":0,"max_hp_loss":0,"event_name":"Ghosts","floor":22,"gold_loss":0}],"is_beta":false,"boss_relics":[{"not_picked":["Runic Cube","SacredBark"],"picked":"Empty Cage"}],"items_purged_floors":[],"is_endless":false,"potions_floor_spawned":[2,5,7,8,18],"killed_by":"Slavers","ascension_level":3}}