{"host":"sxnl403xm2xmiyj1","time":1612975467,"event":{"mods":["AchievementEnabler","BaseMod","Colored Map","Keyboard Shortcuts","Minty Spire (QoL Compilation)","Quick Restart","StSLib","SuperFastMode"],"gold_per_floor":[114,134,134,134,134,134,168,191,191,209,209,243,243,266,266,355,355,370,370,393,408,55,55,55],"floor_reached":23,"language":"KOR","playtime":372,"items_purged":[],"score":452,"play_id":"5d724421-7564-4ec7-a4c9-48bb08287334","local_time":"20210211014427","is_ascension_mode":true,"campfire_choices":[{"data":"Barrage","floor":6.0,"key":"SMITH"},{"data":"Zap","floor":11.0,"key":"SMITH"},{"floor":13.0,"key":"REST"},{"data":"Creative AI","floor":15.0,"key":"SMITH"}],"circlet_count":0,"master_deck":["AscendersBane","Strike_B","Strike_B","Strike_B","Strike_B","Defend_B","Defend_B","Defend_B+1","Defend_B+1","Zap+1","Dualcast","Ball Lightning","Barrage+1","Cold Snap","Tempest","Coolheaded","Creative AI+1","White Noise","Double Energy","Electrodynamics","Coolheaded+1","Compile Driver","Coolheaded","Capacitor","Conserve Battery","Aggregate","Blizzard","FTL"],"relics":["Cracked Core","NeowsBlessing","Pear","Golden Idol","Dream Catcher","Juzu Bracelet","Oddly Smooth Stone","Philosopher\u0027s Stone"],"acts_visited":["Exordium","TheCity"],"potions_floor_usage":[],"damage_taken":[{"damage":0.0,"enemies":"2 Louse","floor":1.0,"turns":1.0},{"damage":0.0,"enemies":"Jaw Worm","floor":2.0,"turns":1.0},{"damage":0.0,"enemies":"Lagavulin","floor":7.0,"turns":1.0},{"damage":8.0,"enemies":"Small Slimes","floor":8.0,"turns":3.0},{"damage":13.0,"enemies":"3 Louse","floor":10.0,"turns":3.0},{"damage":12.0,"enemies":"3 Sentries","floor":12.0,"turns":5.0},{"damage":10.0,"enemies":"2 Fungi Beasts","floor":14.0,"turns":4.0},{"damage":9.0,"enemies":"Hexaghost","floor":16.0,"turns":9.0},{"damage":17.0,"enemies":"Shell Parasite","floor":18.0,"turns":4.0},{"damage":11.0,"enemies":"Chosen","floor":20.0,"turns":6.0},{"damage":3.0,"enemies":"Centurion and Healer","floor":21.0,"turns":6.0},{"damage":33,"enemies":"Slavers","floor":23,"turns":2}],"seed_played":"4279224152814531193","potions_obtained":[{"floor":2.0,"key":"DuplicationPotion"},{"floor":8.0,"key":"SkillPotion"},{"floor":14.0,"key":"DuplicationPotion"},{"floor":16.0,"key":"GamblersBrew"}],"is_trial":false,"path_per_floor":["M","M","?","T","?","R","E","M","T","M","R","E","R","M","R","B",null,"M","?","M","M","$","E"],"character_chosen":"DEFECT","items_purchased":["Capacitor","Conserve Battery","Aggregate","Blizzard","FTL"],"campfire_rested":1,"item_purchase_floors":[22,22,22,22,22],"current_hp_per_floor":[64,64,43,53,53,53,53,45,45,32,32,20,41,31,31,22,60,43,43,32,29,29,0,0],"gold":55,"neow_bonus":"THREE_ENEMY_KILL","is_daily":false,"chose_seed":false,"campfire_upgraded":3,"win_rate":0.0,"timestamp":1612975467,"path_taken":["M","M","?","?","?","R","E","M","T","M","R","E","R","M","R","BOSS","M","?","M","M","$","E"],"items_purchased_type":["Card","Card","Card","Card","Card"],"build_version":"2020-12-22","purchased_purges":0,"victory":false,"max_hp_per_floor":[71,71,71,81,73,73,73,73,73,73,73,73,73,73,73,73,73,73,73,73,73,73,73,73],"card_choices":[{"not_picked":["Hologram","Doom and Gloom"],"picked":"Ball Lightning","floor":1.0},{"not_picked":["Turbo","Force Field"],"picked":"Barrage","floor":2.0},{"not_picked":["Streamline","Compile Driver"],"picked":"Cold Snap","floor":7.0},{"not_picked":["Gash","Reprogram"],"picked":"Tempest","floor":8.0},{"not_picked":["Rebound","Streamline"],"picked":"Coolheaded","floor":10.0},{"not_picked":["Steam","Chaos"],"picked":"Creative AI","floor":12.0},{"not_picked":["Hologram","Rebound"],"picked":"White Noise","floor":13.0},{"not_picked":["Go for the Eyes","Beam Cell"],"picked":"Double Energy","floor":14.0},{"not_picked":["Thunder Strike","Meteor Strike"],"picked":"Electrodynamics","floor":16.0},{"not_picked":["Rebound","Gash"],"picked":"Coolheaded+1","floor":18.0},{"not_picked":["Meteor Strike","Gash+1"],"picked":"Compile Driver","floor":20.0},{"not_picked":["Conserve Battery","Streamline"],"picked":"Coolheaded","floor":21.0}],"player_experience":211801,"relics_obtained":[{"floor":4.0,"key":"Pear"},{"floor":7.0,"key":"Dream Catcher"},{"floor":9.0,"key":"Juzu Bracelet"},{"floor":12.0,"key":"Oddly Smooth Stone"}],"event_choices":[{"damage_healed":0.0,"max_hp_gain":0.0,"max_hp_loss":0.0,"gold_gain":0.0,"event_name":"Shining Light","player_choice":"Entered Light","floor":3.0,"gold_loss":0.0,"damage_taken":21.0,"cards_upgraded":["Defend_B","Defend_B"]},{"damage_healed":0.0,"max_hp_gain":0.0,"max_hp_loss":8.0,"gold_gain":0.0,"event_name":"Golden Idol","player_choice":"Lose Max HP","floor":5.0,"gold_loss":0.0,"damage_taken":0.0,"relics_obtained":["Golden Idol"]},{"damage_healed":0.0,"max_hp_gain":0.0,"max_hp_loss":0.0,"gold_gain":0.0,"event_name":"Vampires","player_choice":"Ignored","floor":19.0,"gold_loss":0.0,"damage_taken":0.0}],"is_beta":false,"boss_relics":[{"not_picked":["Velvet Choker","Empty Cage"],"picked":"Philosopher\u0027s Stone"}],"items_purged_floors":[],"is_endless":false,"potions_floor_spawned":[2,8,14,16,18],"killed_by":"Slavers","ascension_level":20}}