{"host":"13o02hya6v6rzuva","time":1612949333,"event":{"mods":["BaseMod","Minty Spire (QoL Compilation)","Relic Stats"],"gold_per_floor":[119,129,139,154,169,198,198,223,223,257,332,360,374,384,384,485,485,501,516,441,452,20,20,20,20],"floor_reached":24,"language":"ENG","playtime":2717,"items_purged":[],"score":306,"play_id":"1e79da37-9fdf-43a0-9c4a-65570cd08ff6","local_time":"20210210102853","is_ascension_mode":true,"campfire_choices":[{"data":"Adaptation","floor":7,"key":"SMITH"},{"floor":15,"key":"REST"},{"floor":23,"key":"REST"}],"circlet_count":0,"master_deck":["Strike_P","Strike_P","Strike_P","Strike_P","Defend_P","Defend_P+1","Defend_P+1","Eruption","Vigilance","SignatureMove","FollowUp","Adaptation+1","Consecrate","CutThroughFate","EmptyBody","Swivel","EmptyFist","MentalFortress","LikeWater","ReachHeaven","DevaForm","TalkToTheHand+1","FlyingSleeves","Evaluate"],"relics":["PureWater","War Paint","Eternal Feather","Centennial Puzzle","The Courier","Orichalcum","Ornamental Fan","VioletLotus","Question Card","Mango"],"acts_visited":["Exordium","TheCity"],"potions_floor_usage":[6,8,8,10,14,16,21,24],"damage_taken":[{"damage":0,"enemies":"Cultist","floor":1,"turns":3},{"damage":0,"enemies":"Small Slimes","floor":2,"turns":2},{"damage":0,"enemies":"Jaw Worm","floor":3,"turns":3},{"damage":0,"enemies":"Large Slime","floor":4,"turns":2},{"damage":4,"enemies":"Exordium Wildlife","floor":5,"turns":3},{"damage":37,"enemies":"3 Sentries","floor":6,"turns":8},{"damage":0,"enemies":"Gremlin Nob","floor":8,"turns":2},{"damage":2,"enemies":"3 Sentries","floor":10,"turns":5},{"damage":22,"enemies":"Gremlin Nob","floor":12,"turns":4},{"damage":0,"enemies":"Gremlin Gang","floor":13,"turns":4},{"damage":0,"enemies":"3 Louse","floor":14,"turns":1},{"damage":33,"enemies":"Hexaghost","floor":16,"turns":12},{"damage":33,"enemies":"3 Byrds","floor":18,"turns":6},{"damage":12,"enemies":"Chosen","floor":19,"turns":7},{"damage":17,"enemies":"Shelled Parasite and Fungi","floor":21,"turns":6},{"damage":64,"enemies":"Slavers","floor":24,"turns":10}],"seed_played":"-3056043336442854446","potions_obtained":[{"floor":1,"key":"GamblersBrew"},{"floor":2,"key":"LiquidMemories"},{"floor":6,"key":"DuplicationPotion"},{"floor":8,"key":"DistilledChaos"},{"floor":13,"key":"Explosive Potion"},{"floor":14,"key":"BottledMiracle"},{"floor":16,"key":"DuplicationPotion"},{"floor":19,"key":"SkillPotion"}],"is_trial":false,"path_per_floor":["M","M","M","M","M","E","R","E","T","E","?","E","M","M","R","B",null,"M","M","?","M","$","R","E"],"character_chosen":"WATCHER","items_purchased":["Question Card","Mango"],"campfire_rested":2,"item_purchase_floors":[22,22],"current_hp_per_floor":[72,72,72,72,68,31,40,40,40,38,27,5,5,5,38,5,72,39,27,27,10,24,61,0,0],"gold":20,"neow_bonus":"RANDOM_COMMON_RELIC","is_daily":false,"chose_seed":false,"campfire_upgraded":1,"win_rate":0.0,"timestamp":1612949333,"path_taken":["M","M","M","M","?","E","R","E","T","E","?","E","M","M","R","BOSS","M","M","?","M","$","R","E"],"items_purchased_type":["Relic","Relic"],"build_version":"2020-12-22","purchased_purges":0,"victory":false,"max_hp_per_floor":[72,72,72,72,72,72,72,72,72,72,72,72,72,72,72,72,72,72,72,72,72,86,86,86,86],"relic_stats":{"Centennial Puzzle":[21],"counters":[16,78],"Ornamental Fan":[68],"Eternal Feather":33,"VioletLotus":[3],"War Paint":["Defend_P","Defend_P"],"Orichalcum":[42],"Question Card":0,"obtain_stats":[{"Centennial Puzzle":8,"Ornamental Fan":12,"Eternal Feather":6,"Mango":22,"The Courier":9,"VioletLotus":17,"PureWater":0,"War Paint":0,"Orichalcum":10,"Question Card":22},{"Centennial Puzzle":7,"Ornamental Fan":9,"Eternal Feather":6,"Mango":15,"The Courier":7,"VioletLotus":12,"PureWater":0,"War Paint":0,"Orichalcum":8,"Question Card":15},{"Centennial Puzzle":23,"Ornamental Fan":32,"Eternal Feather":21,"Mango":68,"The Courier":23,"VioletLotus":49,"PureWater":0,"War Paint":0,"Orichalcum":28,"Question Card":68}]},"card_choices":[{"not_picked":["SandsOfTime","ClearTheMind"],"picked":"SignatureMove","floor":1},{"not_picked":["Consecrate","CutThroughFate"],"picked":"FollowUp","floor":2},{"not_picked":["EmptyFist","Consecrate"],"picked":"Adaptation","floor":3},{"not_picked":["WindmillStrike","BowlingBash"],"picked":"Consecrate","floor":4},{"not_picked":["Collect","Brilliance"],"picked":"CutThroughFate","floor":5},{"not_picked":["Brilliance","InnerPeace"],"picked":"EmptyBody","floor":6},{"not_picked":["Brilliance","BowlingBash"],"picked":"Swivel","floor":8},{"not_picked":["ClearTheMind","Protect"],"picked":"EmptyFist","floor":10},{"not_picked":["Conclude","Protect"],"picked":"MentalFortress","floor":12},{"not_picked":["ThirdEye","Meditate"],"picked":"LikeWater","floor":13},{"not_picked":["Adaptation","SashWhip"],"picked":"ReachHeaven","floor":14},{"not_picked":["Judgement","Devotion"],"picked":"DevaForm","floor":16},{"not_picked":["Halt+1","JustLucky+1"],"picked":"TalkToTheHand+1","floor":18},{"not_picked":["EmptyFist","Conclude+1"],"picked":"FlyingSleeves","floor":19},{"not_picked":["PathToVictory+1","Brilliance"],"picked":"Evaluate","floor":21}],"player_experience":1210318,"relics_obtained":[{"floor":6,"key":"Eternal Feather"},{"floor":8,"key":"Centennial Puzzle"},{"floor":9,"key":"The Courier"},{"floor":10,"key":"Orichalcum"},{"floor":12,"key":"Ornamental Fan"}],"event_choices":[{"damage_healed":0,"gold_gain":75,"player_choice":"Gather Gold","damage_taken":11,"max_hp_gain":0,"max_hp_loss":0,"event_name":"World of Goop","floor":11,"gold_loss":0},{"cards_removed":["Defend_P"],"damage_healed":0,"gold_gain":0,"player_choice":"Gave Gold","damage_taken":0,"max_hp_gain":0,"max_hp_loss":0,"event_name":"Beggar","floor":20,"gold_loss":75}],"is_beta":false,"boss_relics":[{"not_picked":["Fusion Hammer","HolyWater"],"picked":"VioletLotus"}],"items_purged_floors":[],"is_endless":false,"potions_floor_spawned":[1,2,6,8,13,14,16,19],"killed_by":"Slavers","ascension_level":4}}