{"host":"Qube","time":1612984207,"event":{"mods":["AchievementEnabler","BaseMod","Colored Map","Colored Powertips","Highlight Path","Minty Spire (QoL Compilation)","Permanent Neow","Quick Restart","Random Character Button","StSLib"],"gold_per_floor":[109,34,34,47,66,93,108,142,165,175,175,175,175,206,206,277,277,295,306,221,221,233,233,233,233],"floor_reached":24,"language":"ENG","playtime":962,"items_purged":["Normality"],"score":432,"play_id":"c2815369-4e8d-4c13-ae57-f19c8cd08f5c","local_time":"20210210111007","is_ascension_mode":true,"campfire_choices":[{"data":"Armaments","floor":11.0,"key":"SMITH"},{"floor":13.0,"key":"REST"},{"data":"True Grit","floor":15.0,"key":"SMITH"},{"data":"Corruption","floor":23,"key":"SMITH"}],"circlet_count":0,"master_deck":["AscendersBane","Strike_R","Strike_R","Strike_R","Strike_R","Defend_R","Defend_R+1","Defend_R","Bash","Clothesline","Carnage","Shrug It Off+1","Wild Strike","True Grit+1","Corruption+1","Armaments+1","Wild Strike","Body Slam","Intimidate","Barricade","Uppercut","Sentinel","Shrug It Off+1"],"relics":["Black Blood","Orichalcum","War Paint","MealTicket","Ancient Tea Set","Bronze Scales","Darkstone Periapt","Red Skull","Boot"],"acts_visited":["Exordium","TheCity"],"potions_floor_usage":[24],"damage_taken":[{"damage":4.0,"enemies":"Cultist","floor":1.0,"turns":3.0},{"damage":7.0,"enemies":"Small Slimes","floor":4.0,"turns":4.0},{"damage":3.0,"enemies":"Jaw Worm","floor":5.0,"turns":3.0},{"damage":10.0,"enemies":"Gremlin Nob","floor":6.0,"turns":4.0},{"damage":3.0,"enemies":"2 Fungi Beasts","floor":7.0,"turns":3.0},{"damage":25.0,"enemies":"Lagavulin","floor":8.0,"turns":6.0},{"damage":4.0,"enemies":"Exordium Thugs","floor":10.0,"turns":4.0},{"damage":12.0,"enemies":"Gremlin Nob","floor":14.0,"turns":4.0},{"damage":21.0,"enemies":"Hexaghost","floor":16.0,"turns":9.0},{"damage":14.0,"enemies":"3 Byrds","floor":18.0,"turns":3.0},{"damage":3.0,"enemies":"Chosen","floor":19.0,"turns":4.0},{"damage":40,"enemies":"Centurion and Healer","floor":22,"turns":16},{"damage":44,"enemies":"Book of Stabbing","floor":24,"turns":5}],"seed_played":"1839116372820254364","potions_obtained":[{"floor":1.0,"key":"Ancient Potion"},{"floor":8.0,"key":"PowerPotion"},{"floor":10.0,"key":"ColorlessPotion"},{"floor":14.0,"key":"Swift Potion"},{"floor":16.0,"key":"CultistPotion"}],"is_trial":false,"path_per_floor":["M","$","?","M","M","E","M","E","T","M","R","?","R","E","R","B",null,"M","M","?","?","M","R","E"],"character_chosen":"IRONCLAD","items_purchased":[],"campfire_rested":1,"item_purchase_floors":[],"current_hp_per_floor":[70,70,44,43,46,42,45,26,26,28,28,28,50,44,44,29,64,62,71,71,71,43,43,0,0],"gold":233,"neow_bonus":"TRANSFORM_TWO_CARDS","is_daily":false,"chose_seed":false,"campfire_upgraded":3,"win_rate":0.0,"timestamp":1612984207,"path_taken":["M","$","?","M","M","E","M","E","T","M","R","?","R","E","R","BOSS","M","?","?","?","?","R","E"],"items_purchased_type":[],"build_version":"2020-12-18","purchased_purges":1,"victory":false,"max_hp_per_floor":[75,75,75,75,75,75,75,75,75,75,75,75,75,75,75,75,75,75,75,75,75,75,75,75,75],"card_choices":[{"not_picked":["Havoc","Battle Trance"],"picked":"Shrug It Off","floor":1.0},{"not_picked":["Heavy Blade","Dark Embrace"],"picked":"Wild Strike","floor":4.0},{"not_picked":["Wild Strike","Havoc"],"picked":"True Grit","floor":5.0},{"not_picked":["Second Wind","Warcry"],"picked":"Corruption","floor":6.0},{"not_picked":["Headbutt","Iron Wave"],"picked":"Armaments","floor":7.0},{"not_picked":["Heavy Blade","Rupture"],"picked":"Wild Strike","floor":8.0},{"not_picked":["Seeing Red","Perfected Strike"],"picked":"Body Slam","floor":10.0},{"not_picked":["Brutality","Dropkick"],"picked":"Intimidate","floor":14.0},{"not_picked":["Limit Break","Impervious"],"picked":"Barricade","floor":16.0},{"not_picked":["Body Slam","Heavy Blade"],"picked":"Uppercut","floor":18.0},{"not_picked":["Dual Wield","Whirlwind"],"picked":"Sentinel","floor":19.0},{"not_picked":["Dual Wield+1","Battle Trance"],"picked":"Shrug It Off+1","floor":22}],"player_experience":1128378,"relics_obtained":[{"floor":6.0,"key":"War Paint"},{"floor":8.0,"key":"MealTicket"},{"floor":9.0,"key":"Ancient Tea Set"},{"floor":14.0,"key":"Darkstone Periapt"},{"floor":21.0,"key":"Boot"}],"event_choices":[{"damage_healed":0.0,"max_hp_gain":0.0,"max_hp_loss":0.0,"gold_gain":0.0,"event_name":"Scrap Ooze","player_choice":"Success","floor":3.0,"gold_loss":0.0,"damage_taken":26.0,"relics_obtained":["Orichalcum"]},{"damage_healed":0.0,"max_hp_gain":0.0,"max_hp_loss":0.0,"gold_gain":0.0,"event_name":"WeMeetAgain","player_choice":"Gave Potion","floor":12.0,"gold_loss":0.0,"damage_taken":0.0,"relics_obtained":["Bronze Scales"]},{"damage_healed":0.0,"max_hp_gain":0.0,"max_hp_loss":0.0,"gold_gain":0.0,"event_name":"Addict","player_choice":"Obtained Relic","floor":20.0,"gold_loss":85.0,"damage_taken":0.0,"relics_obtained":["Red Skull"]},{"damage_healed":0.0,"max_hp_gain":0.0,"max_hp_loss":0.0,"gold_gain":0.0,"event_name":"Wheel of Change","player_choice":"Relic","floor":21.0,"gold_loss":0.0,"damage_taken":0.0}],"is_beta":true,"boss_relics":[{"not_picked":["Fusion Hammer","Philosopher\u0027s Stone"],"picked":"Black Blood"}],"items_purged_floors":[2],"is_endless":false,"potions_floor_spawned":[1,8,10,14,16],"killed_by":"Book of Stabbing","ascension_level":20}}