{"host":"minbhrtlkaoly5f0","time":1612926007,"event":{"mods":["Act Like it!","BaseMod","Colored Map","Minty Spire (QoL Compilation)","Quick Restart","StSLib"],"gold_per_floor":[111,11,27,27,41,41,51,51,76,76,90,90,125,125,125,220,220,210,221,121,136,155,155,175,175,175,175,175,191,191,210,210,210,210],"floor_reached":33,"language":"ZHS","playtime":1254,"items_purged":["Strike_B","Defend_B"],"score":249,"play_id":"88dd9565-6bfc-47f8-8acb-7545d210963b","local_time":"20210210110007","is_ascension_mode":false,"campfire_choices":[{"data":"Gash","floor":6.0,"key":"SMITH"},{"data":"Rebound","floor":8.0,"key":"SMITH"},{"data":"Beam Cell","floor":12.0,"key":"SMITH"},{"data":"White Noise","floor":15.0,"key":"SMITH"},{"floor":23.0,"key":"REST"},{"floor":25.0,"key":"REST"},{"floor":32.0,"key":"REST"}],"circlet_count":0,"master_deck":["Strike_B","Defend_B","Defend_B","Zap","Gash+1","Leap","Rebound+1","Beam Cell+1","White Noise+1","All For One","Capacitor+1","Seek+1","Blizzard+1","Steam","Gash","Conserve Battery"],"relics":["Cracked Core","NeowsBlessing","Bag of Preparation","Tiny Chest","CultistMask","Astrolabe","Sundial"],"acts_visited":["Exordium","TheCity"],"potions_floor_usage":[33,33],"damage_taken":[{"damage":0.0,"enemies":"2 Louse","floor":1.0,"turns":1.0},{"damage":0.0,"enemies":"Cultist","floor":3.0,"turns":1.0},{"damage":0.0,"enemies":"Jaw Worm","floor":5.0,"turns":1.0},{"damage":15.0,"enemies":"Lots of Slimes","floor":7.0,"turns":4.0},{"damage":2.0,"enemies":"Blue Slaver","floor":11.0,"turns":3.0},{"damage":17.0,"enemies":"3 Sentries","floor":13.0,"turns":6.0},{"damage":53.0,"enemies":"The Guardian","floor":16.0,"turns":7.0},{"damage":21.0,"enemies":"2 Thieves","floor":18.0,"turns":4.0},{"damage":28.0,"enemies":"Shell Parasite","floor":19.0,"turns":5.0},{"damage":16.0,"enemies":"Sentry and Sphere","floor":21.0,"turns":5.0},{"damage":0.0,"enemies":"Chosen and Byrds","floor":22.0,"turns":4.0},{"damage":10.0,"enemies":"Snake Plant","floor":24.0,"turns":4.0},{"damage":14.0,"enemies":"3 Cultists","floor":29.0,"turns":6.0},{"damage":0.0,"enemies":"Centurion and Healer","floor":31.0,"turns":4.0},{"damage":83,"enemies":"Collector","floor":33,"turns":7}],"seed_played":"4564331074737490203","potions_obtained":[{"floor":5.0,"key":"Ancient Potion"},{"floor":7.0,"key":"FairyPotion"},{"floor":11.0,"key":"SteroidPotion"},{"floor":18.0,"key":"Energy Potion"},{"floor":19.0,"key":"PowerPotion"},{"floor":22.0,"key":"FearPotion"},{"floor":31.0,"key":"PotionOfCapacity"}],"is_trial":false,"path_per_floor":["M","$","M","$","M","R","M","R","T","?","M","R","E","?","R","B",null,"M","M","$","M","M","R","M","R","T","?","T","M","?","M","R","B"],"character_chosen":"DEFECT","items_purchased":["Gash"],"campfire_rested":3,"item_purchase_floors":[2],"current_hp_per_floor":[75,75,75,75,75,75,60,60,60,60,58,58,41,41,41,14,75,54,26,26,10,10,32,22,44,44,44,44,30,30,30,52,0,0],"gold":210,"neow_bonus":"THREE_ENEMY_KILL","is_daily":false,"chose_seed":false,"campfire_upgraded":4,"win_rate":0.0,"timestamp":1612926007,"path_taken":["M","$","M","$","M","R","M","R","T","?","?","R","E","?","R","BOSS","M","M","$","?","M","R","M","R","T","?","?","M","?","M","R","BOSS"],"items_purchased_type":["Card"],"build_version":"2020-12-22","purchased_purges":2,"victory":false,"max_hp_per_floor":[75,75,75,75,75,75,75,75,75,75,75,75,75,75,75,75,75,75,75,75,75,75,75,75,75,75,75,75,75,75,75,75,75,75],"card_choices":[{"not_picked":["Steam","Go for the Eyes","Aggregate"],"picked":"SKIP","floor":1.0},{"not_picked":["Hologram","Ball Lightning"],"picked":"Leap","floor":3.0},{"not_picked":["Ball Lightning","Leap"],"picked":"Rebound","floor":5.0},{"not_picked":["Undo","Rip and Tear"],"picked":"Beam Cell","floor":7.0},{"not_picked":["Beam Cell","Hologram","Stack"],"picked":"SKIP","floor":11.0},{"not_picked":["Reinforced Body","Redo"],"picked":"White Noise","floor":13.0},{"not_picked":["Thunder Strike","Echo Form"],"picked":"All For One","floor":16.0},{"not_picked":["Steam+1","Compile Driver","Lockon"],"picked":"SKIP","floor":18.0},{"not_picked":["Sunder","Tempest"],"picked":"Chill","floor":19.0},{"not_picked":["Rip and Tear","Consume"],"picked":"Steam","floor":21.0},{"not_picked":["Redo","Rebound","Melter"],"picked":"SKIP","floor":22.0},{"not_picked":["Stack","Conserve Battery","Rainbow"],"picked":"SKIP","floor":24.0},{"not_picked":["Streamline","Steam+1"],"picked":"Gash","floor":29.0},{"not_picked":["Leap","Redo"],"picked":"Conserve Battery","floor":31.0}],"player_experience":37778,"relics_obtained":[{"floor":9.0,"key":"Bag of Preparation"},{"floor":13.0,"key":"Tiny Chest"},{"floor":28.0,"key":"Sundial"}],"event_choices":[{"cards_removed":["Dualcast"],"damage_healed":0.0,"max_hp_gain":0.0,"max_hp_loss":0.0,"gold_gain":0.0,"event_name":"Bonfire Elementals","player_choice":"Offered Basic","floor":10.0,"gold_loss":0.0,"damage_taken":0.0},{"damage_healed":0.0,"max_hp_gain":0.0,"max_hp_loss":0.0,"gold_gain":0.0,"event_name":"FaceTrader","player_choice":"Trade","floor":14.0,"gold_loss":0.0,"damage_taken":0.0,"relics_obtained":["CultistMask"]},{"damage_healed":0.0,"max_hp_gain":0.0,"max_hp_loss":0.0,"gold_gain":0.0,"event_name":"NoteForYourself","player_choice":"Ignored","floor":27.0,"gold_loss":0.0,"damage_taken":0.0},{"cards_removed":["Chill"],"damage_healed":0.0,"max_hp_gain":0.0,"max_hp_loss":0.0,"gold_gain":0.0,"event_name":"Back to Basics","player_choice":"Elegance","floor":30.0,"gold_loss":0.0,"damage_taken":0.0}],"is_beta":false,"boss_relics":[{"not_picked":["Coffee Dripper","Inserter"],"picked":"Astrolabe"}],"items_purged_floors":[2,20],"is_endless":false,"potions_floor_spawned":[5,7,11,13,18,19,22,31],"killed_by":"Collector","ascension_level":0}}