{"host":"h4lp0eeso8a0ssq0","time":1612932977,"event":{"mods":["2.2 Compatiblity","AchievementEnabler","BaseMod","CapriCore","Colored Map","Minty Spire (QoL Compilation)","StSLib","SuperFastMode"],"gold_per_floor":[116,136,146,196,213,240,256,256,256,256,271,271,271],"floor_reached":12,"language":"KOR","playtime":393,"items_purged":[],"score":160,"play_id":"f7ea966f-7fe5-40a6-a7f1-53cb1ef8dcfa","local_time":"20210210135617","is_ascension_mode":true,"campfire_choices":[{"floor":8.0,"key":"REST"},{"data":"Crippling Poison","floor":10.0,"key":"SMITH"}],"circlet_count":0,"master_deck":["AscendersBane","Strike_G","Strike_G","Strike_G","Strike_G","Strike_G","Defend_G","Defend_G","Defend_G","Defend_G","Defend_G","Survivor","Neutralize","Caltrops","Endless Agony","Crippling Poison+1","Reflex","Backflip","Escape Plan","Noxious Fumes"],"relics":["Ring of the Snake","PreservedInsect","Bronze Scales","Potion Belt"],"acts_visited":["Exordium"],"potions_floor_usage":[12],"damage_taken":[{"damage":5.0,"enemies":"2 Louse","floor":1.0,"turns":6.0},{"damage":5.0,"enemies":"Cultist","floor":2.0,"turns":5.0},{"damage":4.0,"enemies":"Small Slimes","floor":3.0,"turns":3.0},{"damage":25.0,"enemies":"Exordium Thugs","floor":5.0,"turns":7.0},{"damage":13.0,"enemies":"3 Sentries","floor":6.0,"turns":7.0},{"damage":3.0,"enemies":"Red Slaver","floor":7.0,"turns":3.0},{"damage":21.0,"enemies":"Exordium Wildlife","floor":11.0,"turns":6.0},{"damage":10,"enemies":"Lagavulin","floor":12,"turns":5}],"seed_played":"-1020062447080601278","potions_obtained":[{"floor":2.0,"key":"DuplicationPotion"},{"floor":6.0,"key":"DistilledChaos"},{"floor":7.0,"key":"Energy Potion"},{"floor":11.0,"key":"AttackPotion"}],"is_trial":false,"path_per_floor":["M","M","M","?","M","E","M","R","T","R","M","E"],"character_chosen":"THE_SILENT","items_purchased":[],"campfire_rested":1,"item_purchase_floors":[],"current_hp_per_floor":[54,49,45,45,20,7,4,23,23,23,2,0,0],"gold":271,"neow_bonus":"RANDOM_COMMON_RELIC","is_daily":false,"chose_seed":false,"campfire_upgraded":1,"win_rate":0.0,"timestamp":1612932977,"path_taken":["M","M","M","?","M","E","?","R","T","R","M","E"],"items_purchased_type":[],"build_version":"2020-12-22","purchased_purges":0,"victory":false,"max_hp_per_floor":[66,66,66,66,66,66,66,66,66,66,66,66,66],"card_choices":[{"not_picked":["Quick Slash","Cloak And Dagger"],"picked":"Caltrops","floor":1.0},{"not_picked":["Calculated Gamble","Underhanded Strike"],"picked":"Endless Agony","floor":2.0},{"not_picked":["Deflect","Heel Hook"],"picked":"Crippling Poison","floor":3.0},{"not_picked":["Underhanded Strike","Night Terror"],"picked":"Reflex","floor":5.0},{"not_picked":["Deadly Poison","Poisoned Stab"],"picked":"Backflip","floor":6.0},{"not_picked":["Tactician","Flechettes"],"picked":"Escape Plan","floor":7.0},{"not_picked":["Dagger Spray","Dodge and Roll"],"picked":"Noxious Fumes","floor":11.0}],"player_experience":211072,"relics_obtained":[{"floor":6.0,"key":"Bronze Scales"},{"floor":9.0,"key":"Potion Belt"}],"event_choices":[{"damage_healed":0.0,"max_hp_gain":0.0,"max_hp_loss":0.0,"gold_gain":50.0,"event_name":"Golden Shrine","player_choice":"Pray","floor":4.0,"gold_loss":0.0,"damage_taken":0.0}],"is_beta":false,"boss_relics":[],"items_purged_floors":[],"is_endless":false,"potions_floor_spawned":[2,6,7,11],"killed_by":"Lagavulin","ascension_level":19}}