{"host":"y1oqg7uy0jc6f5mb","time":1612968237,"event":{"mods":["AchievementEnabler","BaseMod","BetterRewards","Colored Map","Colored Powertips","Displayed Cursed Tome","Downfall","Highlight Path","Minty Spire (QoL Compilation)","Permanent Neow","Quick Restart","Relic Stats","Replay The Spire","Shop Mod","Smile Girya","StSLib"],"gold_per_floor":[99,167,182,282,9,22,98,113,113,126,141,41,26,40,55,151,151,151,151,151,12,30,55,55,73,89,120,20,38,38,56,73,173,173,173,189,207,227,239,239,239,252,268,5,20,37,37,48,66,66,66,66],"floor_reached":50,"language":"ENG","playtime":4676,"items_purged":["ReplayTheSpireMod:Splinters","Pain","downfall:Bewildered"],"score":511,"play_id":"25980046-068b-4939-b94a-85749fcdee67","local_time":"20210210224357","is_ascension_mode":false,"campfire_choices":[{"floor":1.0,"key":"DIG"},{"floor":9.0,"key":"RECALL"},{"data":"bronze:Replicate","floor":12.0,"key":"SMITH"},{"data":"bronze:Shell","floor":18.0,"key":"SMITH"},{"data":"bronze:MaxOutput","floor":28.0,"key":"SMITH"},{"data":"bronze:Repulsor","floor":30.0,"key":"SMITH"},{"floor":35.0,"key":"DIG"},{"data":"bronze:Verify","floor":40,"key":"SMITH"}],"circlet_count":0,"master_deck":["bronze:Strike","bronze:Strike","bronze:Strike","bronze:Strike","bronze:Defend","bronze:Defend","bronze:Defend","bronze:Defend","bronze:Replicate+1","bronze:Goto","bronze:Shell+1","bronze:Branch","bronze:Branch","bronze:CutThrough","bronze:MaxOutput+1","bronze:Overload","bronze:Repair","bronze:WhirlingStrike","bronze:DelayedGuard","bronze:FineTuning","bronze:Boost","bronze:Flail","bronze:ShipIt","bronze:ShipIt","bronze:DigitalCarnage","bronze:Deprecate","bronze:Fortify+1","bronze:Shell","bronze:Iterate+1","bronze:BurnOut","bronze:BronzeArmor+1","bronze:Repulsor+1","bronze:ItsAFeature","bronze:Return+1","bronze:Verify+1","bronze:BuggyMess+1","bronze:ChosenStrike+1","bronze:HyperBeam","bronze:ForceShield+1","bronze:Invalidate+1","bronze:CutThrough+1","Enlightenment","Mayhem","Mind Blast","bronze:Allocate+1","bronze:Frontload+1","Parasite","bronze:Shield+1","bronze:ChildClass+1"],"relics":["bronze:PlatinumCore","Garlic","Replay:Rubber Ducky","Snack Pack","downfall:HeartBlessingRed","sneckomod:BabySnecko","bronze:SilverBullet","Bottled Lightning","Question Card","Bronze Scales","downfall:HeartBlessingGreen","Sozu","Dead Branch","ReplayTheSpireMod:ShopPack"],"acts_visited":["Exordium","TheCity","TheBeyond"],"potions_floor_usage":[],"damage_taken":[{"damage":4.0,"enemies":"Small Slimes","floor":3.0,"turns":4.0},{"damage":0.0,"enemies":"downfall:FleeingMerchant","floor":5.0,"turns":4.0},{"damage":0.0,"enemies":"Jaw Worm","floor":6.0,"turns":4.0},{"damage":0.0,"enemies":"Cultist","floor":8.0,"turns":4.0},{"damage":0.0,"enemies":"3 Louse","floor":10.0,"turns":2.0},{"damage":3.0,"enemies":"Red Slaver","floor":11.0,"turns":4.0},{"damage":2.0,"enemies":"downfall:FleeingMerchant","floor":13.0,"turns":4.0},{"damage":0.0,"enemies":"Blue Slaver","floor":14.0,"turns":3.0},{"damage":0.0,"enemies":"Exordium Wildlife","floor":15.0,"turns":3.0},{"damage":6.0,"enemies":"WA_ARCHETYPE_RETAIN","floor":16.0,"turns":6.0},{"damage":4.0,"enemies":"downfall:FleeingMerchant","floor":21.0,"turns":4.0},{"damage":8.0,"enemies":"Spheric Guardian","floor":22.0,"turns":3.0},{"damage":25.0,"enemies":"Slavers","floor":23.0,"turns":5.0},{"damage":0.0,"enemies":"Snecko","floor":25.0,"turns":5.0},{"damage":3.0,"enemies":"Snake Plant","floor":26.0,"turns":5.0},{"damage":13.0,"enemies":"Book of Stabbing","floor":27.0,"turns":5.0},{"damage":0.0,"enemies":"Chosen and Byrds","floor":29.0,"turns":3.0},{"damage":7.0,"enemies":"Shelled Parasite and Fungi","floor":31.0,"turns":3.0},{"damage":3.0,"enemies":"Snake Plant","floor":32.0,"turns":4.0},{"damage":28.0,"enemies":"IC_MUSHROOM_ARCHETYPE","floor":33.0,"turns":7.0},{"damage":0.0,"enemies":"3 Shapes","floor":36.0,"turns":3.0},{"damage":0.0,"enemies":"3 Darklings","floor":37.0,"turns":5.0},{"damage":23,"enemies":"Transient","floor":38,"turns":5},{"damage":16,"enemies":"Maw","floor":39,"turns":7},{"damage":0,"enemies":"Writhing Mass","floor":42,"turns":6},{"damage":4,"enemies":"3 Darklings","floor":43,"turns":6},{"damage":6,"enemies":"downfall:FleeingMerchant","floor":44,"turns":4},{"damage":21,"enemies":"Maw","floor":45,"turns":6},{"damage":13,"enemies":"Spire Growth","floor":46,"turns":5},{"damage":11,"enemies":"Writhing Mass","floor":48,"turns":4},{"damage":0,"enemies":"Transient","floor":49,"turns":5},{"damage":119,"enemies":"SI_POISON_ARCHETYPE","floor":50,"turns":5}],"seed_played":"204919327917512993","potions_obtained":[{"floor":2.0,"key":"Swift Potion"},{"floor":6.0,"key":"Fire Potion"},{"floor":10.0,"key":"SteroidPotion"},{"floor":11.0,"key":"LiquidBronze"},{"floor":22.0,"key":"Toxic Potion"},{"floor":26.0,"key":"SpeedPotion"},{"floor":31.0,"key":"Explosive Potion"},{"floor":32.0,"key":"sneckomod:MuddlingPotion"}],"is_trial":false,"path_per_floor":["R_BF","?","M","?","$","M","T","M","R","M","M","R","$","M","M","B",null,"R","?","?","$","M","E","T","M","M","E","R","M","R","M","M","B",null,"R_BF","M","M","M","M","R","T","M","M","$","M","M","?","M","M","B"],"character_chosen":"THE_AUTOMATON","items_purchased":["bronze:MaxOutput","bronze:Overload","bronze:Repair","bronze:Deprecate","ReplayTheSpireMod:ShopPack"],"campfire_rested":0,"item_purchase_floors":[5,5,5,21,44],"current_hp_per_floor":[77,77,73,73,73,77,77,77,77,77,77,77,75,77,77,73,77,77,77,77,77,71,59,59,63,62,58,58,67,67,60,66,51,77,77,77,77,65,60,60,60,71,69,72,64,51,51,42,55,0,0,0],"gold":66,"neow_bonus":"TEN_PERCENT_HP_BONUS","is_daily":false,"chose_seed":false,"campfire_upgraded":5,"win_rate":0.0,"timestamp":1612968237,"path_taken":["R_BF","?","M","?","$","M","T","M","R","M","?","R","$","M","M","BOSS","R","?","?","$","?","E","T","M","M","E","R","M","R","M","M","BOSS","R_BF","M","M","M","M","R","T","M","M","$","M","M","?","M","M","BOSS"],"items_purchased_type":["Card","Card","Card","Card","Relic"],"build_version":"2020-12-22","purchased_purges":3,"victory":false,"max_hp_per_floor":[77,77,77,77,77,77,77,77,77,77,77,77,77,77,77,77,77,77,77,77,77,77,77,77,77,77,77,77,77,77,77,77,77,77,77,77,77,77,77,77,77,77,77,77,77,77,77,77,77,77,77,77],"relic_stats":{"Sozu":5,"counters":[32,143],"Bronze Scales":[240],"Dead Branch":[37],"Question Card":22,"obtain_stats":[{"bronze:PlatinumCore":17,"bronze:BronzeCore":0,"downfall:HeartBlessingRed":12,"Dead Branch":35,"downfall:HeartBlessingGreen":28,"Question Card":24,"Replay:Rubber Ducky":2,"Sozu":34,"sneckomod:BabySnecko":19,"Bronze Scales":27,"Garlic":1,"Snack Pack":7,"Bottled Lightning":23,"bronze:SilverBullet":20,"ReplayTheSpireMod:ShopPack":44},{"bronze:PlatinumCore":10,"bronze:BronzeCore":0,"downfall:HeartBlessingRed":6,"Dead Branch":20,"downfall:HeartBlessingGreen":16,"Question Card":13,"Replay:Rubber Ducky":0,"Sozu":20,"sneckomod:BabySnecko":10,"Bronze Scales":16,"Garlic":0,"Snack Pack":3,"Bottled Lightning":13,"bronze:SilverBullet":10,"ReplayTheSpireMod:ShopPack":27},{"bronze:PlatinumCore":38,"bronze:BronzeCore":0,"downfall:HeartBlessingRed":22,"Dead Branch":82,"downfall:HeartBlessingGreen":65,"Question Card":50,"Replay:Rubber Ducky":0,"Sozu":82,"sneckomod:BabySnecko":38,"Bronze Scales":65,"Garlic":0,"Snack Pack":12,"Bottled Lightning":50,"bronze:SilverBullet":38,"ReplayTheSpireMod:ShopPack":118}]},"card_choices":[{"not_picked":["bronze:ForLoop","bronze:Shield"],"picked":"bronze:Shell","floor":2.0},{"not_picked":["bronze:Separator","bronze:BuggyMess"],"picked":"bronze:Branch","floor":2.0},{"not_picked":["bronze:Separator","bronze:CutThrough"],"picked":"bronze:Branch","floor":3.0},{"not_picked":["bronze:Shield","bronze:ForLoop"],"picked":"bronze:CutThrough","floor":5.0},{"not_picked":["bronze:Overheat","bronze:BuggyMess"],"picked":"bronze:WhirlingStrike","floor":6.0},{"not_picked":["bronze:Branch","bronze:DelayedSlice"],"picked":"bronze:DelayedGuard","floor":8.0},{"not_picked":["bronze:Constructor","bronze:Separator"],"picked":"bronze:FineTuning","floor":10.0},{"not_picked":["bronze:Separator","bronze:Repulsor"],"picked":"bronze:Boost","floor":11.0},{"not_picked":["bronze:Turbo","bronze:Shield"],"picked":"bronze:Flail","floor":13.0},{"not_picked":["bronze:OilSpill","bronze:Backtrace","bronze:Shield"],"picked":"SKIP","floor":14.0},{"not_picked":["bronze:GetLatest","bronze:DelayedSlice"],"picked":"bronze:ShipIt","floor":15.0},{"not_picked":["bronze:SpaghettiCode","bronze:Format"],"picked":"bronze:ShipIt","floor":16.0},{"not_picked":["bronze:BuggyMess","bronze:WildBeam"],"picked":"bronze:DigitalCarnage","floor":21.0},{"not_picked":["bronze:Flail+1","bronze:ChildClass"],"picked":"bronze:Fortify+1","floor":22.0},{"not_picked":["bronze:Safeguard","bronze:OilSpill"],"picked":"bronze:Shell","floor":23.0},{"not_picked":["bronze:DelayedGuard","bronze:BugBarrage","bronze:CutThrough"],"picked":"bronze:Iterate+1","floor":25.0},{"not_picked":["bronze:Iterate+1","bronze:ChildClass","bronze:Safeguard+1"],"picked":"bronze:BurnOut","floor":26.0},{"not_picked":["bronze:Shield+1","bronze:Overheat","bronze:BugBarrage"],"picked":"bronze:BronzeArmor+1","floor":27.0},{"not_picked":["bronze:Overheat+1","bronze:FineTuning","bronze:WhirlingStrike"],"picked":"bronze:Repulsor","floor":29.0},{"not_picked":["bronze:BitShift","bronze:Shell","bronze:Philosophize"],"picked":"bronze:ItsAFeature","floor":31.0},{"not_picked":["bronze:ChosenStrike+1","bronze:BronzeArmor","bronze:Branch"],"picked":"bronze:Return+1","floor":32.0},{"not_picked":["bronze:BurnOut","bronze:ShipIt","bronze:Break"],"picked":"bronze:Verify","floor":33.0},{"not_picked":["bronze:Deprecate+1","bronze:Shield","bronze:Flail+1"],"picked":"bronze:BuggyMess+1","floor":36.0},{"not_picked":["bronze:DigitalCarnage","bronze:BuggyMess","bronze:Invalidate"],"picked":"bronze:ChosenStrike+1","floor":37.0},{"not_picked":["bronze:Shield","bronze:Separator+1","bronze:Constructor"],"picked":"bronze:HyperBeam","floor":38},{"not_picked":["bronze:WildBeam+1","bronze:Overheat","bronze:MaxOutput+1","bronze:Deprecate+1"],"picked":"SKIP","floor":39},{"not_picked":["bronze:Shield","bronze:Return","bronze:CutThrough"],"picked":"bronze:ForceShield+1","floor":42},{"not_picked":["bronze:ForLoop","bronze:OilSpill+1","bronze:GetLatest+1"],"picked":"bronze:Invalidate+1","floor":43},{"not_picked":["bronze:Iterate","bronze:WhirlingStrike+1","bronze:NullPointer"],"picked":"bronze:CutThrough+1","floor":44},{"not_picked":["ReplayTheSpireMod:Uncanny Aura","Good Instincts","Deep Breath"],"picked":"Enlightenment","floor":44},{"not_picked":["Metamorphosis","ReplayUltimateDefense","Chrysalis"],"picked":"Mayhem","floor":44},{"not_picked":["Replay:Sssssssssshield","Flash of Steel","Finesse"],"picked":"Mind Blast","floor":44},{"not_picked":["bronze:BitShift","bronze:Frontload","bronze:Iterate+1"],"picked":"bronze:Allocate+1","floor":45},{"not_picked":["bronze:Overheat+1","bronze:Return","bronze:Turbo"],"picked":"bronze:Frontload+1","floor":46},{"not_picked":["bronze:Assembly","bronze:DelayedGuard","bronze:Deprecate"],"picked":"bronze:Shield+1","floor":48},{"not_picked":["bronze:DelayedSlice+1","bronze:CutThrough+1","bronze:Fortify"],"picked":"bronze:ChildClass+1","floor":49}],"player_experience":421192,"relics_obtained":[{"floor":1.0,"key":"Garlic"},{"floor":2.0,"key":"Replay:Rubber Ducky"},{"floor":7.0,"key":"Snack Pack"},{"floor":23.0,"key":"Bottled Lightning"},{"floor":24.0,"key":"Question Card"},{"floor":27.0,"key":"Bronze Scales"},{"floor":35.0,"key":"Dead Branch"}],"event_choices":[],"is_beta":false,"boss_relics":[{"not_picked":["Painkiller Herb","Honey Jar"],"picked":"bronze:PlatinumCore"},{"not_picked":["Replay:Drink Me","Coffee Dripper"],"picked":"Sozu"}],"items_purged_floors":[5,21,44],"is_endless":false,"potions_floor_spawned":[6,10,11,22,26,31,32,36,37,42,46,49],"killed_by":"SI_POISON_ARCHETYPE","ascension_level":0}}