{"host":"ve5hox67eka4rdnb","time":1612959611,"event":{"mods":["ATMod(∞¢Ë™Mod)","AchievementEnabler","Act Like it!","BaseMod","Downfall","Gensokyo","Hermit","Koishi","Lobotomy","LobotomyExtend","Marisa£®ÏF”Í°°ƒß¿Ì…≥£©","Minty Spire (QoL Compilation)","Reimu£®≤©¿ˆ¡È√Œ£©","Remilia£®¿Ÿ√◊¿Ú—«£©","Replay The Spire","Shop Mod","StSLib","The Construct","The Cursed","The Servant 0.9.4"],"gold_per_floor":[113,113,2,2,15,45,64,64,118,118,147,147,177,194,194,291,291,310,326,326,337,337,337,369,201,252,291,291,348,393,91,91,213,213,257,345,345,64,64,215,253,313,336,388,388,431,431,591,591,626,626,626,626,95,185,93,93],"floor_reached":56,"language":"ZHS","playtime":3080,"items_purged":["Strike_B","Strike_B","Defend_B","Defend_B"],"score":1113,"play_id":"f246d4f8-5d8d-4a56-8e31-3e96bf792204","local_time":"20210210202011","is_ascension_mode":true,"campfire_choices":[{"data":"ReplayTheSpireMod:Calculation Training","floor":8.0,"key":"SMITH"},{"data":"Coolheaded","floor":10.0,"key":"SMITH"},{"data":"Coolheaded","floor":15.0,"key":"SMITH"},{"data":"ReplayTheSpireMod:System Scan","floor":23,"key":"SMITH"},{"data":"Crystallizer","floor":28,"key":"SMITH"},{"floor":45,"key":"RECALL"},{"data":"ReplayTheSpireMod:System Scan","floor":47,"key":"SMITH"},{"data":"Consume","floor":49,"key":"SMITH"},{"data":"ReplayTheSpireMod:Calculation Training","floor":53,"key":"SMITH"}],"circlet_count":0,"master_deck":["Strike_B+1","Defend_B","Zap+1","Dualcast","AT_OneInchPunch+1","ReplayTheSpireMod:Calculation Training+1","ReplayTheSpireMod:System Scan+1","Steam Power","Coolheaded+1","Coolheaded+1","Ball Lightning","Consume+1","ReplayTheSpireMod:System Scan+1","Crystallizer+1","ReplayTheSpireMod:Calculation Training+1","Turbo","Biased Cognition","Skim","Panic Button+1","BasicCrystalCard+1","Double Energy+1","Steam Power+1","ReplayTheSpireMod:Calculation Training+1","Panic Button+1","Capacitor"],"relics":["AT_ATBox","Black Star","LetterFromLob","Lantern","Regal Pillow","Toy Ornithopter","Bag of Preparation","Anchor","Mastiff:ReiMu","ReplayTheSpireMod:Shallot","Replay:Rubber Ducky","Replay:Grab Bag","ChewingGum","Coffee Dripper","Empty Cage","Prayer Wheel","White Beast Statue","CaptainsWheel","AT_MibuBalloonWealth","Garlic","Strawberry","Geode","ClockworkSouvenir","Prayer Wheel","Prayer Wheel","AT_TrinityForce","Prayer Wheel","MerchantsRug","Pantograph","Replay:Ringing Soul","Letter Opener","ReplayTheSpireMod:Lightbulb","PureWhite:ReiMu","Replay:Bandana","Carrot","Quantum Egg","Runic Capacitor","Replay:Baseball","Du-Vu Doll","Boot"],"acts_visited":["Exordium","TheCity","TheBeyond","TheEnding"],"potions_floor_usage":[24,33,36,40,40,50,56,56,56],"damage_taken":[{"damage":0.0,"enemies":"Jaw Worm","floor":1.0,"turns":1.0},{"damage":2.0,"enemies":"2 Louse","floor":5.0,"turns":3.0},{"damage":8.0,"enemies":"Gremlin Nob","floor":6.0,"turns":4.0},{"damage":0.0,"enemies":"Small Slimes","floor":7.0,"turns":1.0},{"damage":12.0,"enemies":"Lagavulin","floor":11.0,"turns":5.0},{"damage":5.0,"enemies":"Gremlin Nob","floor":13.0,"turns":3.0},{"damage":0.0,"enemies":"2 Fungi Beasts","floor":14.0,"turns":2.0},{"damage":8.0,"enemies":"Hexaghost","floor":16.0,"turns":5.0},{"damage":18,"enemies":"3 Byrds","floor":18,"turns":4},{"damage":0,"enemies":"Chosen","floor":19,"turns":2},{"damage":0,"enemies":"Centurion and Healer","floor":21,"turns":3},{"damage":33,"enemies":"Gremlin Leader","floor":24,"turns":8},{"damage":11,"enemies":"Snecko","floor":27,"turns":3},{"damage":0,"enemies":"Book of Stabbing","floor":29,"turns":4},{"damage":0,"enemies":"Snake Plant","floor":30,"turns":3},{"damage":9,"enemies":"Champ","floor":33,"turns":10},{"damage":2,"enemies":"Orb Walker","floor":35,"turns":3},{"damage":6,"enemies":"3 Shapes","floor":36,"turns":3},{"damage":37,"enemies":"Reptomancer","floor":40,"turns":5},{"damage":3,"enemies":"Writhing Mass","floor":41,"turns":3},{"damage":0,"enemies":"R_Hoarder","floor":42,"turns":7},{"damage":9,"enemies":"Giant Head","floor":44,"turns":5},{"damage":0,"enemies":"Maw","floor":46,"turns":4},{"damage":0,"enemies":"Reptomancer","floor":48,"turns":4},{"damage":6,"enemies":"Time Eater","floor":50,"turns":6},{"damage":0,"enemies":"Shield and Spear","floor":55,"turns":3},{"damage":114,"enemies":"The Heart","floor":56,"turns":8}],"seed_played":"887129853846963200","potions_obtained":[{"floor":1.0,"key":"Guardian:BlockOnCardUsePotion"},{"floor":6.0,"key":"LiquidBronze"},{"floor":7.0,"key":"Fire Potion"},{"floor":13.0,"key":"Toxic Potion"},{"floor":14.0,"key":"EssenceOfSteel"},{"floor":18,"key":"Strength Potion"},{"floor":27,"key":"Swift Potion"},{"floor":29,"key":"SteroidPotion"},{"floor":30,"key":"Milkshake"},{"floor":33,"key":"FocusPotion"},{"floor":35,"key":"champ:CounterPotion"},{"floor":36,"key":"Death Potion"},{"floor":40,"key":"Reflective Coating"},{"floor":41,"key":"Explosive Potion"},{"floor":42,"key":"PowerPotion"},{"floor":44,"key":"bronze:BurnAndBuffPotion"},{"floor":46,"key":"LifebloodPotion"},{"floor":48,"key":"Cursed Concoction"},{"floor":55,"key":"Regen Potion"}],"is_trial":false,"path_per_floor":["M","?","$","?","M","E","M","R","T","R","E","?","E","M","R","B",null,"M","M","?","M","?","R","E","$","T","M","R","E","M","$","R","B",null,"M","M","?","$","?","E","M","E","T","E","R","M","R","E","R","B",null,null,"R","$","E","B"],"character_chosen":"DEFECT","items_purchased":["ReplayTheSpireMod:System Scan","Crystallizer","Geode","ClockworkSouvenir","MerchantsRug","Runic Capacitor","Replay:Baseball","Capacitor"],"campfire_rested":0,"item_purchase_floors":[3,25,31,31,38,54,54,54],"current_hp_per_floor":[75,75,75,60,58,50,50,50,50,50,38,31,31,31,31,38,75,57,57,57,57,43,43,15,15,15,4,4,11,11,11,52,48,87,85,81,81,81,81,54,51,54,54,45,45,48,48,51,51,75,75,92,92,95,95,0,0],"gold":93,"neow_bonus":"BOSS_RELIC","is_daily":false,"chose_seed":false,"campfire_upgraded":8,"win_rate":0.0,"timestamp":1612959611,"path_taken":["M","?","$","?","M","E","M","R","T","R","E","?","E","?","R","BOSS","M","M","?","M","?","R","E","$","T","M","R","E","M","$","R","BOSS","M","M","?","$","?","E","?","E","T","E","R","M","R","E","R","BOSS","R","$","E","BOSS"],"items_purchased_type":["Card","Card","Relic","Relic","Relic","Relic","Relic","Card"],"build_version":"2020-12-22","purchased_purges":4,"victory":false,"max_hp_per_floor":[75,75,75,75,75,75,75,75,75,75,75,75,75,75,75,75,75,75,75,75,75,80,80,80,80,80,80,80,87,87,87,87,87,87,87,87,83,83,83,83,83,86,86,86,86,89,89,92,92,92,92,92,92,95,95,95,95],"card_choices":[{"not_picked":["ReplayTheSpireMod:Reroute Power","AT_HeatAcrobatics"],"picked":"ReplayTheSpireMod:Calculation Training","floor":1.0},{"not_picked":["ReplayTheSpireMod:Reroute Power","Compile Driver","AT_ThunderBolt"],"picked":"SKIP","floor":5.0},{"not_picked":["Gash","Stack"],"picked":"Steam Power","floor":6.0},{"not_picked":["Cold Snap","Hologram"],"picked":"Coolheaded","floor":7.0},{"not_picked":["Hologram","Double Energy"],"picked":"Coolheaded","floor":11.0},{"not_picked":["Hologram","AT_WarpDrive"],"picked":"Ball Lightning","floor":13.0},{"not_picked":["Self Repair","Coolheaded","ReplayTheSpireMod:Repulse"],"picked":"SKIP","floor":14.0},{"not_picked":["Core Surge","Thunder Strike"],"picked":"ReplayTheSpireMod:Fabricate Wheel","floor":16.0},{"not_picked":["Beam Cell","Melter","Conserve Battery"],"picked":"SKIP","floor":18},{"not_picked":["Leap","Conserve Battery","Rebound"],"picked":"SKIP","floor":18},{"not_picked":["Steam","Ball Lightning","ReplayTheSpireMod:Fabricate Wheel"],"picked":"SKIP","floor":19},{"not_picked":["Recycle","Gash","BasicCrystalCard"],"picked":"SKIP","floor":19},{"not_picked":["Ball Lightning+1","Hologram"],"picked":"Consume","floor":21},{"not_picked":["BasicCrystalCard","Reprogram+1","Auto Shields"],"picked":"SKIP","floor":21},{"not_picked":["Rebound","ReplayTheSpireMod:GoodbyeWorld"],"picked":"ReplayTheSpireMod:System Scan","floor":24},{"not_picked":["Leap+1","Streamline+1"],"picked":"ReplayTheSpireMod:Fabricate Wheel","floor":27},{"not_picked":["Hologram","Leap","Stack"],"picked":"SKIP","floor":27},{"not_picked":["Aggregate","Redo"],"picked":"ReplayTheSpireMod:Calculation Training","floor":29},{"not_picked":["ReplaySolidLightProjector","Ball Lightning"],"picked":"Turbo","floor":30},{"not_picked":["Streamline","Heatsinks","ReplaySort"],"picked":"SKIP","floor":30},{"not_picked":["Reboot","Fission"],"picked":"Biased Cognition","floor":33},{"not_picked":["Turbo","AT_HeatAcrobatics+1"],"picked":"Skim","floor":35},{"not_picked":["Darkness","Beam Cell+1","Stack+1"],"picked":"SKIP","floor":35},{"not_picked":["Beam Cell","Conserve Battery+1","Compile Driver"],"picked":"SKIP","floor":35},{"not_picked":["Double Energy","AT_HeatAcrobatics+1","Fusion+1"],"picked":"SKIP","floor":35},{"not_picked":["Streamline+1","Go for the Eyes+1","Turbo"],"picked":"SKIP","floor":35},{"not_picked":["Reprogram","Turbo+1"],"picked":"Panic Button+1","floor":36},{"not_picked":["Go for the Eyes","AT_HeatAcrobatics+1"],"picked":"BasicCrystalCard+1","floor":36},{"not_picked":["Coolheaded","Self Repair","Mirror Shield"],"picked":"SKIP","floor":36},{"not_picked":["Chaos+1","Reprogram+1","Cold Snap"],"picked":"SKIP","floor":36},{"not_picked":["Leap+1","Static Discharge","AT_ThunderBolt+1"],"picked":"SKIP","floor":36},{"not_picked":["Sunder+1","ReplayTheSpireMod:GoodbyeWorld","Heatsinks"],"picked":"SKIP","floor":40},{"not_picked":["Rebound+1","Streamline","Barrage"],"picked":"SKIP","floor":41},{"not_picked":["ReplayTheSpireMod:GoodbyeWorld","Gash+1","Hologram+1"],"picked":"SKIP","floor":41},{"not_picked":["ReplayTheSpireMod:System Scan+1","Go for the Eyes","Sunder+1"],"picked":"SKIP","floor":41},{"not_picked":["Conserve Battery","Hello World+1","Barrage"],"picked":"SKIP","floor":41},{"not_picked":["Lockon","Rebound","Hologram"],"picked":"SKIP","floor":41},{"not_picked":["Scrape+1","BasicCrystalCard"],"picked":"Double Energy+1","floor":42},{"not_picked":["Time Bomb+1","AT_HeatAcrobatics","All For One"],"picked":"SKIP","floor":44},{"not_picked":["Heatsinks+1","Chaos+1"],"picked":"Steam Power+1","floor":46},{"not_picked":["Static Discharge+1","Compile Driver"],"picked":"ReplayTheSpireMod:Calculation Training+1","floor":46},{"not_picked":["Stack+1","Glacier+1","ReplayTheSpireMod:GoodbyeWorld"],"picked":"SKIP","floor":46},{"not_picked":["Hologram","Barrage+1","Compile Driver+1"],"picked":"SKIP","floor":46},{"not_picked":["Beam Cell","Ball Lightning","Hologram"],"picked":"SKIP","floor":46},{"not_picked":["Sweeping Beam+1","Coolheaded"],"picked":"Panic Button+1","floor":48},{"not_picked":["Cold Snap+1","Fusion+1","Lockon+1"],"picked":"SKIP","floor":55}],"player_experience":210615,"relics_obtained":[{"floor":1.0,"key":"LetterFromLob"},{"floor":6.0,"key":"Lantern"},{"floor":6.0,"key":"Regal Pillow"},{"floor":9.0,"key":"Toy Ornithopter"},{"floor":11.0,"key":"Bag of Preparation"},{"floor":11.0,"key":"Anchor"},{"floor":13.0,"key":"ReplayTheSpireMod:Shallot"},{"floor":13.0,"key":"Replay:Rubber Ducky"},{"floor":24,"key":"White Beast Statue"},{"floor":24,"key":"CaptainsWheel"},{"floor":26,"key":"AT_MibuBalloonWealth"},{"floor":29,"key":"Garlic"},{"floor":29,"key":"Strawberry"},{"floor":40,"key":"Pantograph"},{"floor":40,"key":"Replay:Ringing Soul"},{"floor":42,"key":"Letter Opener"},{"floor":42,"key":"ReplayTheSpireMod:Lightbulb"},{"floor":44,"key":"PureWhite:ReiMu"},{"floor":44,"key":"Replay:Bandana"},{"floor":48,"key":"Carrot"},{"floor":48,"key":"Quantum Egg"},{"floor":55,"key":"Du-Vu Doll"},{"floor":55,"key":"Boot"}],"event_choices":[{"damage_healed":0.0,"max_hp_gain":0.0,"max_hp_loss":0.0,"gold_gain":0.0,"event_name":"Shining Light","player_choice":"Entered Light","floor":4.0,"gold_loss":0.0,"damage_taken":15.0,"cards_upgraded":["AT_OneInchPunch","Strike_B"]},{"damage_healed":0.0,"max_hp_gain":0.0,"max_hp_loss":0.0,"gold_gain":0.0,"event_name":"Scrap Ooze","player_choice":"Success","floor":12.0,"gold_loss":0.0,"damage_taken":7.0,"relics_obtained":["Mastiff:ReiMu"]},{"damage_healed":0,"gold_gain":0,"player_choice":"Ignored","damage_taken":0,"max_hp_gain":0,"max_hp_loss":0,"event_name":"Vampires","floor":20,"gold_loss":0},{"damage_healed":0,"gold_gain":0,"player_choice":"Shed Blood","damage_taken":19,"max_hp_gain":5,"max_hp_loss":0,"event_name":"Forgotten Altar","floor":22,"gold_loss":0},{"damage_healed":0,"gold_gain":0,"player_choice":"Max HP","damage_taken":0,"max_hp_gain":0,"max_hp_loss":4,"event_name":"Winding Halls","floor":37,"gold_loss":0},{"damage_healed":0,"gold_gain":0,"player_choice":"0 cards matched","damage_taken":0,"max_hp_gain":0,"max_hp_loss":0,"event_name":"Match and Keep!","floor":39,"gold_loss":0,"cards_obtained":[]}],"is_beta":false,"boss_relics":[{"not_picked":["construct:WeddingRing","Fusion Hammer"],"picked":"Replay:Grab Bag"},{"not_picked":["Sozu","Busted Crown"],"picked":"ChewingGum"},{"not_picked":["Cursed Key","Velvet Choker"],"picked":"Coffee Dripper"},{"not_picked":["RedLine:ReiMu","Snecko Eye"],"picked":"Empty Cage"},{"not_picked":["Replay:Ancient Bell","Ring of Chaos"],"picked":"AT_TrinityForce"}],"items_purged_floors":[3,25,38,54],"is_endless":false,"potions_floor_spawned":[1,6,7,13,14,18,27,29,30,33,35,36,40,41,42,44,46,48,55],"killed_by":"The Heart","ascension_level":2}}