{"host":"d3t45luwap6hz3co","time":1612987476,"event":{"mods":["Ascension Reborn","BaseMod","BetterRewards","Card Forge","Colored Map","Highlight Path","Lobotomy","Minty Spire (QoL Compilation)","Replay The Spire","Shop Mod","StSLib","The Cursed","The Gatherer","The Hierophant","The Runesmith"],"gold_per_floor":[114,166,178,190,190,216,216,244,244,273,284,303,5455653,5455679,5455679,5455753,5455753,5455771,5455771,5455789,5455789,3977287,3977314,3977314,3579618,3579618,3579649,3578851,3578861,3578871,3578888,3578888,3578963,3578963,3578979,3578979,3579009,3579009],"floor_reached":37,"language":"KOR","playtime":3810,"items_purged":[],"score":1253,"play_id":"5ad6eca1-0baa-45d3-ad41-4f7c76ff3112","local_time":"20210211050436","is_ascension_mode":true,"campfire_choices":[{"floor":15,"key":"RECALL"},{"floor":32,"key":"DIG"}],"circlet_count":0,"master_deck":["AscendersBane","Defend_P+1","Defend_P+1","Defend_P+1","Defend_P+1","Eruption+1","Vigilance+1","TheCursedMod:ShockAndAwe+1","TheCursedMod:CircleOfAmplification+1","TheCursedMod:SaltUponWound+1","Apo_Execute","Jack Of All Trades+1","Violence+1","HandOfGreed+1","Metamorphosis+1","Survey Options+1","Master of Strategy+1","Magnetism+1","Swift Strike+1","BecomeAlmighty+1","Ritual Component+1","RitualDagger+1","Panache+1","Pot Of Greed+1","Omega+1","Apo_SoulSlash","Ghostly+1","Smite+1","ReplayTheSpireMod:Brewmster+1","Dark Echo+1","Dark Shackles+1","Impatience+1","PanicButton+1","Secret Weapon+1","Secret Technique+1","Bandage Up+1","FameAndFortune+1","Transmutation+1","Discovery+1","ThroughViolence+1","Expunger+1","Midas Touch+1","Apo_Charge","Miracle+1","Apo_Pray","Crow Ritual+1","ReplayTheSpireMod:Necrogeddon+1","ReplayTheSpireMod:Private Reserves+1","Enlightenment+1","Flash of Steel+1","Scrawl+1","Weave+1","Vault+1","WindmillStrike+1","DeceiveReality+1","CarveReality+1","Devotion+1","Consecrate+1","Adaptation+1","DevaForm+1","Establishment+1","ReachHeaven+1","Omniscience+1","EmptyFist+1","EmptyBody+1","FlurryOfBlows+1","Halt+1","Wish+1","ForeignInfluence+1","Judgement+1","Blasphemy+1","Worship+1","SandsOfTime+1","Eruption+1","Prostrate+1","Crescendo+1","WheelKick+1","DeusExMachina+1","InnerPeace+1","Pray+1","PathToVictory+1","Vengeance+1","Brilliance+1","LessonLearned+1","ClearTheMind+1","Tantrum+1","SignatureMove+1","Conclude+1","FairyFestival","ReachHeaven+1","UniverseFragment","Sanctity+1","SpiderBud","SashWhip+1","Murderer","TalkToTheHand+1","Wellcheers","Consecrate+1","Freischutz","Prostrate+1","PathToVictory+1","QueenBee","FlyingSleeves+1","Replay:ManipulateFuture+1","BattleHymn+1","ClearTheMind+1","BodiesMountain","Apotheosis+1","Brilliance+1","Bloodbath","Prostrate+1","Bite+1","Bite+1","Bite+1","Bite+1","Bite+1","Indignation+1","Eruption+1","GreedKing","Crescendo+1","Rudolta","Tantrum+1","NakedNest","Indignation+1","DespairKnight","Protect+1","Replay:Cycle+1","ClearTheMind+1","DreamingCurrent","CrushJoints+1","GalaxyChild","EmptyFist+1","NothingThere","Indignation+1","Mercenary","DevaForm+1","Yin","Replay:DivineShield+1"],"relics":["PureWater","Hammer of Thor","Seething Fire","Anvil of the Gods","CogitoBucket","Happy Flower","Pocketwatch","Vajra","Peace Pipe","ReplayTheSpireMod:Lightbulb","Replay:Bottled Snecko","Frozen Eye","MerchantsRug","Toxic Egg 2","Calling Bell","Akabeko","White Beast Statue","Bird Faced Urn","Strawberry","Bag of Marbles","Replay:Towering Pillar of Hats","Red Mask","StoneCalendar","Art of War","Sling","Onion Ring","SlaversCollar"],"acts_visited":["Exordium","TheCity","TheBeyond"],"potions_floor_usage":[6,8,18,18,20,22,23,23,25,33,37,37],"damage_taken":[{"damage":7,"enemies":"2 Louse","floor":1,"turns":2},{"damage":0,"enemies":"Small Slimes","floor":3,"turns":2},{"damage":12,"enemies":"Jaw Worm","floor":4,"turns":2},{"damage":0,"enemies":"Gremlin Nob","floor":6,"turns":2},{"damage":22,"enemies":"Replay:BlueRogue","floor":8,"turns":2},{"damage":0,"enemies":"Lagavulin","floor":10,"turns":2},{"damage":0,"enemies":"Large Slime","floor":11,"turns":1},{"damage":2,"enemies":"2 Fungi Beasts","floor":12,"turns":2},{"damage":5,"enemies":"Gremlin Nob","floor":14,"turns":3},{"damage":0,"enemies":"Slime Boss","floor":16,"turns":3},{"damage":0,"enemies":"3 Byrds","floor":18,"turns":3},{"damage":0,"enemies":"2 Thieves","floor":20,"turns":2},{"damage":18,"enemies":"Snecko","floor":22,"turns":4},{"damage":25,"enemies":"Replay:Snechameleon","floor":23,"turns":4},{"damage":7,"enemies":"Gremlin Leader","floor":25,"turns":2},{"damage":38,"enemies":"Masked Bandits","floor":27,"turns":3},{"damage":0,"enemies":"Centurion and Healer","floor":29,"turns":1},{"damage":15,"enemies":"Snake Plant","floor":30,"turns":3},{"damage":27,"enemies":"Shelled Parasite and Fungi","floor":31,"turns":3},{"damage":103,"enemies":"Collector","floor":33,"turns":6},{"damage":12,"enemies":"Orb Walker","floor":35,"turns":2},{"damage":107,"enemies":"FixerMidnight","floor":37,"turns":4}],"seed_played":"-1574924326278194417","potions_obtained":[{"floor":3,"key":"Toxic Potion"},{"floor":6,"key":"LiquidMemories"},{"floor":10,"key":"SkillPotion"},{"floor":18,"key":"Swift Potion"},{"floor":20,"key":"Dexterity Potion"},{"floor":22,"key":"SkillPotion"},{"floor":25,"key":"StancePotion"},{"floor":33,"key":"Adrenaline Potion"},{"floor":35,"key":"SneckoOil"}],"is_trial":false,"path_per_floor":["M","?","M","M","?","E","?","E","T","E","M","M","$","E","R","B",null,"M","?","M","?","M","E","R","E","T","?","$","M","M","M","R_BF","B",null,"M","?","B"],"character_chosen":"WATCHER","items_purchased":["Replay:AtTheReady","ReplayTheSpireMod:Lightbulb","Replay:Bottled Snecko","Frozen Eye","MerchantsRug","Replay:ManipulateFuture","BattleHymn","SkillPotion","Replay:Cycle+1","ClearTheMind+1","StoneCalendar","Art of War","Sling"],"campfire_rested":0,"item_purchase_floors":[13,13,13,13,13,13,13,13,28,28,28,28,28],"current_hp_per_floor":[54,54,54,43,38,38,38,22,22,22,22,20,20,15,15,27,58,68,47,47,47,33,41,41,48,48,27,27,41,47,36,36,35,49,54,54,0,0],"gold":3579009,"neow_bonus":"","is_daily":false,"chose_seed":false,"campfire_upgraded":0,"win_rate":0.0,"timestamp":1612987476,"path_taken":["M","?","M","M","?","E","?","E","T","E","M","M","$","E","R","BOSS","M","?","M","?","?","E","R","E","T","?","$","M","M","M","R_BF","BOSS","M","?","BOSS"],"items_purchased_type":["Card","Relic","Relic","Relic","Relic","Card","Card","Potion","Card","Card","Relic","Relic","Relic"],"build_version":"2020-12-22","purchased_purges":0,"victory":false,"max_hp_per_floor":[68,68,68,68,68,68,68,68,68,68,68,68,68,68,68,68,68,68,47,47,47,47,54,54,54,54,54,54,54,54,54,54,54,54,54,54,54,54],"card_choices":[{"not_picked":["BigBadWolf","OSAHOGD"],"picked":"FairyFestival","floor":1},{"not_picked":["Halt","SashWhip"],"picked":"ReachHeaven","floor":1},{"not_picked":["PunishingBird","HeroicMonk","MHz"],"picked":"Singing Bowl","floor":3},{"not_picked":["SnowQueen","ShyLook"],"picked":"UniverseFragment","floor":3},{"not_picked":["JustLucky","Evaluate"],"picked":"Sanctity","floor":3},{"not_picked":["Scorched","Murderer"],"picked":"SpiderBud","floor":4},{"not_picked":["CrushJoints","InnerPeace"],"picked":"SashWhip","floor":4},{"not_picked":["OldLady","BeautyBeast","CherryBlossoms"],"picked":"Singing Bowl","floor":6},{"not_picked":["MeatLantern","Bloodbath"],"picked":"Murderer","floor":6},{"not_picked":["WaveOfTheHand","EmptyBody"],"picked":"TalkToTheHand","floor":6},{"not_picked":["GalaxyChild","PunishingBird"],"picked":"Wellcheers","floor":8},{"not_picked":["WreathOfFlame","Sanctity"],"picked":"Consecrate","floor":8},{"not_picked":["CrumblingArmor","BeautyBeast","OSAHOGD"],"picked":"Singing Bowl","floor":10},{"not_picked":["Mercenary","Funeral"],"picked":"Freischutz","floor":10},{"not_picked":["CrushJoints","Protect"],"picked":"Prostrate","floor":10},{"not_picked":["VoidDream","Bloodbath"],"picked":"WallGazer","floor":11},{"not_picked":["Protect","JustLucky"],"picked":"PathToVictory","floor":11},{"not_picked":["QueenBee","MeatLantern","BeautyBeast"],"picked":"Singing Bowl","floor":12},{"not_picked":["VoidDream","BlackSwan"],"picked":"QueenBee","floor":12},{"not_picked":["WheelKick","WreathOfFlame"],"picked":"FlyingSleeves","floor":12},{"not_picked":["Omniscience+1","CutThroughFate"],"picked":"ClearTheMind+1","floor":14},{"not_picked":["BeautyBeast","CherryBlossoms"],"picked":"BodiesMountain","floor":14},{"not_picked":["DespairKnight","VoidDream","ShyLook"],"picked":"Singing Bowl","floor":16},{"not_picked":["MeatLantern","LaLuna"],"picked":"Porccubus","floor":16},{"not_picked":["Replay:AllIn+1","Omniscience+1"],"picked":"Brilliance","floor":16},{"not_picked":["ShyLook","Laetitia","HeroicMonk"],"picked":"Singing Bowl","floor":18},{"not_picked":["ShyLook","CherryBlossoms"],"picked":"Bloodbath","floor":18},{"not_picked":["Study+1","Replay:BluntJabs"],"picked":"Prostrate+1","floor":18},{"not_picked":["OSAHOGD","PunishingBird","Scorched"],"picked":"Singing Bowl","floor":20},{"not_picked":["MeatLantern","BlackSwan"],"picked":"Alriune","floor":20},{"not_picked":["Weave","ThirdEye+1"],"picked":"Indignation+1","floor":20},{"not_picked":["Laetitia","CherryBlossoms"],"picked":"GreedKing","floor":22},{"not_picked":["PathToVictory+1","JustLucky"],"picked":"Crescendo+1","floor":22},{"not_picked":["BeautyBeast","VoidDream","Scorched"],"picked":"Singing Bowl","floor":23},{"not_picked":["WallGazer","Porccubus"],"picked":"Rudolta","floor":23},{"not_picked":["InnerPeace+1","LessonLearned"],"picked":"Tantrum+1","floor":23},{"not_picked":["FieryBird","Scorched","HappyTeddy"],"picked":"Singing Bowl","floor":25},{"not_picked":["Woodsman","CrumblingArmor"],"picked":"NakedNest","floor":25},{"not_picked":["Replay:BluntJabs","SashWhip"],"picked":"Indignation+1","floor":25},{"not_picked":["DespairKnight","Woodsman","VoidDream"],"picked":"Singing Bowl","floor":27},{"not_picked":["Laetitia","VoidDream"],"picked":"DespairKnight","floor":27},{"not_picked":["Halt+1","Replay:Battleflow+1"],"picked":"Protect+1","floor":27},{"not_picked":["WallGazer","Scorched","GalaxyChild"],"picked":"Singing Bowl","floor":29},{"not_picked":["CrumblingArmor","Scorched"],"picked":"DreamingCurrent","floor":29},{"not_picked":["LikeWater","Replay:AtTheReady+1"],"picked":"CrushJoints","floor":29},{"not_picked":["WallGazer","Variant"],"picked":"GalaxyChild","floor":30},{"not_picked":["Replay:ManipulateFuture+1","Halt+1"],"picked":"EmptyFist","floor":30},{"not_picked":["Funeral","BigBird"],"picked":"NothingThere","floor":31},{"not_picked":["ThirdEye+1","Replay:AtTheReady+1"],"picked":"Indignation+1","floor":31},{"not_picked":["HeroicMonk","Laetitia","CrumblingArmor"],"picked":"Singing Bowl","floor":33},{"not_picked":["MeatLantern","QueenOfHatred"],"picked":"Mercenary","floor":33},{"not_picked":["Establishment","LessonLearned"],"picked":"DevaForm","floor":33},{"not_picked":["Laetitia","LittleHelper"],"picked":"Yin","floor":35},{"not_picked":["FlurryOfBlows","Nirvana+1"],"picked":"Replay:DivineShield+1","floor":35}],"player_experience":103291,"relics_obtained":[{"floor":6,"key":"Pocketwatch"},{"floor":8,"key":"Vajra"},{"floor":10,"key":"Peace Pipe"},{"floor":14,"key":"Toxic Egg 2"},{"floor":17,"key":"Akabeko"},{"floor":17,"key":"White Beast Statue"},{"floor":17,"key":"Bird Faced Urn"},{"floor":23,"key":"Strawberry"},{"floor":25,"key":"Bag of Marbles"},{"floor":26,"key":"Replay:Towering Pillar of Hats"},{"floor":27,"key":"Red Mask"},{"floor":32,"key":"Onion Ring"}],"event_choices":[{"damage_healed":0,"gold_gain":52,"player_choice":"Gained Gold","damage_taken":0,"max_hp_gain":0,"max_hp_loss":0,"event_name":"Golden Wing","floor":2,"gold_loss":0},{"damage_healed":0,"gold_gain":0,"player_choice":"Success","damage_taken":5,"relics_obtained":["Happy Flower"],"max_hp_gain":0,"max_hp_loss":0,"event_name":"Scrap Ooze","floor":5,"gold_loss":0},{"damage_healed":0,"gold_gain":0,"player_choice":"Ignored","damage_taken":0,"max_hp_gain":0,"max_hp_loss":0,"event_name":"Shining Light","floor":7,"gold_loss":0},{"damage_healed":0,"gold_gain":0,"player_choice":"Became a vampire","damage_taken":0,"max_hp_gain":0,"max_hp_loss":21,"event_name":"Vampires","floor":19,"gold_loss":0,"cards_obtained":["Bite","Bite","Bite","Bite","Bite"]},{"damage_healed":0,"gold_gain":0,"player_choice":"1 cards matched","damage_taken":0,"max_hp_gain":0,"max_hp_loss":0,"event_name":"Match and Keep!","floor":21,"gold_loss":0,"cards_obtained":["Eruption"]},{"damage_healed":0,"gold_gain":0,"player_choice":"Fought Bandits","damage_taken":0,"max_hp_gain":0,"max_hp_loss":0,"event_name":"Masked Bandits","floor":27,"gold_loss":0},{"damage_healed":0,"gold_gain":0,"player_choice":"Took Portal","damage_taken":0,"max_hp_gain":0,"max_hp_loss":0,"event_name":"SecretPortal","floor":36,"gold_loss":0}],"is_beta":false,"boss_relics":[{"not_picked":["Astrolabe","Ectoplasm"],"picked":"Calling Bell"},{"not_picked":["Pandora\u0027s Box","Sozu"],"picked":"SlaversCollar"}],"items_purged_floors":[],"is_endless":false,"potions_floor_spawned":[3,6,10,18,20,22,23,25,27,29,30,31,33,35],"killed_by":"FixerMidnight","ascension_level":20}}