{"host":"ttx8tv95o5vka1nm","time":1612973654,"event":{"mods":["AchievementEnabler","BaseMod","BetterRewards","Colored Map","Evolution","Hermit","Hubris","Infinite Spire","Jorbs\u0027s Wanderer Trilogy","Minty Spire (QoL Compilation)","Relic Filter Mod","Reliquary","Robot Space Explorer","Shop Mod","Spicy Shops","StSLib","The Blue Laboratory","The Bug Knight","The Construct","The Cursed","The Disciple","The Forsaken","The Hierophant","The Necromancer","The Runesmith","TheBandit"],"gold_per_floor":[112,128,128,155,176,197,212,212,212,240,259,300,11,11,11,104,104,93,43,13,13,13,9,9],"floor_reached":23,"language":"ENG","playtime":2052,"items_purged":["hierophant:Strike_Hierophant"],"score":209,"play_id":"1b9455d8-1e91-48b7-b99b-f9e6910ac082","local_time":"20210211021414","is_ascension_mode":false,"campfire_choices":[{"data":"hierophant:Endure","floor":8,"key":"SMITH"},{"data":"hierophant:Charity","floor":15,"key":"SMITH"}],"circlet_count":0,"master_deck":["hierophant:PassingBell","hierophant:Strike_Hierophant","hierophant:Punish","hierophant:Defend_Hierophant","hierophant:Defend_Hierophant","hierophant:Defend_Hierophant","hierophant:Defend_Hierophant","hierophant:ChurchCoffers+1","hierophant:RepressedViolence","hierophant:Doubloon+1","hierophant:Charity+1","hierophant:Endure+1","hierophant:HolyVerse","hierophant:Flagellation+1","hierophant:FieryStrike","hierophant:PassingBell","hierophant:Smite","hierophant:MintersHammer","hierophant:AuricBeam","hierophant:Bribe","hierophant:Remorse","hierophant:Doubloon","hierophant:Endure+1"],"relics":["hierophant:PropheticMaskRelic","EVO:Axolotl","Nunchaku","Kunai","hubris:TinFlute","Happy Flower","theForsaken:ScaryMask","Membership Card","MerchantsRug","Black Star"],"acts_visited":["Exordium","TheCity"],"potions_floor_usage":[6,12,19,23],"damage_taken":[{"damage":0,"enemies":"2 Louse","floor":1,"turns":2},{"damage":1,"enemies":"Jaw Worm","floor":2,"turns":3},{"damage":2,"enemies":"Cultist","floor":5,"turns":5},{"damage":21,"enemies":"3 Sentries","floor":6,"turns":12},{"damage":0,"enemies":"2 Fungi Beasts","floor":7,"turns":2},{"damage":16,"enemies":"Lagavulin","floor":10,"turns":7},{"damage":14,"enemies":"Blue Slaver","floor":11,"turns":3},{"damage":7,"enemies":"Gremlin Nob","floor":12,"turns":3},{"damage":60,"enemies":"Hexaghost","floor":16,"turns":11},{"damage":2,"enemies":"Chosen","floor":18,"turns":3},{"damage":19,"enemies":"2 Thieves","floor":19,"turns":3},{"damage":64,"enemies":"Nightmare","floor":23,"turns":9}],"seed_played":"8212949898775672730","potions_obtained":[{"floor":1,"key":"PowerPotion"},{"floor":6,"key":"Regen Potion"},{"floor":10,"key":"Weak Potion"},{"floor":11,"key":"SteroidPotion"},{"floor":16,"key":"blueLaboratory:BottleOfRum"},{"floor":18,"key":"Weak Potion"}],"is_trial":false,"path_per_floor":["M","M","?","T","M","E","M","R","T","E","M","E","$","?","R","B",null,"M","M","$","?","?","NM"],"character_chosen":"HIEROPHANT","items_purchased":["Membership Card","Lee\u0027s Waffle","MerchantsRug","hierophant:Remorse"],"campfire_rested":0,"item_purchase_floors":[13,13,13,20],"current_hp_per_floor":[75,74,74,74,72,51,51,51,51,35,21,26,82,82,82,22,82,80,61,61,61,61,0,0],"gold":9,"neow_bonus":"UPGRADE_CARD","is_daily":false,"chose_seed":false,"campfire_upgraded":2,"win_rate":0.0,"timestamp":1612973654,"path_taken":["M","M","?","?","M","E","M","R","T","E","M","E","$","?","R","BOSS","M","?","$","?","?","NM"],"items_purchased_type":["Relic","Relic","Relic","Card"],"build_version":"2020-12-22","purchased_purges":1,"victory":false,"max_hp_per_floor":[75,75,75,75,75,75,75,75,75,75,75,75,82,82,82,82,82,82,82,82,82,82,82,82],"card_choices":[{"not_picked":["hierophant:Shelter","hierophant:Rebuild"],"picked":"hierophant:RepressedViolence","floor":1},{"not_picked":["hierophant:Glossolalia","hierophant:OrnateBuckler"],"picked":"hierophant:Charity","floor":2},{"not_picked":["hierophant:Charity","hierophant:FlamingChariot"],"picked":"hierophant:Endure","floor":5},{"not_picked":["hierophant:Generosity","hierophant:ArchangelShield"],"picked":"hierophant:HolyVerse","floor":6},{"not_picked":["hierophant:Charity","hierophant:DisplayOfPower"],"picked":"hierophant:Flagellation","floor":7},{"not_picked":["hierophant:Purify","hierophant:ThreeLashes"],"picked":"hierophant:FieryStrike","floor":10},{"not_picked":["hierophant:Zeal","hierophant:HammerAndAnvil"],"picked":"hierophant:PassingBell","floor":11},{"not_picked":["hierophant:AuricShield","hierophant:RustyCrate"],"picked":"hierophant:Smite","floor":12},{"not_picked":["hierophant:Anathema","hierophant:AuricForm"],"picked":"hierophant:MintersHammer","floor":16},{"not_picked":["hierophant:HolyVerse","hierophant:Martyrdom"],"picked":"hierophant:AuricBeam","floor":18},{"not_picked":["hierophant:Purify","hierophant:OrnateBuckler+1"],"picked":"hierophant:Bribe","floor":19}],"player_experience":901116,"relics_obtained":[{"floor":4,"key":"Nunchaku"},{"floor":6,"key":"Kunai"},{"floor":9,"key":"hubris:TinFlute"},{"floor":10,"key":"Happy Flower"},{"floor":12,"key":"theForsaken:ScaryMask"}],"event_choices":[{"cards_removed":["hierophant:Strike_Hierophant"],"damage_healed":0,"gold_gain":0,"player_choice":"Offered Basic","damage_taken":0,"max_hp_gain":0,"max_hp_loss":0,"event_name":"Bonfire Elementals","floor":14,"gold_loss":0},{"damage_healed":0,"gold_gain":0,"player_choice":"Copied","damage_taken":0,"max_hp_gain":0,"max_hp_loss":0,"event_name":"Duplicator","floor":22,"gold_loss":0,"cards_obtained":["hierophant:Endure"]}],"is_beta":false,"boss_relics":[{"not_picked":["Velvet Choker","Calling Bell"],"picked":"Black Star"}],"items_purged_floors":[13],"is_endless":false,"potions_floor_spawned":[1,6,10,11,16,18],"killed_by":"Nightmare","ascension_level":0}}