{"host":"pvrgpaf3ayyxxis3","time":1612943438,"event":{"mods":["2.2 Compatiblity","AchievementEnabler","Act Like it!","Ascension Unlocker","Aspiration","BaseMod","Better Note","Better Vampires","Better-Laid Plans","BetterRewards","Colored Map","Colored Powertips","Conspire","Downfall","Friendly Minions","GifTheSpireLib","Halation","Hallownest","Hermit","Hubris","Infinite Spire","Marisa????????","Mimic Mod","Minty Spire (QoL Compilation)","Permanent Neow","Random Character Button","Random Character Mod","Rare Cards Sparkle","Replay The Spire","Robot Space Explorer","SOS???????","Shop Mod","StSLib","The Bug Knight","The Construct","The Cursed","The IronCluck","The Jungle","The Runesmith","The Servant 0.9.4","Uncapped","everything is the same but u backflip on backflip","???Mod??????Boss"],"gold_per_floor":[118,118,16,30,30,58,70,70,123,123,7,17,17,29,29,124,124,143,143,162,10,10,10,21,21,21,21,38,55,55,68,68,164,164,175,175,229,179,179,179],"floor_reached":39,"language":"ENG","playtime":4489,"items_purged":["Injury"],"score":404,"play_id":"6c711154-77dd-44b3-836e-007885c39a2b","local_time":"20210210075038","is_ascension_mode":false,"campfire_choices":[{"floor":8,"key":"REST"},{"floor":10,"key":"REST"},{"floor":15,"key":"REST"},{"floor":23,"key":"REST"},{"floor":25,"key":"REST"},{"data":"Well Laid Plans","floor":27,"key":"SMITH"},{"floor":32,"key":"REST"}],"circlet_count":0,"master_deck":["Strike_G","Strike_G","Strike_G","Strike_G","Defend_G","Defend_G+1","Defend_G","Defend_G","Defend_G","Survivor","Neutralize","Acrobatics","Prepared+1","conspire:PoisonWeapons+1","Deadly Poison+1","RobotSpaceExplorer:PowerGlove+1","Noxious Fumes","Outmaneuver+1","Crippling Poison+1","Outmaneuver+1","Hidden Blade+1","Spreading Infection","Masterful Stab","Burst+1","Backflip+1","Infinite Blades+1","Slice","Deadly Poison+1","Well Laid Plans+1","Shame","Tactician+1","Flying Knee","ReplayTheSpireMod:Scrap Shanks+1","Deflect+1","Die Die Die","Dagger Spray","infinitespire:Starlight+1","Bouncing Flask+1","conspire:SpireCoStock+1"],"relics":["Ring of the Serpent","aspiration:TomeofQuesting","Toxic Egg 2","Simple Rune","Replay:Mystery Machine","ReplayTheSpireMod:Ring of Collecting","Ring of Peace","theJungle:SneckoAutograph","infinitespire:ShieldingShard","hubris:Towel","hubris:GrandSneckoEye","halation:SelfBoilingWater","Tough Bandages"],"acts_visited":["Exordium","Exordium","TheBeyond"],"potions_floor_usage":[],"damage_taken":[{"damage":4,"enemies":"conspire:RoseBush","floor":1,"turns":4},{"damage":6,"enemies":"Cultist","floor":4,"turns":3},{"damage":34,"enemies":"Gremlin Nob","floor":6,"turns":4},{"damage":6,"enemies":"2 Louse","floor":7,"turns":2},{"damage":17,"enemies":"Exordium Wildlife","floor":12,"turns":4},{"damage":7,"enemies":"3 Louse","floor":14,"turns":3},{"damage":49,"enemies":"Slime Boss","floor":16,"turns":11},{"damage":14,"enemies":"theJungle:GiantWrat","floor":18,"turns":4},{"damage":18,"enemies":"theJungle:Flameango_and_Byrd","floor":20,"turns":6},{"damage":19,"enemies":"theJungle:Lyon","floor":24,"turns":4},{"damage":9,"enemies":"theJungle:Snecko_Cultist_And_Trap","floor":28,"turns":5},{"damage":40,"enemies":"theJungle:2_Snecko_Cultists","floor":29,"turns":5},{"damage":8,"enemies":"theJungle:JungleHuntersEncounter","floor":31,"turns":6},{"damage":8,"enemies":"theJungle:FunGuy","floor":33,"turns":9},{"damage":0,"enemies":"Orb Walker","floor":35,"turns":3},{"damage":64,"enemies":"2 Orb Walkers","floor":37,"turns":5},{"damage":6,"enemies":"3 Darklings","floor":39,"turns":2}],"seed_played":"7616635621757336137","potions_obtained":[{"floor":1,"key":"PowerPotion"},{"floor":7,"key":"Venom Potion"},{"floor":14,"key":"Regen Potion"},{"floor":18,"key":"Poison Potion"}],"is_trial":false,"path_per_floor":["M","?","$","M","?","E","M","R","T","R","$","M","?","M","R","B",null,"M","?","M","$","?","R","M","R","T","R","M","M","?","M","R","B",null,"M","AVR","?","?","M"],"character_chosen":"THE_SILENT","items_purchased":["Prepared+1","conspire:PoisonWeapons+1","Crippling Poison+1","Outmaneuver+1","Slice","Deadly Poison+1","Well Laid Plans"],"campfire_rested":6,"item_purchase_floors":[3,3,11,11,21,21,21],"current_hp_per_floor":[66,66,66,60,60,26,20,41,41,62,62,45,45,38,59,10,70,56,56,38,38,38,59,40,61,61,61,52,12,12,4,25,17,70,70,70,6,6,0,0],"gold":179,"neow_bonus":"RANDOM_COMMON_RELIC","is_daily":false,"chose_seed":false,"campfire_upgraded":1,"win_rate":0.0,"timestamp":1612943438,"path_taken":["M","?","$","M","?","E","?","R","T","R","$","M","?","M","R","BOSS","M","?","?","$","?","R","M","R","T","R","M","M","?","M","R","BOSS","M","AVR","?","?","M"],"items_purchased_type":["Card","Card","Card","Card","Card","Card","Card"],"build_version":"2020-12-22","purchased_purges":1,"victory":false,"max_hp_per_floor":[70,70,70,70,70,70,70,70,70,70,70,70,70,70,70,70,70,70,70,70,70,70,70,70,70,70,70,70,70,70,70,70,70,70,70,70,70,70,70,70],"card_choices":[{"not_picked":["Expertise","PiercingWail"],"picked":"Acrobatics","floor":1},{"not_picked":["Backflip+1","Calculated Gamble+1"],"picked":"Deadly Poison+1","floor":4},{"not_picked":["Poisoned Stab","PiercingWail+1"],"picked":"Noxious Fumes","floor":6},{"not_picked":["Prepared+1","PiercingWail+1"],"picked":"Outmaneuver+1","floor":7},{"not_picked":["Backflip+1","Dagger Spray"],"picked":"Hidden Blade+1","floor":12},{"not_picked":["hubris:TrickCloak+1","Prepared+1"],"picked":"Masterful Stab","floor":14},{"not_picked":["Malaise+1","Venomology+1"],"picked":"Burst+1","floor":16},{"not_picked":["Footwork+1","Deadly Poison+1"],"picked":"Backflip+1","floor":18},{"not_picked":["Blade Dance+1","Dagger Throw"],"picked":"Infinite Blades+1","floor":20},{"not_picked":["Footwork","Riddle With Holes+1"],"picked":"Tactician+1","floor":24},{"not_picked":["Reflex+1","Quick Slash"],"picked":"Flying Knee","floor":28},{"not_picked":["Deflect+1","Slice+1"],"picked":"ReplayTheSpireMod:Scrap Shanks+1","floor":29},{"not_picked":["Hidden Blade+1","Heel Hook"],"picked":"Deflect+1","floor":31},{"not_picked":["Tools of the Trade","Venomology+1"],"picked":"Die Die Die","floor":33},{"not_picked":["Sucker Punch+1","ReplayTheSpireMod:Scrap Shanks"],"picked":"Dagger Spray","floor":35},{"not_picked":["Endless Agony","Outmaneuver+1"],"picked":"Bouncing Flask+1","floor":37}],"player_experience":24991,"relics_obtained":[{"floor":6,"key":"Simple Rune"},{"floor":9,"key":"Replay:Mystery Machine"},{"floor":13,"key":"ReplayTheSpireMod:Ring of Collecting"},{"floor":13,"key":"Ring of Peace"},{"floor":26,"key":"infinitespire:ShieldingShard"},{"floor":37,"key":"Tough Bandages"}],"event_choices":[{"cards_removed":["Survivor"],"damage_healed":0,"gold_gain":0,"player_choice":"Take \u0026 Give","damage_taken":0,"max_hp_gain":0,"max_hp_loss":0,"event_name":"betterNote:BetterNote","floor":5,"gold_loss":0,"cards_obtained":["RobotSpaceExplorer:PowerGlove"]},{"cards_removed":["Strike_G"],"damage_healed":0,"gold_gain":0,"player_choice":"Offered Basic","damage_taken":0,"max_hp_gain":0,"max_hp_loss":0,"event_name":"Bonfire Elementals","floor":19,"gold_loss":0},{"damage_healed":0,"gold_gain":0,"player_choice":"Fight","damage_taken":0,"max_hp_gain":0,"max_hp_loss":0,"event_name":"Mysterious Sphere","floor":37,"gold_loss":0},{"damage_healed":0,"gold_gain":0,"player_choice":"Invest 1","damage_taken":0,"max_hp_gain":0,"max_hp_loss":0,"event_name":"conspire:Investor","floor":38,"gold_loss":0}],"is_beta":false,"boss_relics":[{"not_picked":["halation:CatFaceCupcake","hubris:HollowSoul"],"picked":"Ring of the Serpent"},{"not_picked":["Coffee Dripper","hubris:VirtuousBlindfold"],"picked":"hubris:GrandSneckoEye"}],"items_purged_floors":[36],"is_endless":false,"potions_floor_spawned":[1,7,14,18,28,37],"killed_by":"3 Darklings","ascension_level":0}}