{"host":"2knyve8x3a5arpop","time":1612984273,"event":{"mods":["100% Spire Juice","Abigail Mod","AchievementEnabler","Act Like it!","Arknights","Ascension Reborn","BaseMod","BetterRewards","CapriCore","Colored Map","Colored Powertips","Conspire","Custom Start","Friendly Minions","Hermit","Hubris","Koishi","Lobotomy","Marisa£¨Ùöéë¡¡Øª×âÞÞ£©","Minty Spire (QoL Compilation)","Practice Mode","Quick Restart","RRrroohrrRGHHhhh!!","Replay The Spire","StSLib","Td1madao Mod","The Cursed","The Dragon Tamer","The Gatherer","The Hierophant","The Immortal","The Jungle","The Poker Player","The Runesmith"],"gold_per_floor":[111,126,162,178,191,191,191,191,191],"floor_reached":7,"language":"KOR","playtime":1387,"items_purged":[],"score":43,"play_id":"df0e9a7b-59e2-4b1b-ae2e-804654efdadb","local_time":"20210211041113","is_ascension_mode":true,"campfire_choices":[{"data":"MokouMod:SpontaneousHumanCombustion","floor":6,"key":"SMITH"}],"circlet_count":0,"master_deck":["MokouMod:Strike","MokouMod:Strike","MokouMod:Strike","MokouMod:Strike","MokouMod:Defend","MokouMod:Defend","MokouMod:Defend","MokouMod:Defend","MokouMod:HeatSpark","MokouMod:BurningDraft","MokouMod:Trailblazer","MokouMod:SpontaneousHumanCombustion+1","MokouMod:Sear"],"relics":["MokouMod:PhoenixFeather","hubris:MedicalManual"],"acts_visited":["Exordium"],"potions_floor_usage":[],"damage_taken":[{"damage":2,"enemies":"ats:Genji","floor":1,"turns":5},{"damage":0,"enemies":"Small Slimes","floor":2,"turns":3},{"damage":28,"enemies":"conspire:MimicChest","floor":3,"turns":8},{"damage":10,"enemies":"conspire:RoseBush","floor":4,"turns":6},{"damage":13,"enemies":"Exordium Wildlife","floor":5,"turns":5},{"damage":53,"enemies":"3 Sentries","floor":7,"turns":9}],"seed_played":"-1782051582068479076","potions_obtained":[{"floor":4,"key":"Energy Potion"}],"is_trial":false,"path_per_floor":["M","M","?","M","M","R","E"],"character_chosen":"MKU","items_purchased":[],"campfire_rested":0,"item_purchase_floors":[],"current_hp_per_floor":[73,73,45,35,22,22,18,18,18],"gold":191,"neow_bonus":"REMOVE_CARD","is_daily":false,"chose_seed":false,"campfire_upgraded":1,"win_rate":0.0,"timestamp":1612984273,"path_taken":["M","M","?","M","M","R","E"],"items_purchased_type":[],"build_version":"2020-12-22","purchased_purges":0,"victory":false,"max_hp_per_floor":[75,75,75,75,75,75,75,75,75],"card_choices":[{"not_picked":["MokouMod:BlazingComet","MokouMod:Firecracker"],"picked":"MokouMod:BurningDraft","floor":1},{"not_picked":["MokouMod:Firecracker","MokouMod:EternalBurstReactor"],"picked":"MokouMod:Trailblazer","floor":2},{"not_picked":["MokouMod:Overheat","MokouMod:UncontrollableSolarReaction"],"picked":"MokouMod:SpontaneousHumanCombustion","floor":3},{"not_picked":["MokouMod:IgnitionBlast","MokouMod:IllusoryBattlefield","MokouMod:ControlledCombustion"],"picked":"SKIP","floor":4},{"not_picked":["MokouMod:Stoke","MokouMod:IndiscriminateIgnition"],"picked":"MokouMod:Sear","floor":5}],"player_experience":479716,"relics_obtained":[{"floor":3,"key":"hubris:MedicalManual"}],"event_choices":[],"is_beta":false,"boss_relics":[],"items_purged_floors":[],"is_endless":false,"potions_floor_spawned":[4],"killed_by":"3 Sentries","ascension_level":0}}