{"host":"toh0bbw446wnuexf","time":1612934587,"event":{"mods":["BaseMod","Downfall","Hermit","Minty Spire (QoL Compilation)","Random Character Button","StSLib"],"gold_per_floor":[112,112,132,148,148,148,107,107,107,107,134,134,169,186,186,288,288,304,156,156,166,166,166,441,461,461,473,473,492,335,346,346,446,446,464,389,405,405,423,423,453,279,327,341,341,341,360,375,375,375,375],"floor_reached":50,"language":"ENG","playtime":4419,"items_purged":["hermit:FatalDesire","hermit:FromBeyond+1"],"score":585,"play_id":"719c59e2-4104-4488-a6c5-781b301cc295","local_time":"20210210182307","is_ascension_mode":true,"campfire_choices":[{"floor":6,"key":"REST"},{"data":"hermit:Maintenance","floor":8,"key":"SMITH"},{"data":"hermit:Covet","floor":10,"key":"SMITH"},{"data":"hermit:FromBeyond","floor":15,"key":"SMITH"},{"floor":23,"key":"REST"},{"floor":28,"key":"REST"},{"floor":32,"key":"REST"},{"floor":40,"key":"REST"},{"floor":49,"key":"REST"}],"circlet_count":0,"master_deck":["hermit:Strike_Hermit","hermit:Strike_Hermit","hermit:Strike_Hermit","hermit:Strike_Hermit","hermit:Defend_Hermit","hermit:Defend_Hermit","hermit:Defend_Hermit","hermit:Defend_Hermit","hermit:Covet+1","hermit:Maintenance+1","hermit:FinalCanter","Decay","Regret","hermit:HighNoon+1","hermit:ShadowCloak","downfall:Haunted"],"relics":["hermit:ClaspedLocket","Du-Vu Doll","White Beast Statue","Potion Belt","Anchor","Matryoshka","Blood Vial","Cursed Key","Kunai","Centennial Puzzle","Omamori"],"acts_visited":["Exordium","TheCity","TheBeyond"],"potions_floor_usage":[18,29,29,31,31,33,33,33,35,35,35,37,37,37,48,48,50,50],"damage_taken":[{"damage":5,"enemies":"Small Slimes","floor":1,"turns":3},{"damage":3,"enemies":"Cultist","floor":3,"turns":5},{"damage":12,"enemies":"2 Louse","floor":4,"turns":4},{"damage":5,"enemies":"3 Sentries","floor":11,"turns":8},{"damage":0,"enemies":"Lagavulin","floor":13,"turns":10},{"damage":0,"enemies":"2 Fungi Beasts","floor":14,"turns":6},{"damage":27,"enemies":"Slime Boss","floor":16,"turns":12},{"damage":20,"enemies":"3 Byrds","floor":18,"turns":10},{"damage":22,"enemies":"Spheric Guardian","floor":21,"turns":10},{"damage":16,"enemies":"Chosen and Byrds","floor":25,"turns":9},{"damage":38,"enemies":"Cultist and Chosen","floor":27,"turns":8},{"damage":21,"enemies":"Centurion and Healer","floor":29,"turns":5},{"damage":26,"enemies":"Snake Plant","floor":31,"turns":4},{"damage":22,"enemies":"Champ","floor":33,"turns":11},{"damage":7,"enemies":"Orb Walker","floor":35,"turns":5},{"damage":20,"enemies":"3 Darklings","floor":37,"turns":5},{"damage":13,"enemies":"Maw","floor":39,"turns":10},{"damage":0,"enemies":"Giant Head","floor":41,"turns":13},{"damage":23,"enemies":"Writhing Mass","floor":44,"turns":7},{"damage":25,"enemies":"Sphere and 2 Shapes","floor":47,"turns":7},{"damage":57,"enemies":"Jaw Worm Horde","floor":48,"turns":6},{"damage":44,"enemies":"Donu and Deca","floor":50,"turns":8}],"seed_played":"-5071702422824716290","potions_obtained":[{"floor":1,"key":"DistilledChaos"},{"floor":13,"key":"Fire Potion"},{"floor":14,"key":"hermit:BlackBile"},{"floor":16,"key":"CultistPotion"},{"floor":18,"key":"Slimebound:ThreeZeroPotion"},{"floor":21,"key":"champ:CounterPotion"},{"floor":27,"key":"CultistPotion"},{"floor":29,"key":"Explosive Potion"},{"floor":31,"key":"SmokeBomb"},{"floor":33,"key":"EntropicBrew"},{"floor":35,"key":"Explosive Potion"},{"floor":37,"key":"GamblersBrew"},{"floor":39,"key":"Strength Potion"},{"floor":41,"key":"LiquidMemories"},{"floor":44,"key":"EssenceOfSteel"},{"floor":47,"key":"SpeedPotion"},{"floor":48,"key":"SkillPotion"}],"is_trial":false,"path_per_floor":["M","?","M","M","$","R","?","R","T","R","E","?","E","M","R","B",null,"M","$","?","M","?","R","?","M","T","M","R","M","$","M","R","B",null,"M","$","M","?","M","R","E","$","T","M","?","?","M","M","R","B"],"character_chosen":"HERMIT","items_purchased":["Anchor","Blood Vial","hermit:ShadowCloak"],"campfire_rested":6,"item_purchase_floors":[19,30,42],"current_hp_per_floor":[49,49,46,34,34,56,56,56,56,56,51,51,51,51,51,24,75,55,55,55,38,38,60,60,52,52,20,42,24,24,2,24,18,75,70,70,56,56,52,74,75,75,75,57,75,75,55,7,29,0,0],"gold":375,"neow_bonus":"THREE_RARE_CARDS","is_daily":false,"chose_seed":false,"campfire_upgraded":3,"win_rate":0.0,"timestamp":1612934587,"path_taken":["M","?","M","?","$","R","?","R","T","R","E","?","E","M","R","BOSS","M","$","?","M","?","R","?","M","T","M","R","?","?","M","R","BOSS","M","$","?","?","?","R","E","$","T","M","?","?","M","M","R","BOSS"],"items_purchased_type":["Relic","Relic","Card"],"build_version":"2020-12-22","purchased_purges":2,"victory":false,"max_hp_per_floor":[75,75,75,75,75,75,75,75,75,75,75,75,75,75,75,75,75,75,75,75,75,75,75,75,75,75,75,75,75,75,75,75,75,75,75,75,75,75,75,75,75,75,75,75,75,75,75,75,75,75,75],"card_choices":[{"not_picked":["hermit:DeadOrAlive","hermit:Gambit"],"picked":"hermit:FatalDesire","floor":0},{"not_picked":["hermit:EyeOfTheStorm","hermit:BodyArmor"],"picked":"hermit:Maintenance","floor":1},{"not_picked":["hermit:Desperado","hermit:LowProfile"],"picked":"hermit:FromBeyond","floor":3},{"not_picked":["hermit:Glare","hermit:Desperado","hermit:EyeOfTheStorm"],"picked":"SKIP","floor":4},{"not_picked":["hermit:Gestalt","hermit:Quickdraw","hermit:Combo"],"picked":"SKIP","floor":11},{"not_picked":["hermit:Brawl","hermit:Manifest","hermit:Virtue"],"picked":"SKIP","floor":13},{"not_picked":["hermit:Ricochet","hermit:Dive","hermit:Desperado"],"picked":"SKIP","floor":14},{"not_picked":["hermit:EternalForm","hermit:RoundhouseKick"],"picked":"hermit:FinalCanter","floor":16},{"not_picked":["hermit:Feint","hermit:Enervate","hermit:BodyArmor"],"picked":"SKIP","floor":18},{"not_picked":["hermit:Vantage","hermit:Misfire","hermit:Determination"],"picked":"SKIP","floor":21},{"not_picked":["hermit:Combo","hermit:Shortfuse","hermit:HoleUp"],"picked":"SKIP","floor":25},{"not_picked":["hermit:FlashPowder","hermit:Scavenge","hermit:ItchyTrigger"],"picked":"SKIP","floor":27},{"not_picked":["hermit:LowProfile+1","hermit:Glare","hermit:CalledShot"],"picked":"SKIP","floor":29},{"not_picked":["hermit:Dive+1","hermit:Misfire","hermit:PistolWhip"],"picked":"SKIP","floor":31},{"not_picked":["hermit:Gambit","hermit:Purgatory"],"picked":"hermit:HighNoon","floor":33},{"not_picked":["hermit:Misfire+1","hermit:Snipe+1","hermit:Brawl"],"picked":"SKIP","floor":35},{"not_picked":["hermit:TrackingShot","hermit:Glare+1","hermit:Determination+1"],"picked":"SKIP","floor":37},{"not_picked":["hermit:BodyArmor","hermit:HighCaliber+1","hermit:Feint+1"],"picked":"SKIP","floor":39},{"not_picked":["hermit:TrackingShot","hermit:Horror+1","hermit:Feint+1"],"picked":"SKIP","floor":41},{"not_picked":["hermit:Manifest","hermit:CalledShot","hermit:Coalescence+1"],"picked":"SKIP","floor":44},{"not_picked":["hermit:BlackWind","hermit:FullyLoaded+1","hermit:Misfire+1"],"picked":"SKIP","floor":47},{"not_picked":["hermit:Snipe","hermit:Coalescence+1","hermit:TakeAim"],"picked":"SKIP","floor":48}],"player_experience":670330,"relics_obtained":[{"floor":9,"key":"Du-Vu Doll"},{"floor":11,"key":"White Beast Statue"},{"floor":13,"key":"Potion Belt"},{"floor":26,"key":"Matryoshka"},{"floor":41,"key":"Kunai"},{"floor":43,"key":"Centennial Puzzle"},{"floor":43,"key":"Omamori"}],"event_choices":[{"cards_removed":["hermit:Snapshot"],"damage_healed":0,"gold_gain":0,"player_choice":"Offered Basic","damage_taken":0,"max_hp_gain":0,"max_hp_loss":0,"event_name":"Bonfire Elementals","floor":2,"gold_loss":0},{"damage_healed":0,"gold_gain":0,"player_choice":"Left Gold","damage_taken":0,"max_hp_gain":0,"max_hp_loss":0,"event_name":"World of Goop","floor":7,"gold_loss":41},{"damage_healed":0,"gold_gain":0,"player_choice":"Ignored","damage_taken":0,"max_hp_gain":0,"max_hp_loss":0,"event_name":"Transmorgrifier","floor":12,"gold_loss":0},{"damage_healed":0,"gold_gain":0,"player_choice":"Smashed Altar","damage_taken":0,"max_hp_gain":0,"max_hp_loss":0,"event_name":"Forgotten Altar","floor":20,"gold_loss":0,"cards_obtained":["Decay"]},{"damage_healed":0,"gold_gain":275,"player_choice":"Desecrate","damage_taken":0,"max_hp_gain":0,"max_hp_loss":0,"event_name":"Golden Shrine","floor":24,"gold_loss":0,"cards_obtained":["Regret"]},{"damage_healed":0,"gold_gain":0,"player_choice":"Upgraded","damage_taken":0,"max_hp_gain":0,"max_hp_loss":0,"event_name":"Upgrade Shrine","floor":38,"gold_loss":0,"cards_upgraded":["hermit:HighNoon"]},{"damage_healed":19,"gold_gain":0,"player_choice":"Writhe","damage_taken":0,"max_hp_gain":0,"max_hp_loss":0,"event_name":"Winding Halls","floor":45,"gold_loss":0,"cards_obtained":["Writhe"]},{"damage_healed":0,"gold_gain":0,"player_choice":"0 cards matched","damage_taken":0,"max_hp_gain":0,"max_hp_loss":0,"event_name":"Match and Keep!","floor":46,"gold_loss":0,"cards_obtained":[]}],"is_beta":false,"boss_relics":[{"not_picked":["Philosopher\u0027s Stone","SlaversCollar"],"picked":"hermit:ClaspedLocket"},{"not_picked":["bronze:MakeshiftBattery","SacredBark"],"picked":"Cursed Key"}],"items_purged_floors":[36,42],"is_endless":false,"potions_floor_spawned":[1,13,14,16,18,21,25,27,29,31,33,35,37,39,41,44,47,48],"killed_by":"Donu and Deca","ascension_level":2}}