{"host":"x205naxbihvu3p76","time":1612948276,"event":{"mods":["AchievementEnabler","BaseMod","Minty Spire (QoL Compilation)","StSLib","SuperFastMode"],"gold_per_floor":[117,127,145,70,70,70,400,416,416,450,450,470,276,276,276,276,276],"floor_reached":16,"language":"KOR","playtime":292,"items_purged":["Strike_R","Strike_R"],"score":209,"play_id":"ca7ad8d3-7306-43dd-9416-4343f9aeb88b","local_time":"20210210181116","is_ascension_mode":true,"campfire_choices":[{"data":"Carnage","floor":6.0,"key":"SMITH"},{"data":"1","floor":11,"key":"LIFT"},{"floor":15,"key":"REST"}],"circlet_count":0,"master_deck":["AscendersBane","Strike_R","Strike_R","Strike_R","Defend_R","Defend_R","Defend_R","Defend_R","Bash","Ghostly Armor","Carnage+1","Feed","Shrug It Off","Pummel"],"relics":["Burning Blood","NeowsBlessing","Old Coin","Girya","HornCleat"],"acts_visited":["Exordium"],"potions_floor_usage":[10,16,16],"damage_taken":[{"damage":0.0,"enemies":"Cultist","floor":1.0,"turns":1.0},{"damage":0.0,"enemies":"2 Louse","floor":2.0,"turns":1.0},{"damage":0.0,"enemies":"Small Slimes","floor":3.0,"turns":1.0},{"damage":47,"enemies":"Lagavulin","floor":7,"turns":7},{"damage":7,"enemies":"Looter","floor":8,"turns":4},{"damage":25,"enemies":"3 Sentries","floor":10,"turns":10},{"damage":13,"enemies":"Large Slime","floor":12,"turns":5},{"damage":38,"enemies":"The Guardian","floor":16,"turns":14}],"seed_played":"7374649783260856240","potions_obtained":[{"floor":1.0,"key":"Energy Potion"},{"floor":3.0,"key":"SneckoOil"},{"floor":12,"key":"PowerPotion"}],"is_trial":false,"path_per_floor":["M","M","M","$","?","R","E","M","T","E","R","M","$","?","R","B"],"character_chosen":"IRONCLAD","items_purchased":["Shrug It Off","Pummel"],"campfire_rested":1,"item_purchase_floors":[13,13],"current_hp_per_floor":[74,75,75,75,80,80,39,38,38,19,19,12,12,12,36,0,0],"gold":276,"neow_bonus":"THREE_ENEMY_KILL","is_daily":false,"chose_seed":false,"campfire_upgraded":1,"win_rate":0.0,"timestamp":1612948276,"path_taken":["M","?","M","$","?","R","E","M","T","E","R","M","$","?","R","BOSS"],"items_purchased_type":["Card","Card"],"build_version":"2020-12-22","purchased_purges":2,"victory":false,"max_hp_per_floor":[75,75,75,75,80,80,80,80,80,80,80,80,80,80,80,80,80],"card_choices":[{"not_picked":["Clash","Reckless Charge"],"picked":"Ghostly Armor","floor":1.0},{"not_picked":["Body Slam","Havoc"],"picked":"Carnage","floor":2.0},{"not_picked":["Sword Boomerang","Metallicize","Combust"],"picked":"SKIP","floor":3.0},{"not_picked":["Feel No Pain","Wild Strike","Hemokinesis"],"picked":"SKIP","floor":7},{"not_picked":["Iron Wave","Thunderclap","Clothesline"],"picked":"SKIP","floor":8},{"not_picked":["Combust","Pummel","Anger"],"picked":"SKIP","floor":10},{"not_picked":["Sword Boomerang","Pommel Strike"],"picked":"Feed","floor":12}],"player_experience":1030546,"relics_obtained":[{"floor":7,"key":"Old Coin"},{"floor":9,"key":"Girya"},{"floor":10,"key":"HornCleat"}],"event_choices":[{"damage_healed":0.0,"max_hp_gain":5.0,"max_hp_loss":0.0,"gold_gain":0.0,"event_name":"Big Fish","player_choice":"Donut","floor":5.0,"gold_loss":0.0,"damage_taken":0.0},{"damage_healed":0,"gold_gain":0,"player_choice":"Ignored","damage_taken":0,"max_hp_gain":0,"max_hp_loss":0,"event_name":"Liars Game","floor":14,"gold_loss":0}],"is_beta":false,"boss_relics":[],"items_purged_floors":[4,13],"is_endless":false,"potions_floor_spawned":[1,3,7,12],"killed_by":"The Guardian","ascension_level":18}}