{"host":"72j3if4hls1tefkc","time":1612920345,"event":{"mods":["AchievementEnabler","Always Whale","Aspiration","BaseMod","Beaked The Cultist","Colored Map","Conspire","FetchMod","Halation","Hermit","Hubris","Infinite Spire","Minty Spire (QoL Compilation)","Reliquary","Replay The Spire","Shop Mod","StSLib","The Construct","The Cursed","The Jungle","The Marked","The Necromancer","The Poker Player"],"gold_per_floor":[116,116,134,146,146,146,190,224,249,249,214,214,239,255,255,358,358,387,418,458,458,494,494,552,552,552,552,552],"floor_reached":27,"language":"ENG","playtime":2176,"items_purged":[],"score":489,"play_id":"6a2f0e87-e1d0-4425-9b98-cd622b58a9a3","local_time":"20210209182545","is_ascension_mode":true,"campfire_choices":[{"data":"TheCursedMod:LuckyCharm","floor":6,"key":"SMITH"},{"data":"TheCursedMod:SoulCrush","floor":10,"key":"SMITH"},{"data":"TheCursedMod:LuckyCharm","floor":12,"key":"SMITH"},{"data":"TheCursedMod:CollectTribute","floor":15,"key":"SMITH"},{"data":"TheCursedMod:AntiAging","floor":23,"key":"SMITH"},{"data":"TheCursedMod:CursedMace","floor":25,"key":"SMITH"}],"circlet_count":0,"master_deck":["TheCursedMod:CleanUpWorkshop+1","TheCursedMod:CursedSpellbook","TheCursedMod:AbyssShockwave","TheCursedMod:SoulReap","TheCursedMod:SoulCrush+1","TheCursedMod:LuckyCharm+1","TheCursedMod:TroublousMinions","TheCursedMod:TroublousMinions","TheCursedMod:CircleOfBlood","TheCursedMod:CollectTribute+1","TheCursedMod:RapidMovement","TheCursedMod:SpitefulPlan+1","TheCursedMod:SmokeScreen","TheCursedMod:LuckyCharm+1","TheCursedMod:CursedMace+1","hubris:Greed","TheCursedMod:CollectTribute","hubris:Greed","hubris:Greed","hubris:Greed","TheCursedMod:Obscuration","TheCursedMod:AntiAging+1","hubris:Greed","TheCursedMod:Neurasthenia"],"relics":["TheCursedMod:SoulVessel","reliquary:SharkskinSheath","Lantern","Omamori","reliquary:TridentHead","construct:ClawGrip","Nunchaku","reliquary:IridiumChain","infinitespire:WardingShard"],"acts_visited":["Exordium","theJungle:Jungle"],"potions_floor_usage":[7,16,21,24],"damage_taken":[{"damage":0,"enemies":"Cultist","floor":1,"turns":3},{"damage":3,"enemies":"Small Slimes","floor":3,"turns":2},{"damage":0,"enemies":"conspire:RoseBush","floor":4,"turns":2},{"damage":0,"enemies":"conspire:MimicChest","floor":7,"turns":5},{"damage":6,"enemies":"Replay:BlueRogue","floor":8,"turns":6},{"damage":0,"enemies":"Lagavulin","floor":13,"turns":8},{"damage":4,"enemies":"Looter","floor":14,"turns":3},{"damage":6,"enemies":"The Guardian","floor":16,"turns":11},{"damage":4,"enemies":"Shell Parasite","floor":18,"turns":4},{"damage":12,"enemies":"theJungle:MUSHROOMGANG","floor":19,"turns":3},{"damage":10,"enemies":"theJungle:2_Snecko_Cultists","floor":20,"turns":3},{"damage":5,"enemies":"JungleHuntersEvent","floor":21,"turns":7},{"damage":33,"enemies":"theJungle:Snecko_Cultist_And_Trap","floor":22,"turns":6},{"damage":6,"enemies":"theJungle:MamaSnecko","floor":24,"turns":7},{"damage":95,"enemies":"theJungle:Cassacara","floor":27,"turns":11}],"seed_played":"7412724743137877671","potions_obtained":[{"floor":4,"key":"LiquidBronze"},{"floor":8,"key":"Elixir"},{"floor":13,"key":"SkillPotion"},{"floor":16,"key":"SpeedPotion"},{"floor":18,"key":"SteroidPotion"},{"floor":20,"key":"Swift Potion"}],"is_trial":false,"path_per_floor":["M","?","M","M","?","R","?","E","T","R","$","R","E","M","R","B",null,"M","M","M","?","M","R","E","R","T","E"],"character_chosen":"THE_CURSED","items_purchased":["TheCursedMod:LuckyCharm"],"campfire_rested":0,"item_purchase_floors":[11],"current_hp_per_floor":[75,75,75,75,75,75,75,75,75,75,75,75,75,74,74,75,75,75,75,73,75,65,65,80,80,80,0,0],"gold":552,"neow_bonus":"RANDOM_EVENT","is_daily":false,"chose_seed":false,"campfire_upgraded":6,"win_rate":0.0,"timestamp":1612920345,"path_taken":["M","?","M","M","?","R","?","E","T","R","$","R","E","M","R","BOSS","M","M","M","?","M","R","E","R","T","E"],"items_purchased_type":["Card"],"build_version":"2020-12-22","purchased_purges":0,"victory":false,"max_hp_per_floor":[75,75,75,75,75,75,75,75,75,75,75,75,75,75,75,75,75,75,75,75,75,77,77,80,80,80,83,83],"card_choices":[{"not_picked":["TheCursedMod:CircleOfFlame","TheCursedMod:CursedShiv"],"picked":"TheCursedMod:RapidMovement","floor":1},{"not_picked":["TheCursedMod:VitalStrike","TheCursedMod:BloodBarrier","TheCursedMod:AshesToAshes"],"picked":"SKIP","floor":3},{"not_picked":["TheCursedMod:CursedShiv","TheCursedMod:CursedAmulet"],"picked":"TheCursedMod:SpitefulPlan","floor":4},{"not_picked":["TheCursedMod:HellsGateOpen","TheCursedMod:RavingStaff"],"picked":"TheCursedMod:SmokeScreen","floor":7},{"not_picked":["TheCursedMod:Wield","TheCursedMod:CursedRelics","TheCursedMod:UltimatePain"],"picked":"SKIP","floor":8},{"not_picked":["TheCursedMod:CircleOfFlame","TheCursedMod:WearCloak"],"picked":"TheCursedMod:CursedMace","floor":13},{"not_picked":["TheCursedMod:RavingStaff","TheCursedMod:EmpowerCircles","TheCursedMod:VitalStrike"],"picked":"SKIP","floor":14},{"not_picked":["TheCursedMod:ForbiddenAlchemy","TheCursedMod:AntiAging"],"picked":"TheCursedMod:CollectTribute","floor":16},{"not_picked":["TheCursedMod:Stigma","TheCursedMod:FleshFromBone","TheCursedMod:SpitefulPray"],"picked":"SKIP","floor":18},{"not_picked":["TheCursedMod:BlessingInDisguise","TheCursedMod:CursedMace","TheCursedMod:VitalStrike"],"picked":"SKIP","floor":19},{"not_picked":["TheCursedMod:DoubleShield","TheCursedMod:RavingStaff"],"picked":"TheCursedMod:Obscuration","floor":20},{"not_picked":["TheCursedMod:CursedShiv+1","TheCursedMod:Obscuration"],"picked":"TheCursedMod:AntiAging","floor":21},{"not_picked":["TheCursedMod:SpitefulPray","TheCursedMod:Mangle","TheCursedMod:VitalStrike"],"picked":"SKIP","floor":22},{"not_picked":["TheCursedMod:SpitefulStrike","TheCursedMod:AbyssShockwave"],"picked":"TheCursedMod:Neurasthenia","floor":24}],"player_experience":416295,"relics_obtained":[{"floor":7,"key":"reliquary:SharkskinSheath"},{"floor":8,"key":"Lantern"},{"floor":9,"key":"Omamori"},{"floor":13,"key":"reliquary:TridentHead"},{"floor":21,"key":"Nunchaku"},{"floor":24,"key":"reliquary:IridiumChain"},{"floor":26,"key":"infinitespire:WardingShard"}],"event_choices":[{"damage_healed":0,"gold_gain":0,"player_choice":"Grow","damage_taken":0,"max_hp_gain":0,"max_hp_loss":0,"event_name":"Living Wall","floor":0,"gold_loss":0,"cards_upgraded":["TheCursedMod:CleanUpWorkshop"]},{"damage_healed":0,"gold_gain":0,"player_choice":"Leave","damage_taken":0,"max_hp_gain":0,"max_hp_loss":0,"event_name":"The Cleric","floor":2,"gold_loss":0}],"is_beta":false,"boss_relics":[{"not_picked":["halation:CatFaceCupcake","beaked:SacredDeck"],"picked":"construct:ClawGrip"}],"items_purged_floors":[],"is_endless":false,"potions_floor_spawned":[4,8,13,16,18,20],"killed_by":"theJungle:Cassacara","ascension_level":5}}