{"host":"epc8efk9vrywpcsw","time":1612958399,"event":{"mods":["BaseMod","Minty Spire (QoL Compilation)","Relic Stats","StSLib"],"gold_per_floor":[110,110,122,33,33,33,67,81,81,109,119,82,82,92,92,166,166,178,21,21,39,39,39,69,69,92,92,111,146,28,103,103,103,103],"floor_reached":33,"language":"ENG","playtime":1084,"items_purged":["Shame"],"score":657,"play_id":"08253891-676d-4972-b427-402e2ed19771","local_time":"20210210125959","is_ascension_mode":true,"campfire_choices":[{"data":"Neutralize","floor":6,"key":"SMITH"},{"data":"Calculated Gamble","floor":15,"key":"SMITH"},{"data":"Backstab","floor":23,"key":"SMITH"},{"data":"After Image","floor":25,"key":"SMITH"},{"data":"Unload","floor":27,"key":"SMITH"},{"floor":32,"key":"REST"}],"circlet_count":0,"master_deck":["AscendersBane","Defend_G","Defend_G","Defend_G","Defend_G","Defend_G","Survivor","Neutralize+1","Calculated Gamble+1","Slice","Masterful Stab","After Image+1","Endless Agony","Backflip","Backflip","Masterful Stab","Backstab+1","Unload+1","Calculated Gamble+1","All Out Attack+1","Adrenaline+1","Backstab","Slice","Flash of Steel","Blur","Masterful Stab+1","Backflip","All Out Attack","Escape Plan","Slice","Backflip","Blur"],"relics":["Ring of the Snake","NeowsBlessing","HornCleat","CaptainsWheel","Unceasing Top","Singing Bowl","Astrolabe","Prayer Wheel","Strawberry","Potion Belt","Happy Flower","Toxic Egg 2"],"acts_visited":["Exordium","TheCity"],"potions_floor_usage":[16,21,24,33],"damage_taken":[{"damage":0,"enemies":"Cultist","floor":1,"turns":1},{"damage":0,"enemies":"Small Slimes","floor":3,"turns":1},{"damage":0,"enemies":"Gremlin Nob","floor":7,"turns":1},{"damage":0,"enemies":"2 Louse","floor":8,"turns":2},{"damage":23,"enemies":"3 Sentries","floor":10,"turns":12},{"damage":0,"enemies":"Looter","floor":11,"turns":3},{"damage":0,"enemies":"Gremlin Gang","floor":14,"turns":3},{"damage":9,"enemies":"The Guardian","floor":16,"turns":8},{"damage":0,"enemies":"Shell Parasite","floor":18,"turns":4},{"damage":4,"enemies":"3 Byrds","floor":21,"turns":3},{"damage":5,"enemies":"Slavers","floor":24,"turns":4},{"damage":7,"enemies":"Snake Plant","floor":28,"turns":3},{"damage":8,"enemies":"Book of Stabbing","floor":29,"turns":5},{"damage":23,"enemies":"Champ","floor":33,"turns":17}],"seed_played":"2414071306314834684","potions_obtained":[{"floor":1,"key":"PowerPotion"},{"floor":7,"key":"LiquidBronze"},{"floor":16,"key":"LiquidMemories"},{"floor":24,"key":"LiquidMemories"},{"floor":28,"key":"Explosive Potion"}],"is_trial":false,"path_per_floor":["M","T","M","$","?","R","E","M","T","E","M","$","?","M","R","B",null,"M","$","?","M","?","R","E","R","T","R","M","E","$","T","R","B"],"character_chosen":"THE_SILENT","items_purchased":["Masterful Stab","Backstab","Slice","Flash of Steel","Blur"],"campfire_rested":1,"item_purchase_floors":[4,12,19,19,30],"current_hp_per_floor":[59,59,59,59,59,59,59,59,59,36,36,36,58,58,58,51,64,64,64,64,60,60,60,62,62,62,62,55,47,47,47,69,46,46],"gold":103,"neow_bonus":"THREE_ENEMY_KILL","is_daily":false,"chose_seed":false,"campfire_upgraded":5,"win_rate":0.0,"timestamp":1612958399,"path_taken":["M","?","M","$","?","R","E","?","T","E","M","?","?","M","R","BOSS","M","$","?","M","?","R","E","R","T","R","?","E","?","?","R","BOSS"],"items_purchased_type":["Card","Card","Card","Card","Card"],"build_version":"2020-12-22","purchased_purges":1,"victory":false,"max_hp_per_floor":[66,66,66,66,66,66,66,66,66,66,66,66,66,66,66,68,68,68,68,68,68,68,68,75,75,75,75,75,75,75,75,75,75,75],"relic_stats":{"Singing Bowl":2,"Happy Flower":[5],"counters":[14,67],"Astrolabe":["Calculated Gamble","All Out Attack","Adrenaline"],"Prayer Wheel":2,"obtain_stats":[{"Potion Belt":26,"CaptainsWheel":7,"HornCleat":2,"NeowsBlessing":0,"Singing Bowl":10,"Happy Flower":29,"Astrolabe":17,"Strawberry":24,"Prayer Wheel":20,"Toxic Egg 2":31,"Unceasing Top":9,"Ring of the Snake":0},{"Potion Belt":11,"CaptainsWheel":3,"HornCleat":1,"NeowsBlessing":0,"Singing Bowl":5,"Happy Flower":13,"Astrolabe":8,"Strawberry":11,"Prayer Wheel":9,"Toxic Egg 2":13,"Unceasing Top":4,"Ring of the Snake":0},{"Potion Belt":42,"CaptainsWheel":3,"HornCleat":1,"NeowsBlessing":0,"Singing Bowl":17,"Happy Flower":50,"Astrolabe":31,"Strawberry":42,"Prayer Wheel":35,"Toxic Egg 2":50,"Unceasing Top":5,"Ring of the Snake":0}],"Unceasing Top":[32],"Ring of the Snake":[29]},"card_choices":[{"not_picked":["Deflect","Acrobatics"],"picked":"Calculated Gamble","floor":1},{"not_picked":["Deflect","Crippling Poison"],"picked":"Slice","floor":3},{"not_picked":["Predator","Leg Sweep"],"picked":"Endless Agony","floor":7},{"not_picked":["Underhanded Strike","Infinite Blades"],"picked":"Backflip","floor":8},{"not_picked":["Well Laid Plans","Catalyst"],"picked":"Backflip","floor":10},{"not_picked":["Prepared","Poisoned Stab"],"picked":"Masterful Stab","floor":11},{"not_picked":["Calculated Gamble","Bane"],"picked":"Unload","floor":14},{"not_picked":["Bullet Time","Venomology","Wraith Form v2"],"picked":"Singing Bowl","floor":16},{"not_picked":["Acrobatics","Blade Dance"],"picked":"Backstab","floor":18},{"not_picked":["Sucker Punch","Heel Hook"],"picked":"Blur","floor":21},{"not_picked":["Quick Slash","Underhanded Strike"],"picked":"Masterful Stab+1","floor":21},{"not_picked":["Bouncing Flask","Underhanded Strike"],"picked":"All Out Attack","floor":24},{"not_picked":["Choke","Dagger Spray"],"picked":"Escape Plan","floor":28},{"not_picked":["Corpse Explosion","Dodge and Roll"],"picked":"Slice","floor":28},{"not_picked":["Storm of Steel","Deflect"],"picked":"Backflip","floor":29}],"player_experience":506951,"relics_obtained":[{"floor":2,"key":"HornCleat"},{"floor":7,"key":"CaptainsWheel"},{"floor":9,"key":"Unceasing Top"},{"floor":10,"key":"Singing Bowl"},{"floor":24,"key":"Strawberry"},{"floor":26,"key":"Potion Belt"},{"floor":29,"key":"Happy Flower"},{"floor":31,"key":"Toxic Egg 2"}],"event_choices":[{"damage_healed":0,"gold_gain":0,"cards_transformed":["Strike_G"],"player_choice":"Transformed","damage_taken":0,"max_hp_gain":0,"max_hp_loss":0,"event_name":"Transmorgrifier","floor":5,"gold_loss":0,"cards_obtained":["After Image"]},{"damage_healed":22,"gold_gain":0,"player_choice":"Banana","damage_taken":0,"max_hp_gain":0,"max_hp_loss":0,"event_name":"Big Fish","floor":13,"gold_loss":0},{"damage_healed":0,"gold_gain":0,"player_choice":"Stole Relic","damage_taken":0,"relics_obtained":["Prayer Wheel"],"max_hp_gain":0,"max_hp_loss":0,"event_name":"Addict","floor":20,"gold_loss":0,"cards_obtained":["Shame"]},{"damage_healed":0,"gold_gain":0,"cards_transformed":["Strike_G"],"player_choice":"Transformed","damage_taken":0,"max_hp_gain":0,"max_hp_loss":0,"event_name":"Transmorgrifier","floor":22,"gold_loss":0,"cards_obtained":["Backflip"]}],"is_beta":false,"boss_relics":[{"not_picked":["SacredBark","SlaversCollar"],"picked":"Astrolabe"}],"items_purged_floors":[30],"is_endless":false,"potions_floor_spawned":[1,7,10,16,24,28],"killed_by":"Champ","ascension_level":20}}