{"host":"5h6e4l6hpn0p5lap","time":1612985184,"event":{"mods":["AchievementEnabler","BaseMod","Better Altar","Better Match","Better Sensory Stone","Better Skull","Better Third Choice","Colored Map","Filter the Spire","Minty Spire (QoL Compilation)","StSLib"],"gold_per_floor":[110,29,39,39,57,88,104,104,104,104,133,151,169,169,169,267,267,277,277,277],"floor_reached":19,"language":"ENG","playtime":774,"items_purged":[],"score":233,"play_id":"b0bff1a3-8121-47ca-adcf-6dfe7cf5a516","local_time":"20210210142624","is_ascension_mode":true,"campfire_choices":[{"floor":8,"key":"REST"},{"data":"Whirlwind","floor":10,"key":"SMITH"},{"floor":15,"key":"REST"}],"circlet_count":0,"master_deck":["Bash","Exhume","Clothesline+1","Whirlwind+1","Spot Weakness","Cleave","Headbutt","Disarm","Dark Embrace","Feel No Pain","Shrug It Off","Feed","Ghostly Armor","Sentinel","Pommel Strike","Feed","Thunderclap","Clothesline","Armaments","Bloodletting","Heavy Blade+1"],"relics":["Burning Blood","Bronze Scales","Matryoshka","TungstenRod","Pandora\u0027s Box"],"acts_visited":["Exordium","TheCity"],"potions_floor_usage":[7],"damage_taken":[{"damage":4,"enemies":"2 Louse","floor":1,"turns":3},{"damage":1,"enemies":"Small Slimes","floor":3,"turns":4},{"damage":11,"enemies":"Jaw Worm","floor":5,"turns":4},{"damage":45,"enemies":"Lagavulin","floor":6,"turns":8},{"damage":4,"enemies":"Gremlin Gang","floor":7,"turns":2},{"damage":20,"enemies":"3 Sentries","floor":11,"turns":4},{"damage":11,"enemies":"2 Fungi Beasts","floor":12,"turns":3},{"damage":11,"enemies":"Blue Slaver","floor":13,"turns":4},{"damage":20,"enemies":"Hexaghost","floor":16,"turns":10},{"damage":27,"enemies":"Shell Parasite","floor":18,"turns":8},{"damage":5,"enemies":"Chosen","floor":19,"turns":6}],"seed_played":"-5689699227077984855","potions_obtained":[{"floor":6,"key":"Block Potion"},{"floor":7,"key":"BlessingOfTheForge"},{"floor":12,"key":"Dexterity Potion"},{"floor":13,"key":"SteroidPotion"}],"is_trial":false,"path_per_floor":["M","$","M","?","M","E","M","R","T","R","E","M","M","?","R","B",null,"M","M"],"character_chosen":"IRONCLAD","items_purchased":["Whirlwind"],"campfire_rested":2,"item_purchase_floors":[2],"current_hp_per_floor":[74,74,79,79,74,35,37,61,61,61,47,42,37,37,61,47,72,54,49,49],"gold":277,"neow_bonus":"TRANSFORM_CARD","is_daily":false,"chose_seed":false,"campfire_upgraded":1,"win_rate":0.0,"timestamp":1612985184,"path_taken":["M","$","M","?","M","E","M","R","T","R","E","M","M","?","R","BOSS","M","M"],"items_purchased_type":["Card"],"build_version":"2020-12-22","purchased_purges":0,"victory":false,"max_hp_per_floor":[80,80,80,80,80,80,80,80,80,80,80,80,80,80,80,80,80,83,83,83],"card_choices":[{"not_picked":["Warcry","Body Slam"],"picked":"Clothesline","floor":1},{"not_picked":["Battle Trance","Whirlwind"],"picked":"Spot Weakness","floor":3},{"not_picked":["Searing Blow","Berserk"],"picked":"Cleave","floor":5},{"not_picked":["Havoc","Clash"],"picked":"Headbutt","floor":6},{"not_picked":["Whirlwind","Clash"],"picked":"Disarm","floor":7},{"not_picked":["Entrench","Anger"],"picked":"Dark Embrace","floor":11},{"not_picked":["Wild Strike","Heavy Blade"],"picked":"Feel No Pain","floor":12},{"not_picked":["Sword Boomerang","Offering"],"picked":"Shrug It Off","floor":13},{"not_picked":["Brutality","Fiend Fire"],"picked":"Feed","floor":16},{"not_picked":["Shockwave","Cleave+1"],"picked":"Heavy Blade+1","floor":18}],"player_experience":1099941,"relics_obtained":[{"floor":6,"key":"Bronze Scales"},{"floor":9,"key":"Matryoshka"},{"floor":11,"key":"TungstenRod"}],"event_choices":[{"damage_healed":0,"gold_gain":0,"player_choice":"Grow","damage_taken":0,"max_hp_gain":0,"max_hp_loss":0,"event_name":"Living Wall","floor":4,"gold_loss":0,"cards_upgraded":["Clothesline"]},{"damage_healed":0,"gold_gain":0,"player_choice":"Ignored","damage_taken":169,"max_hp_gain":0,"max_hp_loss":0,"event_name":"betterThird:BetterSerpent","floor":14,"gold_loss":0}],"is_beta":false,"boss_relics":[{"not_picked":["Runic Cube","Sozu"],"picked":"Pandora\u0027s Box"}],"items_purged_floors":[],"is_endless":false,"potions_floor_spawned":[6,7,12,13],"killed_by":"Chosen","ascension_level":6}}