{"host":"y76clbnovzmw9ubx","time":1612997678,"event":{"mods":["AchievementEnabler","BaseMod","Minty Spire (QoL Compilation)","Permanent Neow","Relic Stats"],"gold_per_floor":[111,123,123,134,59,86,46,57,125,125,150,168,128,158,158,235,235,246,246,246,264,25,55,55,66,92,102,129,29,29,29,29,106,106,116,116,50,103,116,144,144,192,192,227,227,227],"floor_reached":45,"language":"ENG","playtime":2399,"items_purged":["Strike_G","Strike_G"],"score":1104,"play_id":"c9b13019-1f8a-4917-b5af-812111b13887","local_time":"20210210175438","is_ascension_mode":true,"campfire_choices":[{"data":"Noxious Fumes","floor":10.0,"key":"SMITH"},{"floor":15.0,"key":"REST"},{"floor":24,"key":"REST"},{"data":"Catalyst","floor":32,"key":"SMITH"},{"floor":41,"key":"REST"}],"circlet_count":0,"master_deck":["AscendersBane","Defend_G","Defend_G","Defend_G","Survivor","Neutralize","Crippling Poison","All Out Attack","Catalyst+1","Leg Sweep","Noxious Fumes+1","Burst","Calculated Gamble","Dagger Spray","PiercingWail","Poisoned Stab","Dodge and Roll","Malaise","Leg Sweep","Backstab","Catalyst+1","Noxious Fumes","Footwork","Corpse Explosion","Skewer+1","Deflect+1","Dodge and Roll","After Image"],"relics":["Ring of the Snake","TungstenRod","Pear","Vajra","Sundial","Philosopher\u0027s Stone","Nilry\u0027s Codex","Chemical X","Tiny Chest","Ancient Tea Set","Pantograph","Empty Cage","Orichalcum","Boot","Du-Vu Doll","Strawberry","Oddly Smooth Stone"],"acts_visited":["Exordium","TheCity","TheBeyond"],"potions_floor_usage":[28,33,40,42,44,45],"damage_taken":[{"damage":0.0,"enemies":"Small Slimes","floor":1.0,"turns":3.0},{"damage":0.0,"enemies":"Jaw Worm","floor":2.0,"turns":5.0},{"damage":3.0,"enemies":"2 Louse","floor":4.0,"turns":3.0},{"damage":5.0,"enemies":"Lagavulin","floor":6.0,"turns":6.0},{"damage":0.0,"enemies":"Looter","floor":7.0,"turns":4.0},{"damage":0.0,"enemies":"Blue Slaver","floor":8.0,"turns":5.0},{"damage":22.0,"enemies":"3 Sentries","floor":11.0,"turns":8.0},{"damage":6.0,"enemies":"Gremlin Gang","floor":12.0,"turns":2.0},{"damage":0.0,"enemies":"Looter","floor":13.0,"turns":4.0},{"damage":7.0,"enemies":"Gremlin Nob","floor":14.0,"turns":3.0},{"damage":8.0,"enemies":"Hexaghost","floor":16.0,"turns":8.0},{"damage":0,"enemies":"Spheric Guardian","floor":18,"turns":2},{"damage":0,"enemies":"3 Byrds","floor":21,"turns":3},{"damage":26,"enemies":"Gremlin Leader","floor":23,"turns":7},{"damage":0,"enemies":"Snake Plant","floor":25,"turns":5},{"damage":3,"enemies":"Chosen and Byrds","floor":27,"turns":4},{"damage":11,"enemies":"Book of Stabbing","floor":28,"turns":6},{"damage":22,"enemies":"Automaton","floor":33,"turns":5},{"damage":40,"enemies":"3 Darklings","floor":35,"turns":4},{"damage":0,"enemies":"3 Shapes","floor":39,"turns":4},{"damage":22,"enemies":"Reptomancer","floor":40,"turns":4},{"damage":34,"enemies":"2 Orb Walkers","floor":42,"turns":7},{"damage":24,"enemies":"Giant Head","floor":44,"turns":8},{"damage":11,"enemies":"Transient","floor":45,"turns":2}],"seed_played":"-3677402291436767769","potions_obtained":[{"floor":4.0,"key":"GamblersBrew"},{"floor":8.0,"key":"Dexterity Potion"},{"floor":12.0,"key":"GamblersBrew"},{"floor":14.0,"key":"Ancient Potion"},{"floor":18,"key":"Poison Potion"},{"floor":25,"key":"LiquidBronze"},{"floor":28,"key":"EssenceOfSteel"},{"floor":35,"key":"LiquidMemories"},{"floor":40,"key":"CultistPotion"},{"floor":42,"key":"Fruit Juice"}],"is_trial":false,"path_per_floor":["M","M","?","M","?","E","M","M","T","R","E","M","M","E","R","B",null,"M","?","?","M","$","E","R","M","T","M","E","$","?","$","R","B",null,"M","?","?","T","M","E","R","?","T","E","M"],"character_chosen":"THE_SILENT","items_purchased":["Chemical X"],"campfire_rested":3,"item_purchase_floors":[22],"current_hp_per_floor":[59,59,59,56,56,51,51,51,61,61,39,33,33,26,47,39,62,62,45,59,59,59,33,54,54,54,51,40,40,40,40,40,43,63,23,57,57,57,57,35,52,18,25,6,0,0],"gold":227,"neow_bonus":"TRANSFORM_TWO_CARDS","is_daily":false,"chose_seed":false,"campfire_upgraded":2,"win_rate":0.0,"timestamp":1612997678,"path_taken":["M","M","?","M","?","E","M","M","T","R","E","M","M","E","R","BOSS","M","?","?","M","$","E","R","M","T","M","E","$","?","$","R","BOSS","M","?","?","?","M","E","R","?","T","E","M"],"items_purchased_type":["Relic"],"build_version":"2020-12-22","purchased_purges":2,"victory":false,"max_hp_per_floor":[60,60,60,60,60,60,60,60,70,70,70,70,70,70,70,70,70,70,70,70,70,70,70,70,70,70,70,70,70,70,70,70,70,70,70,57,57,57,57,57,57,57,64,69,69,69],"relic_stats":{"counters":[24,112],"Sundial":[4],"Pantograph":25,"Tiny Chest":1,"Chemical X":[19],"Orichalcum":[24],"Boot":[1],"obtain_stats":[{"Pear":9,"Nilry\u0027s Codex":19,"Vajra":11,"Oddly Smooth Stone":44,"Orichalcum":37,"Ancient Tea Set":26,"Empty Cage":34,"Boot":40,"Du-Vu Doll":42,"Sundial":14,"Pantograph":28,"Strawberry":43,"Philosopher\u0027s Stone":17,"Tiny Chest":23,"Chemical X":22,"TungstenRod":6,"Ring of the Snake":0},{"Pear":6,"Nilry\u0027s Codex":12,"Vajra":7,"Oddly Smooth Stone":23,"Orichalcum":19,"Ancient Tea Set":15,"Empty Cage":18,"Boot":21,"Du-Vu Doll":22,"Sundial":10,"Pantograph":17,"Strawberry":22,"Philosopher\u0027s Stone":11,"Tiny Chest":14,"Chemical X":13,"TungstenRod":4,"Ring of the Snake":0},{"Pear":26,"Nilry\u0027s Codex":53,"Vajra":34,"Oddly Smooth Stone":110,"Orichalcum":87,"Ancient Tea Set":68,"Empty Cage":83,"Boot":95,"Du-Vu Doll":102,"Sundial":43,"Pantograph":78,"Strawberry":102,"Philosopher\u0027s Stone":51,"Tiny Chest":63,"Chemical X":56,"TungstenRod":17,"Ring of the Snake":0}],"TungstenRod":87,"Ring of the Snake":[48]},"card_choices":[{"not_picked":["Dagger Spray","Setup"],"picked":"Catalyst","floor":1.0},{"not_picked":["Acrobatics","Setup"],"picked":"Leg Sweep","floor":2.0},{"not_picked":["Catalyst","Dagger Spray"],"picked":"Noxious Fumes","floor":4.0},{"not_picked":["Dagger Throw","Underhanded Strike"],"picked":"Burst","floor":6.0},{"not_picked":["Dodge and Roll","Deflect"],"picked":"Calculated Gamble","floor":7.0},{"not_picked":["Underhanded Strike","Crippling Poison","Flying Knee"],"picked":"SKIP","floor":8.0},{"not_picked":["Concentrate","Masterful Stab"],"picked":"Dagger Spray","floor":11.0},{"not_picked":["Underhanded Strike","Crippling Poison"],"picked":"PiercingWail","floor":12.0},{"not_picked":["Prepared","Leg Sweep"],"picked":"Poisoned Stab","floor":13.0},{"not_picked":["Cloak And Dagger","Bane"],"picked":"Dodge and Roll","floor":14.0},{"not_picked":["A Thousand Cuts","Burst"],"picked":"Malaise","floor":16.0},{"not_picked":["Prepared+1","Deadly Poison"],"picked":"Leg Sweep","floor":18},{"not_picked":["Slice","Accuracy","Deflect"],"picked":"SKIP","floor":21},{"not_picked":["Acrobatics","PiercingWail"],"picked":"Backstab","floor":23},{"not_picked":["Calculated Gamble","Masterful Stab"],"picked":"Catalyst","floor":25},{"not_picked":["Underhanded Strike","Backstab"],"picked":"Noxious Fumes","floor":27},{"not_picked":["Eviscerate","Flying Knee"],"picked":"Footwork","floor":28},{"not_picked":["Glass Knife","Tools of the Trade"],"picked":"Corpse Explosion","floor":33},{"not_picked":["Poisoned Stab","Slice"],"picked":"Skewer+1","floor":35},{"not_picked":["Endless Agony","Distraction","Slice+1"],"picked":"SKIP","floor":39},{"not_picked":["Dodge and Roll","Cloak And Dagger+1"],"picked":"Deflect+1","floor":40},{"not_picked":["Underhanded Strike","Tactician"],"picked":"Dodge and Roll","floor":42},{"not_picked":["Deflect","Slice"],"picked":"After Image","floor":44}],"player_experience":3219385,"relics_obtained":[{"floor":6.0,"key":"TungstenRod"},{"floor":9.0,"key":"Pear"},{"floor":11.0,"key":"Vajra"},{"floor":14.0,"key":"Sundial"},{"floor":19,"key":"Nilry\u0027s Codex"},{"floor":23,"key":"Tiny Chest"},{"floor":26,"key":"Ancient Tea Set"},{"floor":28,"key":"Pantograph"},{"floor":40,"key":"Boot"},{"floor":42,"key":"Du-Vu Doll"},{"floor":43,"key":"Strawberry"},{"floor":44,"key":"Oddly Smooth Stone"}],"event_choices":[{"damage_healed":0.0,"max_hp_gain":0.0,"max_hp_loss":0.0,"gold_gain":0.0,"event_name":"Living Wall","player_choice":"Grow","floor":3.0,"gold_loss":0.0,"damage_taken":0.0,"cards_upgraded":["Catalyst"]},{"cards_removed":["Strike_G"],"damage_healed":0.0,"max_hp_gain":0.0,"max_hp_loss":0.0,"gold_gain":0.0,"event_name":"The Cleric","player_choice":"Card Removal","floor":5.0,"gold_loss":75.0,"damage_taken":0.0},{"damage_healed":0,"gold_gain":0,"player_choice":"Obtained Book","damage_taken":21,"max_hp_gain":0,"max_hp_loss":0,"event_name":"Cursed Tome","floor":19,"gold_loss":0},{"damage_healed":14,"gold_gain":0,"player_choice":"Heal","damage_taken":0,"max_hp_gain":0,"max_hp_loss":0,"event_name":"The Library","floor":20,"gold_loss":0},{"damage_healed":0,"gold_gain":0,"player_choice":"Ignored","damage_taken":0,"max_hp_gain":0,"max_hp_loss":0,"event_name":"Ghosts","floor":30,"gold_loss":0},{"damage_healed":57,"gold_gain":0,"player_choice":"Heal","damage_taken":0,"max_hp_gain":0,"max_hp_loss":13,"event_name":"The Moai Head","floor":36,"gold_loss":0},{"damage_healed":0,"gold_gain":0,"player_choice":"Paid Gold","damage_taken":0,"relics_obtained":["Orichalcum"],"max_hp_gain":0,"max_hp_loss":0,"event_name":"WeMeetAgain","floor":37,"gold_loss":66},{"damage_healed":0,"gold_gain":0,"player_choice":"Fight","damage_taken":0,"max_hp_gain":0,"max_hp_loss":0,"event_name":"Mysterious Sphere","floor":42,"gold_loss":0}],"is_beta":false,"boss_relics":[{"not_picked":["Pandora\u0027s Box","Fusion Hammer"],"picked":"Philosopher\u0027s Stone"},{"not_picked":["WristBlade","Ring of the Serpent"],"picked":"Empty Cage"}],"items_purged_floors":[22,29],"is_endless":false,"potions_floor_spawned":[4,8,12,14,18,25,27,28,35,40,42],"killed_by":"Transient","ascension_level":20}}