{"host":"sygfylmorsvdndbx","time":1612991139,"event":{"mods":["AchievementEnabler","BaseMod","Bestiary","Highlight Path","Minty Spire (QoL Compilation)","Permanent Neow","Quick Restart","Relic Stats"],"gold_per_floor":[211,223,7,20,30,59,59,93,93,93,1,1,1,13,13,109,109,121,134,154,154,164,164,189,189,257,268,301,301,332,39,39,138,138,149,169,49,63,74,74,107,159,183,209,209,225,256,256,256,256,256,256,95,122,122],"floor_reached":56,"language":"ENG","playtime":6364,"items_purged":["Strike_G","Strike_G"],"score":1825,"play_id":"d47d17c4-0d30-432d-a87b-c065b8c2b69a","local_time":"20210210160539","is_ascension_mode":true,"campfire_choices":[{"data":"Apotheosis","floor":7.0,"key":"SMITH"},{"floor":10.0,"key":"REST"},{"data":"Noxious Fumes","floor":13.0,"key":"SMITH"},{"floor":15.0,"key":"RECALL"},{"floor":23.0,"key":"REST"},{"floor":25.0,"key":"REST"},{"data":"After Image","floor":32.0,"key":"SMITH"},{"data":"Accuracy","floor":40,"key":"SMITH"},{"floor":45,"key":"REST"},{"floor":49,"key":"REST"},{"data":"Accuracy","floor":52,"key":"SMITH"}],"circlet_count":0,"master_deck":["AscendersBane","Strike_G+1","Strike_G","Defend_G","Defend_G","Defend_G","Defend_G","Defend_G","Survivor","Neutralize","Apotheosis+1","All Out Attack+1","Backflip","All Out Attack","Blade Dance","Noxious Fumes+1","Blade Dance","Venomology","Outmaneuver","Noxious Fumes+1","Prepared+1","Slice","PiercingWail","Terror","Leg Sweep+1","Tactician","After Image+1","Accuracy+1","Accuracy+1","Phantasmal Killer","Apotheosis+1","Predator+1","Noxious Fumes+1","Secret Technique","Dodge and Roll","Finisher","Blade Dance"],"relics":["Ring of the Snake","Centennial Puzzle","InkBottle","The Courier","Runic Pyramid","Dream Catcher","Paper Crane","Letter Opener","Tiny Chest","Unceasing Top","ClockworkSouvenir","Busted Crown","DollysMirror","Whetstone","Du-Vu Doll","Boot","Kunai","Mummified Hand"],"acts_visited":["Exordium","TheCity","TheBeyond","TheEnding"],"potions_floor_usage":[38,39,41,42,46,50,54,55,55,55],"damage_taken":[{"damage":1.0,"enemies":"Small Slimes","floor":1.0,"turns":5.0},{"damage":5.0,"enemies":"Jaw Worm","floor":2.0,"turns":5.0},{"damage":0.0,"enemies":"Cultist","floor":4.0,"turns":5.0},{"damage":10.0,"enemies":"Exordium Wildlife","floor":5.0,"turns":4.0},{"damage":16.0,"enemies":"Gremlin Nob","floor":6.0,"turns":5.0},{"damage":4.0,"enemies":"3 Sentries","floor":8.0,"turns":7.0},{"damage":6.0,"enemies":"Lots of Slimes","floor":14.0,"turns":3.0},{"damage":4.0,"enemies":"Hexaghost","floor":16.0,"turns":8.0},{"damage":0.0,"enemies":"3 Byrds","floor":18.0,"turns":3.0},{"damage":2.0,"enemies":"Chosen","floor":19.0,"turns":4.0},{"damage":43.0,"enemies":"Snake Plant","floor":20.0,"turns":6.0},{"damage":0.0,"enemies":"3 Cultists","floor":22.0,"turns":4.0},{"damage":22.0,"enemies":"Book of Stabbing","floor":24.0,"turns":6.0},{"damage":0.0,"enemies":"Chosen and Byrds","floor":27.0,"turns":5.0},{"damage":20.0,"enemies":"Slavers","floor":28.0,"turns":4.0},{"damage":1.0,"enemies":"Gremlin Leader","floor":30.0,"turns":5.0},{"damage":6.0,"enemies":"Champ","floor":33.0,"turns":9.0},{"damage":0.0,"enemies":"3 Darklings","floor":35.0,"turns":3.0},{"damage":1.0,"enemies":"3 Shapes","floor":36.0,"turns":4.0},{"damage":13,"enemies":"3 Darklings","floor":38,"turns":4},{"damage":0,"enemies":"Spire Growth","floor":39,"turns":2},{"damage":0,"enemies":"Reptomancer","floor":41,"turns":3},{"damage":32,"enemies":"2 Orb Walkers","floor":42,"turns":4},{"damage":6,"enemies":"Maw","floor":46,"turns":6},{"damage":0,"enemies":"Giant Head","floor":47,"turns":6},{"damage":25,"enemies":"Donu and Deca","floor":50,"turns":6},{"damage":43,"enemies":"Shield and Spear","floor":54,"turns":5},{"damage":17,"enemies":"The Heart","floor":55,"turns":7}],"seed_played":"6608340758324593946","potions_obtained":[{"floor":1.0,"key":"Block Potion"},{"floor":5.0,"key":"FairyPotion"},{"floor":16.0,"key":"ColorlessPotion"},{"floor":19.0,"key":"Fruit Juice"},{"floor":20.0,"key":"GhostInAJar"},{"floor":33.0,"key":"SteroidPotion"},{"floor":46,"key":"Fruit Juice"}],"is_trial":false,"path_per_floor":["M","M","$","M","M","E","R","E","T","R","$","?","R","M","R","B",null,"M","M","M","?","M","R","E","R","T","M","E","?","E","$","R","B",null,"M","M","$","M","M","R","E","?","T","T","R","M","E","?","R","B",null,"R","$","E","B",null],"character_chosen":"THE_SILENT","items_purchased":["Apotheosis","All Out Attack","Blade Dance","Noxious Fumes","Accuracy","Accuracy","ClockworkSouvenir","DollysMirror","Dodge and Roll","Finisher"],"campfire_rested":5,"item_purchase_floors":[3,3,11,11,31,31,31,37,53,53],"current_hp_per_floor":[62,57,57,57,47,31,31,27,27,48,48,48,48,42,42,38,62,62,60,22,22,22,44,22,44,44,44,24,75,74,74,74,68,73,73,72,72,59,59,59,59,27,27,27,49,43,43,38,60,40,70,70,70,27,10],"gold":122,"neow_bonus":"HUNDRED_GOLD","is_daily":false,"chose_seed":false,"campfire_upgraded":5,"win_rate":0.0,"timestamp":1612991139,"path_taken":["M","M","$","M","M","E","R","E","T","R","$","?","R","M","R","BOSS","M","M","M","?","?","R","E","R","T","M","E","?","E","$","R","BOSS","M","M","$","?","M","R","E","?","T","?","R","M","E","?","R","BOSS","R","$","E","BOSS"],"items_purchased_type":["Card","Card","Card","Card","Card","Card","Relic","Relic","Card","Card"],"build_version":"2020-12-22","purchased_purges":2,"victory":true,"max_hp_per_floor":[70,70,70,70,70,70,70,70,70,70,70,70,70,70,70,70,70,70,70,75,75,75,75,75,75,75,75,75,75,75,75,75,75,75,75,75,75,75,75,75,75,75,75,75,75,75,75,75,75,80,80,80,80,80,80],"relic_stats":{"counters":[28,138],"Letter Opener":[323],"Whetstone":["Strike_G","All Out Attack"],"Boot":[1],"Centennial Puzzle":[47],"Dream Catcher":4,"Busted Crown":26,"Mummified Hand":[8],"Tiny Chest":1,"Kunai":[14],"obtain_stats":[{"The Courier":9,"Letter Opener":26,"Whetstone":41,"Paper Crane":24,"Boot":44,"ClockworkSouvenir":31,"Du-Vu Doll":42,"Centennial Puzzle":6,"Dream Catcher":21,"Busted Crown":34,"DollysMirror":37,"Mummified Hand":54,"Tiny Chest":28,"Kunai":47,"InkBottle":8,"Unceasing Top":30,"Ring of the Snake":0,"Runic Pyramid":17},{"The Courier":6,"Letter Opener":13,"Whetstone":22,"Paper Crane":13,"Boot":23,"ClockworkSouvenir":16,"Du-Vu Doll":23,"Centennial Puzzle":5,"Dream Catcher":11,"Busted Crown":17,"DollysMirror":19,"Mummified Hand":27,"Tiny Chest":15,"Kunai":25,"InkBottle":6,"Unceasing Top":16,"Ring of the Snake":0,"Runic Pyramid":8},{"The Courier":31,"Letter Opener":65,"Whetstone":104,"Paper Crane":65,"Boot":108,"ClockworkSouvenir":79,"Du-Vu Doll":108,"Centennial Puzzle":24,"Dream Catcher":55,"Busted Crown":88,"DollysMirror":95,"Mummified Hand":131,"Tiny Chest":74,"Kunai":120,"InkBottle":31,"Unceasing Top":79,"Ring of the Snake":0,"Runic Pyramid":42}],"InkBottle":[63],"Unceasing Top":[1],"Ring of the Snake":[57]},"card_choices":[{"not_picked":["Escape Plan","Skewer"],"picked":"Endless Agony","floor":1.0},{"not_picked":["Concentrate","Acrobatics","Outmaneuver"],"picked":"SKIP","floor":2.0},{"not_picked":["Poisoned Stab","Bouncing Flask","Heel Hook"],"picked":"SKIP","floor":4.0},{"not_picked":["Outmaneuver","All Out Attack"],"picked":"Backflip","floor":5.0},{"not_picked":["Acrobatics","Caltrops","Calculated Gamble"],"picked":"SKIP","floor":6.0},{"not_picked":["Prepared","Eviscerate"],"picked":"All Out Attack","floor":8.0},{"not_picked":["Riddle With Holes","Dagger Spray"],"picked":"Blade Dance","floor":14.0},{"not_picked":["Unload","Grand Finale"],"picked":"Venomology","floor":16.0},{"not_picked":["Quick Slash","Infinite Blades"],"picked":"Outmaneuver","floor":18.0},{"not_picked":["Sucker Punch+1","Well Laid Plans"],"picked":"Noxious Fumes+1","floor":19.0},{"not_picked":["Dagger Throw","Heel Hook+1"],"picked":"Prepared+1","floor":20.0},{"not_picked":["Poisoned Stab","Quick Slash"],"picked":"Slice","floor":22.0},{"not_picked":["Expertise","Prepared+1"],"picked":"PiercingWail","floor":23.0},{"not_picked":["Acrobatics+1","Slice"],"picked":"Terror","floor":24.0},{"not_picked":["Concentrate+1","Quick Slash+1"],"picked":"Leg Sweep+1","floor":25.0},{"not_picked":["Dodge and Roll+1","Concentrate"],"picked":"Tactician","floor":27.0},{"not_picked":["Deadly Poison+1","Noxious Fumes+1"],"picked":"After Image","floor":28.0},{"not_picked":["Dash+1","Deadly Poison+1","Skewer+1"],"picked":"SKIP","floor":30.0},{"not_picked":["Envenom","Corpse Explosion"],"picked":"Phantasmal Killer","floor":33.0},{"not_picked":["Masterful Stab"],"picked":"SKIP","floor":35.0},{"not_picked":["Poisoned Stab"],"picked":"SKIP","floor":36.0},{"not_picked":["Underhanded Strike+1"],"picked":"SKIP","floor":38},{"not_picked":["Skewer+1"],"picked":"SKIP","floor":39},{"not_picked":[],"picked":"Predator+1","floor":41},{"not_picked":["Quick Slash"],"picked":"SKIP","floor":46},{"not_picked":[],"picked":"Noxious Fumes+1","floor":47},{"not_picked":[],"picked":"Secret Technique","floor":48},{"not_picked":[],"picked":"Blade Dance","floor":54}],"player_experience":466079,"relics_obtained":[{"floor":6.0,"key":"Centennial Puzzle"},{"floor":8.0,"key":"InkBottle"},{"floor":9.0,"key":"The Courier"},{"floor":24.0,"key":"Paper Crane"},{"floor":26.0,"key":"Letter Opener"},{"floor":28.0,"key":"Tiny Chest"},{"floor":30.0,"key":"Unceasing Top"},{"floor":41,"key":"Whetstone"},{"floor":42,"key":"Du-Vu Doll"},{"floor":44,"key":"Boot"},{"floor":47,"key":"Kunai"},{"floor":54,"key":"Mummified Hand"}],"event_choices":[{"damage_healed":0.0,"max_hp_gain":0.0,"max_hp_loss":0.0,"gold_gain":0.0,"cards_transformed":["Strike_G"],"event_name":"Living Wall","player_choice":"Change","floor":12.0,"gold_loss":0.0,"damage_taken":0.0,"cards_obtained":["Bouncing Flask"]},{"cards_removed":["Endless Agony"],"damage_healed":0.0,"max_hp_gain":0.0,"max_hp_loss":0.0,"gold_gain":0.0,"event_name":"WeMeetAgain","player_choice":"Gave Card","floor":21.0,"gold_loss":0.0,"damage_taken":0.0,"relics_obtained":["Dream Catcher"]},{"cards_removed":["Bouncing Flask"],"damage_healed":51.0,"max_hp_gain":0.0,"max_hp_loss":0.0,"gold_gain":0.0,"event_name":"Bonfire Elementals","player_choice":"Offered Uncommon","floor":29.0,"gold_loss":0.0,"damage_taken":0.0},{"damage_healed":0,"gold_gain":0,"player_choice":"Fight","damage_taken":0,"max_hp_gain":0,"max_hp_loss":0,"event_name":"Mysterious Sphere","floor":42,"gold_loss":0},{"damage_healed":0,"gold_gain":0,"player_choice":"Memory 2","damage_taken":5,"max_hp_gain":0,"max_hp_loss":0,"event_name":"SensoryStone","floor":48,"gold_loss":0}],"is_beta":false,"boss_relics":[{"not_picked":["SacredBark","Fusion Hammer"],"picked":"Runic Pyramid"},{"not_picked":["Velvet Choker","Black Star"],"picked":"Busted Crown"}],"items_purged_floors":[31,53],"is_endless":false,"potions_floor_spawned":[1,5,6,16,19,20,33,35,36,41,46,54],"ascension_level":11}}