{"host":"4kmvpqjeiacgn1pr","time":1612976655,"event":{"mods":["A Penny For Your Troubles","AchievementEnabler","AlwaysNeverKeys","Aspiration","BaseMod","Bestiary","Better Altar","Better Match","Better Note","Better Sensory Stone","Better Skull","Better Third Choice","Better Vampires","BetterRewards","Colored Map","Colored Powertips","Conspire","Curses Come First","Downfall","Halation","Highlight Path","Infinite Spire","Minty Spire (QoL Compilation)","Permanent Neow","Quick Restart","Rare Cards Sparkle","Relic Sorter","Relic Stats","Replay The Spire","Reworked Bosses","Shop Mod","Smile Girya","Spicy Shops","Spikes Relics","StSLib","Waifu the Spire"],"gold_per_floor":[118,118,130,145,164,164,256,256,280,24,38,56,56,86,86,185,185,198,225,225,242,276,305,305,338,338,338,367,387,387,399,399,399,399],"floor_reached":33,"language":"ENG","playtime":1405,"items_purged":[],"score":533,"play_id":"76d1d4f7-d95f-4df8-8c00-cfa920c39338","local_time":"20210210120415","is_ascension_mode":true,"campfire_choices":[{"data":"Neutralize","floor":6,"key":"SMITH"},{"floor":15,"key":"REST"},{"data":"Blade Dance","floor":24,"key":"SMITH"},{"floor":27,"key":"REST"},{"data":"Regret","floor":32,"key":"PURGE"}],"circlet_count":0,"master_deck":["AscendersBane","Strike_G","Strike_G","Strike_G","Strike_G","Defend_G","Defend_G","Defend_G","Defend_G","Defend_G","Survivor","Neutralize+1","CurseOfTheBell","Sucker Punch+1","Hidden Blade","Flying Knee+1","Dagger Throw+1","Unload+1","Dodge and Roll","Dagger Spray+1","Dagger Throw+1","Blade Dance+1","Burn","Riddle With Holes+1","Die Die Die+1","Riddle With Holes+1","Flying Knee+1","Dagger Throw+1","Crippling Poison+1","Venomology","After Image","Dagger Spray+1"],"relics":["Calling Bell","RollingBoulder","Molten Egg 2","infinitespire:Joker Card","PreservedInsect","SpikesRelics:ToyHorsey","Tiny Chest","aspiration:FetidBarrel","halation:KoshaPiece","SlaversCollar","Nunchaku","Lantern","Strawberry","aspiration:Stabinomicon","aspiration:StickyExplosives_weak","Bottled Lightning","Turnip"],"acts_visited":["Exordium","TheCity"],"potions_floor_usage":[14,21,22,31,33,33],"damage_taken":[{"damage":11,"enemies":"Small Slimes","floor":1,"turns":5},{"damage":2,"enemies":"Cultist","floor":3,"turns":5},{"damage":0,"enemies":"2 Louse","floor":4,"turns":2},{"damage":2,"enemies":"2 Fungi Beasts","floor":5,"turns":3},{"damage":0,"enemies":"Blue Slaver","floor":11,"turns":1},{"damage":0,"enemies":"Exordium Wildlife","floor":12,"turns":2},{"damage":16,"enemies":"Lagavulin","floor":14,"turns":4},{"damage":2,"enemies":"Fading Forest","floor":16,"turns":11},{"damage":5,"enemies":"3 Byrds","floor":18,"turns":4},{"damage":2,"enemies":"Chosen","floor":21,"turns":4},{"damage":28,"enemies":"conspire:MimicChest","floor":22,"turns":6},{"damage":9,"enemies":"Nightmare","floor":23,"turns":3},{"damage":10,"enemies":"Book of Stabbing","floor":25,"turns":3},{"damage":3,"enemies":"Slavers","floor":28,"turns":2},{"damage":0,"enemies":"Snecko","floor":29,"turns":1},{"damage":16,"enemies":"Snake Plant","floor":31,"turns":2},{"damage":19,"enemies":"bossMod:newCollector","floor":33,"turns":3}],"seed_played":"6744898914477224187","potions_obtained":[{"floor":5,"key":"sneckomod:MuddlingPotion"},{"floor":11,"key":"hexamod:SoulburnPotion"},{"floor":14,"key":"GamblersBrew"},{"floor":20,"key":"GhostInAJar"},{"floor":20,"key":"Milkshake"},{"floor":21,"key":"Weak Potion"},{"floor":22,"key":"SneckoOil"}],"is_trial":false,"path_per_floor":["M","?","M","M","M","R","?","?","T","$","M","M","?","E","R","B",null,"M","T","?","M","?","NM","R","E","T","R","E","M","T","M","R_BF","B"],"character_chosen":"THE_SILENT","items_purchased":["aspiration:FetidBarrel"],"campfire_rested":2,"item_purchase_floors":[10],"current_hp_per_floor":[52,52,50,50,48,48,20,20,20,20,20,20,20,4,25,31,60,55,55,55,53,25,23,23,13,13,36,33,33,33,17,17,0,0],"gold":399,"neow_bonus":"BOSS_RELIC","is_daily":false,"chose_seed":false,"campfire_upgraded":2,"win_rate":0.0,"timestamp":1612976655,"path_taken":["M","?","M","M","?","R","?","?","T","?","?","M","?","E","R","BOSS","M","?","?","?","?","NM","R","E","T","R","E","M","?","M","R_BF","BOSS"],"items_purchased_type":["Relic"],"build_version":"2020-12-22","purchased_purges":0,"victory":false,"max_hp_per_floor":[70,70,70,70,70,70,70,70,70,70,70,70,70,70,70,70,70,70,70,70,70,70,77,77,77,77,77,77,77,77,77,77,77,77],"relic_stats":{"Nunchaku":[7],"counters":[17,61],"Tiny Chest":2,"PreservedInsect":162,"Turnip":[0],"obtain_stats":[{"Lantern":22,"aspiration:FetidBarrel":10,"infinitespire:Joker Card":0,"PreservedInsect":7,"aspiration:Stabinomicon":25,"aspiration:StickyExplosives_weak":26,"Calling Bell":0,"SlaversCollar":17,"Nunchaku":19,"SpikesRelics:ToyHorsey":8,"Strawberry":23,"RollingBoulder":0,"Molten Egg 2":0,"Tiny Chest":9,"Turnip":30,"halation:KoshaPiece":14,"Bottled Lightning":28,"Ring of the Snake":0},{"Lantern":11,"aspiration:FetidBarrel":4,"infinitespire:Joker Card":0,"PreservedInsect":4,"aspiration:Stabinomicon":13,"aspiration:StickyExplosives_weak":13,"Calling Bell":0,"SlaversCollar":8,"Nunchaku":9,"SpikesRelics:ToyHorsey":4,"Strawberry":12,"RollingBoulder":0,"Molten Egg 2":0,"Tiny Chest":4,"Turnip":15,"halation:KoshaPiece":7,"Bottled Lightning":14,"Ring of the Snake":0},{"Lantern":47,"aspiration:FetidBarrel":15,"infinitespire:Joker Card":0,"PreservedInsect":15,"aspiration:Stabinomicon":53,"aspiration:StickyExplosives_weak":53,"Calling Bell":0,"SlaversCollar":33,"Nunchaku":37,"SpikesRelics:ToyHorsey":15,"Strawberry":50,"RollingBoulder":0,"Molten Egg 2":0,"Tiny Chest":15,"Turnip":56,"halation:KoshaPiece":22,"Bottled Lightning":55,"Ring of the Snake":0}]},"card_choices":[{"not_picked":["Finisher+1","Pace"],"picked":"Sucker Punch+1","floor":1},{"not_picked":["Acrobatics","Sucker Punch+1"],"picked":"Flying Knee+1","floor":3},{"not_picked":["Poisoned Stab+1","InfectiousVector"],"picked":"Dagger Throw+1","floor":4},{"not_picked":["Dagger Throw+1","Poisoned Stab+1"],"picked":"Unload+1","floor":5},{"not_picked":["Expertise","Setup"],"picked":"Dodge and Roll","floor":7},{"not_picked":["Outmaneuver","Catalyst"],"picked":"Dagger Spray+1","floor":7},{"not_picked":["Flying Knee+1","Hidden Blade"],"picked":"Dagger Throw+1","floor":11},{"not_picked":["Expertise","Cloak And Dagger"],"picked":"Blade Dance","floor":12},{"not_picked":["Distraction","Deflect"],"picked":"Riddle With Holes+1","floor":14},{"not_picked":["A Thousand Cuts","Glass Knife+1"],"picked":"Die Die Die+1","floor":16},{"not_picked":["Deadly Poison+1","Pace+1"],"picked":"Riddle With Holes+1","floor":18},{"not_picked":["Blur+1","Hidden Blade"],"picked":"Flying Knee+1","floor":21},{"not_picked":["Bane+1","Hidden Blade"],"picked":"Dagger Throw+1","floor":22},{"not_picked":["Riddle With Holes+1","Dagger Throw+1"],"picked":"Crippling Poison+1","floor":23},{"not_picked":["Slice+1","Underhanded Strike+1"],"picked":"Venomology","floor":25},{"not_picked":["Pace","Quick Slash+1"],"picked":"After Image","floor":28},{"not_picked":["Crippling Poison+1","Leg Sweep+1"],"picked":"Dagger Spray+1","floor":29},{"not_picked":["Cloak And Dagger","Expertise+1","Outmaneuver"],"picked":"SKIP","floor":31}],"player_experience":460346,"relics_obtained":[{"floor":0,"key":"RollingBoulder"},{"floor":0,"key":"Molten Egg 2"},{"floor":0,"key":"infinitespire:Joker Card"},{"floor":7,"key":"PreservedInsect"},{"floor":9,"key":"Tiny Chest"},{"floor":14,"key":"halation:KoshaPiece"},{"floor":19,"key":"Nunchaku"},{"floor":22,"key":"Lantern"},{"floor":23,"key":"Strawberry"},{"floor":25,"key":"aspiration:Stabinomicon"},{"floor":26,"key":"aspiration:StickyExplosives_weak"},{"floor":28,"key":"Bottled Lightning"},{"floor":30,"key":"Turnip"}],"event_choices":[{"damage_healed":0,"gold_gain":0,"cards_transformed":["Strike_G"],"player_choice":"Transformed","damage_taken":0,"max_hp_gain":0,"max_hp_loss":0,"event_name":"Transmorgrifier","floor":2,"gold_loss":0,"cards_obtained":["Hidden Blade"]},{"damage_healed":0,"gold_gain":0,"player_choice":"Box","damage_taken":0,"relics_obtained":["SpikesRelics:ToyHorsey"],"max_hp_gain":0,"max_hp_loss":0,"event_name":"Big Fish","floor":8,"gold_loss":0,"cards_obtained":["Regret"]},{"damage_healed":20,"gold_gain":0,"player_choice":"Embrace Burn","damage_taken":0,"max_hp_gain":0,"max_hp_loss":70,"event_name":"betterThird:BetterShining","floor":13,"gold_loss":0},{"damage_healed":0,"gold_gain":0,"player_choice":"Got Potions","damage_taken":0,"max_hp_gain":0,"max_hp_loss":0,"event_name":"Lab","floor":20,"gold_loss":0}],"is_beta":false,"boss_relics":[{"not_picked":["halation:CatFaceCupcake","conspire:SpecialSausage"],"picked":"SlaversCollar"}],"items_purged_floors":[],"is_endless":true,"potions_floor_spawned":[5,11,14,21,22,25],"killed_by":"bossMod:newCollector","ascension_level":10}}