{"host":"8eqe2o2g03nh9rfw","time":1612980346,"event":{"mods":["AchievementEnabler","AlwaysNeverKeys","BaseMod","Better Third Choice","Block Reminder","Colored Map","Colored Powertips","GifTheSpireLib","Minty Spire (QoL Compilation)","Permanent Neow","Quick Restart","StSLib","Weighted Paths"],"gold_per_floor":[118,129,129,129,146,146,174,192,218,218,192,18,18,32,32,135,135,149,149,149,178,178,212,212,232,232,232,247,6,6,23,23,23,23],"floor_reached":33,"language":"ENG","playtime":1143,"items_purged":[],"score":263,"play_id":"cdecc6b5-0357-430e-b25b-be515425347d","local_time":"20210210130546","is_ascension_mode":false,"campfire_choices":[{"data":"Cleave","floor":6,"key":"SMITH"},{"floor":10,"key":"REST"},{"floor":13,"key":"REST"},{"floor":15,"key":"REST"},{"floor":24,"key":"REST"},{"data":"Bludgeon","floor":27,"key":"SMITH"},{"floor":32,"key":"REST"}],"circlet_count":0,"master_deck":["Strike_R","Strike_R","Strike_R","Strike_R","Strike_R","Defend_R","Defend_R","Defend_R","Defend_R","Bash","Shockwave","Cleave+1","Dropkick","Bludgeon+1","Anger","Reaper","Warcry","Thunderclap","Demon Form","Limit Break+1","Inflame+1","Warcry+1","Flex+1","Demon Form"],"relics":["Burning Blood","Strawberry","Omamori","Pen Nib","betterThird:SlimedRelic","Calling Bell","Vajra","Toxic Egg 2","Ginger","Boot","betterThird:NestCultRelic","Red Mask","Question Card","Meat on the Bone","Matryoshka"],"acts_visited":["Exordium","TheCity"],"potions_floor_usage":[16,21,21,23,33,33],"damage_taken":[{"damage":9,"enemies":"Jaw Worm","floor":1,"turns":5},{"damage":12,"enemies":"2 Louse","floor":2,"turns":3},{"damage":2,"enemies":"Small Slimes","floor":5,"turns":3},{"damage":44,"enemies":"3 Sentries","floor":7,"turns":7},{"damage":13,"enemies":"3 Louse","floor":8,"turns":3},{"damage":15,"enemies":"Looter","floor":14,"turns":3},{"damage":58,"enemies":"Slime Boss","floor":16,"turns":10},{"damage":21,"enemies":"Shell Parasite","floor":18,"turns":5},{"damage":42,"enemies":"Masked Bandits","floor":21,"turns":4},{"damage":20,"enemies":"Book of Stabbing","floor":23,"turns":5},{"damage":25,"enemies":"Chosen","floor":25,"turns":5},{"damage":8,"enemies":"Snake Plant","floor":28,"turns":3},{"damage":20,"enemies":"Snecko","floor":31,"turns":4},{"damage":88,"enemies":"Automaton","floor":33,"turns":8}],"seed_played":"5607202258708457035","potions_obtained":[{"floor":1,"key":"Block Potion"},{"floor":2,"key":"Strength Potion"},{"floor":16,"key":"Ancient Potion"},{"floor":21,"key":"Explosive Potion"},{"floor":25,"key":"AttackPotion"},{"floor":31,"key":"Explosive Potion"}],"is_trial":false,"path_per_floor":["M","M","?","?","M","R","E","M","T","R","?","$","R","M","R","B",null,"M","?","?","?","?","E","R","M","T","R","M","$","?","M","R","B"],"character_chosen":"IRONCLAD","items_purchased":["Reaper","Warcry","Matryoshka"],"campfire_rested":5,"item_purchase_floors":[12,12,29],"current_hp_per_floor":[84,78,78,71,75,75,37,30,30,56,45,45,71,66,87,35,87,72,72,72,80,80,66,87,79,79,79,77,77,77,63,87,0,0],"gold":23,"neow_bonus":"RANDOM_COMMON_RELIC","is_daily":false,"chose_seed":false,"campfire_upgraded":2,"win_rate":0.0,"timestamp":1612980346,"path_taken":["M","M","?","?","M","R","E","M","T","R","?","$","R","M","R","BOSS","M","?","?","?","?","E","R","M","T","R","M","$","?","M","R","BOSS"],"items_purchased_type":["Card","Card","Relic"],"build_version":"2020-12-22","purchased_purges":0,"victory":false,"max_hp_per_floor":[87,87,87,87,87,87,87,87,87,87,87,87,87,87,87,87,87,87,87,87,87,87,87,87,87,87,87,87,87,87,87,87,87,87],"card_choices":[{"not_picked":["Heavy Blade","Dark Embrace"],"picked":"Shockwave","floor":1},{"not_picked":["Warcry","Infernal Blade"],"picked":"Cleave","floor":2},{"not_picked":["Shrug It Off","Thunderclap"],"picked":"Dropkick","floor":5},{"not_picked":["True Grit","Offering"],"picked":"Bludgeon","floor":7},{"not_picked":["Pummel","Sword Boomerang"],"picked":"Anger","floor":8},{"not_picked":["Dropkick","Body Slam"],"picked":"Thunderclap","floor":14},{"not_picked":["Bludgeon","Berserk"],"picked":"Demon Form","floor":16},{"not_picked":["Heavy Blade","Dropkick"],"picked":"Limit Break+1","floor":18},{"not_picked":["Flame Barrier+1","Armaments+1"],"picked":"Inflame+1","floor":21},{"not_picked":["Power Through+1","Offering+1"],"picked":"Warcry+1","floor":23},{"not_picked":["Clothesline","Twin Strike","Bloodletting+1"],"picked":"Flex+1","floor":25},{"not_picked":["Pummel","Body Slam","Reckless Charge+1","Iron Wave"],"picked":"SKIP","floor":28},{"not_picked":["Pommel Strike+1","Fire Breathing","Shockwave+1","Rampage+1"],"picked":"SKIP","floor":31}],"player_experience":91159,"relics_obtained":[{"floor":7,"key":"Omamori"},{"floor":9,"key":"Pen Nib"},{"floor":17,"key":"Vajra"},{"floor":17,"key":"Toxic Egg 2"},{"floor":17,"key":"Ginger"},{"floor":21,"key":"Red Mask"},{"floor":23,"key":"Question Card"},{"floor":26,"key":"Meat on the Bone"}],"event_choices":[{"damage_healed":78,"gold_gain":0,"player_choice":"Embrace Burn","damage_taken":0,"max_hp_gain":0,"max_hp_loss":87,"event_name":"betterThird:BetterShining","floor":3,"gold_loss":0},{"cards_removed":["Burn"],"damage_healed":0,"gold_gain":0,"player_choice":"Card Removal","damage_taken":7,"max_hp_gain":0,"max_hp_loss":0,"event_name":"Golden Wing","floor":4,"gold_loss":0},{"damage_healed":0,"gold_gain":0,"player_choice":"Slimed","damage_taken":11,"max_hp_gain":0,"max_hp_loss":0,"event_name":"betterThird:BetterGoop","floor":11,"gold_loss":26},{"damage_healed":0,"gold_gain":0,"player_choice":"Opened","damage_taken":0,"relics_obtained":["Boot"],"max_hp_gain":0,"max_hp_loss":0,"event_name":"The Mausoleum","floor":19,"gold_loss":0},{"damage_healed":0,"gold_gain":0,"player_choice":"Madness","damage_taken":0,"relics_obtained":["betterThird:NestCultRelic"],"max_hp_gain":0,"max_hp_loss":0,"event_name":"betterThird:BetterNest","floor":20,"gold_loss":0},{"damage_healed":0,"gold_gain":0,"player_choice":"Fought Bandits","damage_taken":0,"max_hp_gain":0,"max_hp_loss":0,"event_name":"Masked Bandits","floor":21,"gold_loss":0},{"damage_healed":0,"gold_gain":0,"player_choice":"Ignored","damage_taken":0,"max_hp_gain":0,"max_hp_loss":0,"event_name":"Ghosts","floor":22,"gold_loss":0},{"damage_healed":0,"gold_gain":0,"player_choice":"Read","damage_taken":0,"max_hp_gain":0,"max_hp_loss":0,"event_name":"The Library","floor":30,"gold_loss":0,"cards_obtained":["Demon Form"]}],"is_beta":false,"boss_relics":[{"not_picked":["Tiny House","SlaversCollar"],"picked":"Calling Bell"}],"items_purged_floors":[],"is_endless":false,"potions_floor_spawned":[1,2,16,21,25,31],"killed_by":"Automaton","ascension_level":0}}