{"host":"kh91mfnoze99ny0y","time":1612965511,"event":{"mods":["Act Like it!","BaseMod","Downfall","Gensokyo","KinomotoSakuraMod(Ä¾Ö®±¾Ó£)","Lobotomy","LobotomyExtend","Minty Spire (QoL Compilation)","StSLib","The Bug Knight","The Cursed"],"gold_per_floor":[115,132,132,132,207,207,238,261,261,261,261,7,7,26,26,146,146,165,184,184,184],"floor_reached":20,"language":"ZHS","playtime":1966,"items_purged":["HollowMod:NailStrikeStart"],"score":172,"play_id":"c4f02ace-330e-4c51-91e8-da3bde4e5805","local_time":"20210210215831","is_ascension_mode":false,"campfire_choices":[{"floor":6,"key":"REST"},{"data":"HollowMod:FocusHealStart","floor":11,"key":"SMITH"},{"floor":15,"key":"REST"}],"circlet_count":0,"master_deck":["HollowMod:FocusHealStart+1","HollowMod:PogoStrike","Wellcheers","HollowMod:HowlingWraiths","Funeral","HollowMod:SharpenedNail","HollowMod:SharpenedNail","BeautyBeast","HollowMod:NewLittleFool","HollowMod:Weaversong","HollowMod:SoulSplash","OSAHOGD","LittleHelper","HollowMod:SlysStrikes","HollowMod:NewLittleFool","HollowMod:SlysStrikes","HollowMod:NewInfectedGuardian","HollowMod:AbyssShriek","HollowMod:WraithStrike","HollowMod:ElderbugsWisdom","Scorched","HollowMod:HeavyBlow","DespairKnight","HollowMod:BlackTendrils"],"relics":["HollowMod:VesselMask","CogitoBucket","LetterFromLob","Golden Idol","Incense Burner","Bottled Lightning","Pandora\u0027s Box","FleshIdol"],"acts_visited":["Exordium","TheCity"],"potions_floor_usage":[16,18],"damage_taken":[{"damage":0,"enemies":"Small Slimes","floor":1,"turns":3},{"damage":28,"enemies":"Jaw Worm","floor":2,"turns":10},{"damage":24,"enemies":"3 Sentries","floor":7,"turns":8},{"damage":0,"enemies":"2 Louse","floor":8,"turns":3},{"damage":9,"enemies":"Looter","floor":14,"turns":3},{"damage":9,"enemies":"Slime Boss","floor":16,"turns":7},{"damage":48,"enemies":"Shell Parasite","floor":18,"turns":4},{"damage":40,"enemies":"Spheric Guardian","floor":19,"turns":5},{"damage":30,"enemies":"Shelled Parasite and Fungi","floor":20,"turns":3}],"seed_played":"-6537653035699730903","potions_obtained":[{"floor":7,"key":"AttackPotion"},{"floor":18,"key":"EntropicBrew"}],"is_trial":false,"path_per_floor":["M","M","?","?","?","R","E","M","T","?","R","$","$","M","R","B",null,"M","M","M"],"character_chosen":"THE_BUGKNIGHT","items_purchased":["HollowMod:Weaversong","HollowMod:SoulSplash"],"campfire_rested":2,"item_purchase_floors":[12,12],"current_hp_per_floor":[75,66,66,48,37,59,47,58,58,51,51,51,51,49,71,71,75,44,15,0,0],"gold":184,"neow_bonus":"","is_daily":false,"chose_seed":false,"campfire_upgraded":1,"win_rate":0.0,"timestamp":1612965511,"path_taken":["M","M","?","?","?","R","E","M","T","?","R","?","$","?","R","BOSS","M","M","M"],"items_purchased_type":["Card","Card"],"build_version":"2020-12-22","purchased_purges":1,"victory":false,"max_hp_per_floor":[75,75,75,75,75,75,75,75,75,75,75,75,75,75,75,75,75,75,75,75,75],"card_choices":[{"not_picked":["MHz","FairyFestival"],"picked":"Wellcheers","floor":1},{"not_picked":["HollowMod:HuntersJournal","HollowMod:ShadowDash"],"picked":"HollowMod:HowlingWraiths","floor":1},{"not_picked":["DreamingCurrent","UniverseFragment"],"picked":"Funeral","floor":2},{"not_picked":["HollowMod:ShapeofUnn","HollowMod:SoulStrike"],"picked":"HollowMod:SharpenedNail","floor":2},{"not_picked":["CrumblingArmor","VoidDream"],"picked":"FieryBird","floor":7},{"not_picked":["HollowMod:InfectionAssault","HollowMod:DoubleDash"],"picked":"HollowMod:SharpenedNail","floor":7},{"not_picked":["OldLady","Murderer"],"picked":"BeautyBeast","floor":8},{"not_picked":["HollowMod:DreamGate","HollowMod:MawleksShell"],"picked":"HollowMod:NewLittleFool","floor":8},{"not_picked":["MHz","SingingMachine"],"picked":"OSAHOGD","floor":14},{"not_picked":["HollowMod:InfectedAttack","HollowMod:RecoilStrike"],"picked":"HollowMod:InfectedCysts","floor":14},{"not_picked":["CrumblingArmor","NakedNest"],"picked":"LittleHelper","floor":16},{"not_picked":["HollowMod:theNailsmith","HollowMod:Hiveblood"],"picked":"HollowMod:SlysStrikes","floor":16},{"not_picked":["MeatLantern","Bloodbath"],"picked":"Scorched","floor":18},{"not_picked":["HollowMod:SoulSplash","HollowMod:BaldurShell"],"picked":"HollowMod:HeavyBlow","floor":18},{"not_picked":["CrumblingArmor","UniverseFragment"],"picked":"DespairKnight","floor":19},{"not_picked":["HollowMod:AbyssShriek","HollowMod:LifebloodCocoon+1"],"picked":"HollowMod:BlackTendrils","floor":19}],"player_experience":162873,"relics_obtained":[{"floor":1,"key":"LetterFromLob"},{"floor":7,"key":"Incense Burner"},{"floor":9,"key":"Bottled Lightning"}],"event_choices":[{"damage_healed":0,"gold_gain":0,"player_choice":"Take Damage","damage_taken":18,"relics_obtained":["Golden Idol"],"max_hp_gain":0,"max_hp_loss":0,"event_name":"Golden Idol","floor":4,"gold_loss":0},{"damage_healed":0,"gold_gain":75,"player_choice":"Gather Gold","damage_taken":11,"max_hp_gain":0,"max_hp_loss":0,"event_name":"World of Goop","floor":5,"gold_loss":0},{"cards_removed":["HollowMod:QuickDashStart"],"damage_healed":0,"gold_gain":0,"player_choice":"Card Removal","damage_taken":7,"max_hp_gain":0,"max_hp_loss":0,"event_name":"Golden Wing","floor":10,"gold_loss":0}],"is_beta":false,"boss_relics":[{"not_picked":["Coffee Dripper","SacredBark"],"picked":"Pandora\u0027s Box"}],"items_purged_floors":[12],"is_endless":false,"potions_floor_spawned":[7,18],"killed_by":"Shelled Parasite and Fungi","ascension_level":0}}