{"host":"vdcd40ahtleuz1u4","time":1612964865,"event":{"mods":["AchievementEnabler","BaseMod","BetterRewards","Colored Map","Colored Powertips","Curses Come First","Highlight Path","Minty Spire (QoL Compilation)","Quick Restart","Relic Stats","Shop Mod","StSLib","SuperFastMode","Weighted Paths"],"gold_per_floor":[109,121,121,135,153,181,194,229,229,243,277,277,300,55,55,179,179,202,223,223,247,114,114,158,177,225,256,268,314,50,90,90,215,215,229,229,253,253,271,314,314,354,354,354,367,390,232,313,313,313,313,313,4,47,47],"floor_reached":56,"language":"ENG","playtime":2709,"items_purged":["Strike_G","Strike_G","Defend_G","Defend_G","Defend_G","Strike_G"],"score":1989,"play_id":"d9dbee56-fd7c-4f98-9021-7c5c55dfb11b","local_time":"20210210134745","is_ascension_mode":true,"campfire_choices":[{"data":"Infinite Blades","floor":15,"key":"SMITH"},{"data":"Adrenaline","floor":23,"key":"SMITH"},{"floor":32,"key":"REST"},{"data":"After Image","floor":41,"key":"SMITH"},{"floor":44,"key":"RECALL"},{"floor":49,"key":"REST"},{"data":"Accuracy","floor":52,"key":"SMITH"}],"circlet_count":0,"master_deck":["Survivor","Accuracy","Accuracy","Blade Dance+1","Cloak And Dagger","Corpse Explosion+1","Dramatic Entrance","Cloak And Dagger","Crippling Poison+1","Accuracy+1","Phantasmal Killer","Infinite Blades+1","Adrenaline+1","Backflip+1","After Image+1","Blade Dance+1","Footwork","Blade Dance+1","Cloak And Dagger+1","Footwork","Infinite Blades","After Image"],"relics":["Ring of the Snake","Membership Card","Singing Bowl","Turnip","Ancient Tea Set","Golden Idol","Mummified Hand","Lee\u0027s Waffle","Empty Cage","Matryoshka","Blood Vial","Smiling Mask","MawBank","Incense Burner","Mercury Hourglass","Tiny Chest","Shuriken","SlaversCollar","Bottled Flame","Torii","Art of War","Lizard Tail","MealTicket","Pear","War Paint","Bird Faced Urn","Centennial Puzzle"],"acts_visited":["Exordium","TheCity","TheBeyond","TheEnding"],"potions_floor_usage":[8,10,16,18,24,24,27,31,39,40,50],"damage_taken":[{"damage":0,"enemies":"2 Louse","floor":1,"turns":3},{"damage":0,"enemies":"Cultist","floor":2,"turns":3},{"damage":0,"enemies":"Jaw Worm","floor":4,"turns":4},{"damage":0,"enemies":"3 Louse","floor":5,"turns":1},{"damage":12,"enemies":"Lagavulin","floor":6,"turns":5},{"damage":2,"enemies":"Exordium Thugs","floor":7,"turns":3},{"damage":15,"enemies":"3 Sentries","floor":8,"turns":4},{"damage":5,"enemies":"Blue Slaver","floor":10,"turns":4},{"damage":10,"enemies":"Lagavulin","floor":11,"turns":5},{"damage":0,"enemies":"Lots of Slimes","floor":13,"turns":1},{"damage":0,"enemies":"Slime Boss","floor":16,"turns":6},{"damage":4,"enemies":"2 Thieves","floor":18,"turns":3},{"damage":3,"enemies":"Chosen","floor":19,"turns":3},{"damage":8,"enemies":"Snake Plant","floor":21,"turns":3},{"damage":0,"enemies":"Gremlin Leader","floor":24,"turns":3},{"damage":0,"enemies":"Snecko","floor":25,"turns":3},{"damage":21,"enemies":"Slavers","floor":27,"turns":2},{"damage":7,"enemies":"Book of Stabbing","floor":29,"turns":3},{"damage":21,"enemies":"Slavers","floor":31,"turns":2},{"damage":9,"enemies":"Champ","floor":33,"turns":4},{"damage":6,"enemies":"3 Darklings","floor":35,"turns":2},{"damage":10,"enemies":"3 Shapes","floor":37,"turns":3},{"damage":0,"enemies":"Maw","floor":39,"turns":4},{"damage":2,"enemies":"Nemesis","floor":40,"turns":3},{"damage":0,"enemies":"Giant Head","floor":42,"turns":4},{"damage":0,"enemies":"Sphere and 2 Shapes","floor":45,"turns":3},{"damage":16,"enemies":"4 Shapes","floor":46,"turns":2},{"damage":72,"enemies":"Awakened One","floor":50,"turns":5},{"damage":22,"enemies":"Shield and Spear","floor":54,"turns":2},{"damage":9,"enemies":"The Heart","floor":55,"turns":6}],"seed_played":"-8939764298828798773","potions_obtained":[{"floor":4,"key":"ColorlessPotion"},{"floor":6,"key":"Regen Potion"},{"floor":8,"key":"Fruit Juice"},{"floor":16,"key":"AttackPotion"},{"floor":19,"key":"FearPotion"},{"floor":21,"key":"Poison Potion"},{"floor":24,"key":"Swift Potion"},{"floor":27,"key":"Fire Potion"},{"floor":37,"key":"Fruit Juice"},{"floor":39,"key":"ColorlessPotion"},{"floor":40,"key":"LiquidBronze"},{"floor":54,"key":"FairyPotion"}],"is_trial":false,"path_per_floor":["M","M","?","M","M","E","M","E","T","M","E","?","M","$","R","B",null,"M","M","?","M","$","R","E","M","T","E","?","E","$","E","R","B",null,"M","?","M","?","M","E","R","E","T","R","M","M","$","T","R","B",null,"R","$","E","B",null],"character_chosen":"THE_SILENT","items_purchased":["Accuracy","Membership Card","Accuracy","Infinite Blades","Mummified Hand","Lee\u0027s Waffle","After Image","Footwork","Mercury Hourglass","Tiny Chest","Footwork","MealTicket","War Paint","Infinite Blades","Bird Faced Urn","FearPotion"],"campfire_rested":2,"item_purchase_floors":[0,0,0,14,14,14,22,30,30,30,47,47,53,53,53,53],"current_hp_per_floor":[70,70,70,70,70,60,58,48,48,57,47,47,49,82,82,82,82,80,79,79,71,71,71,73,75,75,56,56,53,53,36,64,59,96,92,92,86,86,95,97,97,99,99,99,101,89,89,99,121,49,121,121,121,101,112],"gold":47,"neow_bonus":"","is_daily":false,"chose_seed":false,"campfire_upgraded":4,"win_rate":0.0,"timestamp":1612964865,"path_taken":["M","M","?","?","M","E","M","E","T","M","E","?","M","$","R","BOSS","M","M","?","M","$","R","E","M","T","E","?","E","$","E","R","BOSS","M","?","M","?","?","E","R","E","T","R","M","M","$","?","R","BOSS","R","$","E","BOSS"],"items_purchased_type":["Card","Relic","Card","Card","Relic","Relic","Card","Card","Relic","Relic","Card","Relic","Relic","Card","Relic","Potion"],"build_version":"2020-12-22","purchased_purges":6,"victory":true,"max_hp_per_floor":[70,70,70,70,70,72,72,77,77,79,79,73,75,82,82,82,82,84,86,86,86,86,86,88,90,90,90,90,92,92,94,94,96,96,98,98,100,100,107,109,109,109,109,109,109,111,111,121,121,121,121,121,121,121,121],"relic_stats":{"Lee\u0027s Waffle":33,"Singing Bowl":30,"Torii":16,"counters":[59,259],"Golden Idol":198,"War Paint":["Crippling Poison","Corpse Explosion"],"Smiling Mask":113,"MawBank":36,"Mercury Hourglass":[187],"Blood Vial":22,"Lizard Tail":0,"Centennial Puzzle":[3],"Mummified Hand":[160],"Shuriken":[51],"Bird Faced Urn":[20],"Tiny Chest":1,"MealTicket":0,"Turnip":[41],"Art of War":[0],"obtain_stats":[{"Ice Cream":6,"Lantern":43,"Mark of the Bloom":46,"Singing Bowl":6,"Torii":42,"Bag of Preparation":28,"Incense Burner":29,"Ancient Tea Set":36,"Empty Cage":17,"Smiling Mask":26,"Burning Blood":0,"Blood Vial":26,"Lizard Tail":43,"Centennial Puzzle":54,"Shovel":40,"Matryoshka":24,"Mummified Hand":28,"Tiny Chest":30,"Philosopher\u0027s Stone":34,"MealTicket":47,"MerchantsRug":4,"Lee\u0027s Waffle":14,"Pear":48,"Golden Idol":12,"Blue Candle":29,"PreservedInsect":10,"Pen Nib":24,"War Paint":53,"MawBank":27,"Mercury Hourglass":30,"SlaversCollar":34,"Bottled Flame":40,"Ornamental Fan":7,"Shuriken":47,"Bird Faced Urn":53,"Pandora\u0027s Box":17,"Turnip":9,"Bag of Marbles":26,"Art of War":43,"Membership Card":0},{"Ice Cream":4,"Lantern":25,"Mark of the Bloom":26,"Singing Bowl":34,"Torii":54,"Bag of Preparation":16,"Incense Burner":47,"Ancient Tea Set":20,"Empty Cage":40,"Smiling Mask":45,"Burning Blood":0,"Blood Vial":45,"Lizard Tail":54,"Centennial Puzzle":58,"Shovel":24,"Matryoshka":44,"Mummified Hand":16,"Tiny Chest":17,"Philosopher\u0027s Stone":19,"MealTicket":56,"MerchantsRug":2,"Lee\u0027s Waffle":39,"Pear":56,"Golden Idol":38,"Blue Candle":17,"PreservedInsect":7,"Pen Nib":15,"War Paint":57,"MawBank":46,"Mercury Hourglass":47,"SlaversCollar":49,"Bottled Flame":53,"Ornamental Fan":4,"Shuriken":27,"Bird Faced Urn":57,"Pandora\u0027s Box":10,"Turnip":6,"Bag of Marbles":15,"Art of War":54,"Membership Card":29},{"Ice Cream":14,"Lantern":136,"Mark of the Bloom":145,"Singing Bowl":176,"Torii":241,"Bag of Preparation":90,"Incense Burner":219,"Ancient Tea Set":115,"Empty Cage":199,"Smiling Mask":214,"Burning Blood":0,"Blood Vial":214,"Lizard Tail":241,"Centennial Puzzle":253,"Shovel":132,"Matryoshka":211,"Mummified Hand":90,"Tiny Chest":95,"Philosopher\u0027s Stone":111,"MealTicket":246,"MerchantsRug":6,"Lee\u0027s Waffle":193,"Pear":246,"Golden Idol":192,"Blue Candle":95,"PreservedInsect":34,"Pen Nib":83,"War Paint":251,"MawBank":216,"Mercury Hourglass":219,"SlaversCollar":225,"Bottled Flame":237,"Ornamental Fan":14,"Shuriken":151,"Bird Faced Urn":251,"Pandora\u0027s Box":52,"Turnip":27,"Bag of Marbles":83,"Art of War":241,"Membership Card":160}],"Ring of the Snake":[60]},"card_choices":[{"not_picked":["Acrobatics","Dagger Spray"],"picked":"Cloak And Dagger","floor":1},{"not_picked":["Leg Sweep","Dagger Spray"],"picked":"Corpse Explosion","floor":2},{"not_picked":["Poisoned Stab","Flying Knee","Reflex"],"picked":"SKIP","floor":4},{"not_picked":["Reflex","Deadly Poison"],"picked":"Cloak And Dagger","floor":5},{"not_picked":["Quick Slash","Deflect","Choke"],"picked":"Singing Bowl","floor":6},{"not_picked":["All Out Attack","Bouncing Flask"],"picked":"Crippling Poison","floor":7},{"not_picked":["Catalyst","Backflip"],"picked":"Accuracy","floor":8},{"not_picked":["Noxious Fumes","Endless Agony","Quick Slash"],"picked":"Singing Bowl","floor":10},{"not_picked":["Acrobatics","Tactician"],"picked":"Phantasmal Killer","floor":11},{"not_picked":["Prepared","Slice","Poisoned Stab"],"picked":"Singing Bowl","floor":13},{"not_picked":["Phantasmal Killer","Venomology"],"picked":"Adrenaline","floor":16},{"not_picked":["Dodge and Roll+1","Dash","Acrobatics"],"picked":"Singing Bowl","floor":18},{"not_picked":["Deadly Poison","Slice","Calculated Gamble"],"picked":"Singing Bowl","floor":19},{"not_picked":["Deflect","Prepared"],"picked":"Backflip+1","floor":21},{"not_picked":["Phantasmal Killer","Deadly Poison+1","Predator"],"picked":"Singing Bowl","floor":24},{"not_picked":["Poisoned Stab","Escape Plan","Deflect"],"picked":"Singing Bowl","floor":25},{"not_picked":["Bane","Masterful Stab"],"picked":"Blade Dance+1","floor":27},{"not_picked":["Backflip","Blade Dance","Cloak And Dagger"],"picked":"Singing Bowl","floor":29},{"not_picked":["Die Die Die","Choke","Poisoned Stab"],"picked":"Singing Bowl","floor":31},{"not_picked":["Storm of Steel","Unload","Wraith Form v2"],"picked":"Singing Bowl","floor":33},{"not_picked":["Endless Agony","Acrobatics","Dodge and Roll"],"picked":"Singing Bowl","floor":35},{"not_picked":["Deadly Poison","Dagger Throw","Choke+1"],"picked":"Singing Bowl","floor":37},{"not_picked":["Bane","Concentrate+1","Quick Slash"],"picked":"Singing Bowl","floor":39},{"not_picked":["Dash","Poisoned Stab","Underhanded Strike+1"],"picked":"Singing Bowl","floor":40},{"not_picked":["Well Laid Plans","Dagger Spray+1"],"picked":"Blade Dance+1","floor":42},{"not_picked":["Dagger Spray","Escape Plan+1"],"picked":"Cloak And Dagger+1","floor":45},{"not_picked":["Eviscerate+1","Poisoned Stab+1","Deflect+1"],"picked":"Singing Bowl","floor":46},{"not_picked":["Masterful Stab","Well Laid Plans"],"picked":"After Image","floor":54}],"player_experience":187750,"relics_obtained":[{"floor":6,"key":"Singing Bowl"},{"floor":8,"key":"Turnip"},{"floor":11,"key":"Ancient Tea Set"},{"floor":24,"key":"Matryoshka"},{"floor":26,"key":"Blood Vial"},{"floor":26,"key":"Smiling Mask"},{"floor":27,"key":"MawBank"},{"floor":29,"key":"Incense Burner"},{"floor":31,"key":"Shuriken"},{"floor":40,"key":"Bottled Flame"},{"floor":42,"key":"Torii"},{"floor":43,"key":"Art of War"},{"floor":43,"key":"Lizard Tail"},{"floor":48,"key":"Pear"},{"floor":54,"key":"Centennial Puzzle"}],"event_choices":[{"damage_healed":0,"gold_gain":0,"player_choice":"1 cards matched","damage_taken":0,"max_hp_gain":0,"max_hp_loss":0,"event_name":"Match and Keep!","floor":3,"gold_loss":0,"cards_obtained":["Dramatic Entrance"]},{"damage_healed":0,"gold_gain":0,"player_choice":"Lose Max HP","damage_taken":0,"relics_obtained":["Golden Idol"],"max_hp_gain":0,"max_hp_loss":6,"event_name":"Golden Idol","floor":12,"gold_loss":0},{"cards_removed":["Strike_G"],"damage_healed":0,"gold_gain":0,"player_choice":"Elegance","damage_taken":0,"max_hp_gain":0,"max_hp_loss":0,"event_name":"Back to Basics","floor":20,"gold_loss":0},{"cards_removed":["Strike_G"],"damage_healed":0,"gold_gain":0,"player_choice":"Purged","damage_taken":0,"max_hp_gain":0,"max_hp_loss":0,"event_name":"Purifier","floor":28,"gold_loss":0},{"cards_removed":["Neutralize"],"damage_healed":0,"gold_gain":0,"player_choice":"Removed Attack","damage_taken":0,"max_hp_gain":0,"max_hp_loss":0,"event_name":"Falling","floor":36,"gold_loss":0},{"damage_healed":0,"gold_gain":0,"player_choice":"Bought 0 Potions","damage_taken":0,"max_hp_gain":0,"max_hp_loss":0,"event_name":"The Woman in Blue","floor":38,"gold_loss":0}],"is_beta":false,"boss_relics":[{"not_picked":["Cursed Key","Fusion Hammer"],"picked":"Empty Cage"},{"not_picked":["Velvet Choker","HoveringKite"],"picked":"SlaversCollar"}],"items_purged_floors":[0,0,22,30,47,53],"is_endless":false,"potions_floor_spawned":[4,6,8,16,19,21,24,27,37,39,40,54],"ascension_level":3}}