{"host":"jqln3q8z91cyrmpl","time":1612935556,"event":{"mods":["AchievementEnabler","BaseMod","Colored Map","DeckTracker","Keyboard Shortcuts","Minty Spire (QoL Compilation)","SuperFastMode"],"gold_per_floor":[118,131,93,111,11,11,42,42,94,129,141,183,145,176,188,295,307,332,244,244,322,336,336,336,24,24,24,0,0,34,53,53,53,53],"floor_reached":33,"language":"KOR","playtime":1358,"items_purged":["Strike_G","Strike_G"],"score":551,"play_id":"2f0d73fc-e29c-4a8f-9037-4a516ee09e33","local_time":"20210210143916","is_ascension_mode":true,"campfire_choices":[{"data":"Eviscerate","floor":6,"key":"SMITH"},{"data":"Neutralize","floor":11,"key":"SMITH"},{"data":"Cloak And Dagger","floor":15,"key":"SMITH"},{"data":"Ghostly","floor":23,"key":"SMITH"},{"floor":32,"key":"DIG"}],"circlet_count":0,"master_deck":["AscendersBane","Strike_G","Defend_G","Defend_G","Defend_G","Defend_G","Defend_G+1","Survivor","Neutralize+1","Blade Dance","Masterful Stab","Eviscerate+1","Leg Sweep+1","Cloak And Dagger+1","Blade Dance","Poisoned Stab","Escape Plan","After Image","CurseOfTheBell","Calculated Gamble+1","Ghostly+1","Ghostly","Ghostly","Ghostly","Ghostly","Predator+1","Tactician"],"relics":["Ring of the Snake","Incense Burner","War Paint","Bag of Marbles","MawBank","HornCleat","Calling Bell","Nunchaku","Darkstone Periapt","Thread and Needle","Paper Crane","Shovel","Sundial","Oddly Smooth Stone","Omamori"],"acts_visited":["Exordium","TheCity"],"potions_floor_usage":[7,10,33,33],"damage_taken":[{"damage":2,"enemies":"Cultist","floor":1,"turns":5},{"damage":0,"enemies":"2 Louse","floor":2,"turns":2},{"damage":0,"enemies":"Jaw Worm","floor":4,"turns":3},{"damage":1,"enemies":"Gremlin Nob","floor":7,"turns":4},{"damage":14,"enemies":"Lagavulin","floor":10,"turns":8},{"damage":0,"enemies":"3 Sentries","floor":12,"turns":9},{"damage":0,"enemies":"Exordium Wildlife","floor":14,"turns":4},{"damage":18,"enemies":"The Guardian","floor":16,"turns":13},{"damage":0,"enemies":"3 Byrds","floor":18,"turns":5},{"damage":1,"enemies":"Chosen","floor":22,"turns":7},{"damage":0,"enemies":"Book of Stabbing","floor":30,"turns":8},{"damage":0,"enemies":"Snake Plant","floor":31,"turns":7},{"damage":29,"enemies":"Champ","floor":33,"turns":13}],"seed_played":"-3907549578411256900","potions_obtained":[{"floor":2,"key":"Ancient Potion"},{"floor":4,"key":"Energy Potion"},{"floor":16,"key":"Dexterity Potion"},{"floor":18,"key":"PowerPotion"}],"is_trial":false,"path_per_floor":["M","M","$","M","$","R","E","?","T","E","R","E","?","M","R","B",null,"M","$","?","T","M","R","?","$","T","?","?","$","E","M","R","B"],"character_chosen":"THE_SILENT","items_purchased":["Eviscerate","Cloak And Dagger","Shovel"],"campfire_rested":0,"item_purchase_floors":[3,5,25],"current_hp_per_floor":[61,61,61,61,61,61,60,60,60,46,46,46,46,46,46,28,54,54,54,31,31,30,30,27,27,27,27,27,27,27,27,27,0,0],"gold":53,"neow_bonus":"ONE_RARE_RELIC","is_daily":false,"chose_seed":false,"campfire_upgraded":4,"win_rate":0.0,"timestamp":1612935556,"path_taken":["M","M","$","?","$","R","E","?","T","E","R","E","?","M","R","BOSS","M","$","?","?","?","R","?","$","T","?","?","$","E","M","R","BOSS"],"items_purchased_type":["Card","Card","Relic"],"build_version":"2020-12-22","purchased_purges":2,"victory":false,"max_hp_per_floor":[63,63,63,63,63,63,63,63,63,63,63,63,63,63,63,63,63,63,63,31,31,31,31,36,36,36,36,36,36,36,36,36,36,36],"card_choices":[{"not_picked":["Prepared","Cloak And Dagger"],"picked":"Blade Dance","floor":1},{"not_picked":["Cloak And Dagger","Deadly Poison"],"picked":"Masterful Stab","floor":2},{"not_picked":["Cloak And Dagger","Setup"],"picked":"Leg Sweep","floor":4},{"not_picked":["Concentrate","Footwork"],"picked":"Blade Dance","floor":7},{"not_picked":["Skewer","Expertise"],"picked":"Poisoned Stab","floor":10},{"not_picked":["Cloak And Dagger","Skewer","Quick Slash"],"picked":"SKIP","floor":12},{"not_picked":["Night Terror","Concentrate"],"picked":"Escape Plan","floor":14},{"not_picked":["Phantasmal Killer","Tools of the Trade"],"picked":"After Image","floor":16},{"not_picked":["Dagger Spray","Dagger Throw+1"],"picked":"Calculated Gamble+1","floor":18},{"not_picked":["Deadly Poison","Blade Dance"],"picked":"Predator+1","floor":22},{"not_picked":["Masterful Stab","Setup"],"picked":"Tactician","floor":30},{"not_picked":["Dagger Throw","Flying Knee","Bane"],"picked":"SKIP","floor":31}],"player_experience":424778,"relics_obtained":[{"floor":7,"key":"War Paint"},{"floor":9,"key":"Bag of Marbles"},{"floor":10,"key":"MawBank"},{"floor":12,"key":"HornCleat"},{"floor":17,"key":"Nunchaku"},{"floor":17,"key":"Darkstone Periapt"},{"floor":17,"key":"Thread and Needle"},{"floor":21,"key":"Paper Crane"},{"floor":26,"key":"Sundial"},{"floor":30,"key":"Oddly Smooth Stone"},{"floor":32,"key":"Omamori"}],"event_choices":[{"damage_healed":0,"gold_gain":0,"player_choice":"Ignored","damage_taken":0,"max_hp_gain":0,"max_hp_loss":0,"event_name":"Liars Game","floor":8,"gold_loss":0},{"cards_removed":["Strike_G"],"damage_healed":0,"gold_gain":0,"player_choice":"Card Removal","damage_taken":0,"max_hp_gain":0,"max_hp_loss":0,"event_name":"The Cleric","floor":13,"gold_loss":50},{"damage_healed":0,"gold_gain":0,"player_choice":"Became a Ghost","damage_taken":0,"max_hp_gain":0,"max_hp_loss":32,"event_name":"Ghosts","floor":20,"gold_loss":0,"cards_obtained":["Ghostly","Ghostly","Ghostly","Ghostly","Ghostly"]},{"damage_healed":0,"gold_gain":0,"player_choice":"Shed Blood","damage_taken":8,"max_hp_gain":5,"max_hp_loss":0,"event_name":"Forgotten Altar","floor":24,"gold_loss":0},{"cards_removed":["Strike_G"],"damage_healed":0,"gold_gain":0,"player_choice":"Elegance","damage_taken":0,"max_hp_gain":0,"max_hp_loss":0,"event_name":"Back to Basics","floor":27,"gold_loss":0},{"damage_healed":0,"gold_gain":0,"player_choice":"Paid Fearfully","damage_taken":0,"max_hp_gain":0,"max_hp_loss":0,"event_name":"Masked Bandits","floor":28,"gold_loss":24}],"is_beta":false,"boss_relics":[{"not_picked":["Ectoplasm","SlaversCollar"],"picked":"Calling Bell"}],"items_purged_floors":[5,19],"is_endless":false,"potions_floor_spawned":[2,4,16,18],"killed_by":"Champ","ascension_level":12}}