{"host":"7k2a2omxz3voj5ax","time":1612962603,"event":{"mods":["BaseMod","Marisa£¨ìFÓê¡¡Ä§ÀíÉ³£©","Minty Spire (QoL Compilation)","Quick Restart","Spicy Shops","StSLib","Starting Relic: Pandora\u0027s Box","Yakumo Yukari mod","¡¾ÒÅÎï¿¨ÅÆ¡¿REMEMod","óô»ðÖ¸ÄÏ"],"gold_per_floor":[114,132,132,132,143,143,143],"floor_reached":6,"language":"ZHS","playtime":204,"items_purged":[],"score":61,"play_id":"7ba2ed37-70bf-4812-b2ea-b1f17e559ae8","local_time":"20210210221003","is_ascension_mode":true,"campfire_choices":[],"circlet_count":0,"master_deck":["AscendersBane","Eruption","Vigilance","CrushJoints","FlurryOfBlows","DeceiveReality","Prostrate","Wireheading","Swivel","CutThroughFate","CrushJoints","REME_ProfessionalPlagiarism","TalkToTheHand"],"relics":["PureWater","REME_ComplimentaryCards","Girya","CultistMask"],"acts_visited":["Exordium"],"potions_floor_usage":[],"damage_taken":[{"damage":8,"enemies":"Small Slimes","floor":1,"turns":3},{"damage":0,"enemies":"Cultist","floor":2,"turns":2},{"damage":3,"enemies":"Jaw Worm","floor":5,"turns":3},{"damage":64,"enemies":"Gremlin Nob","floor":6,"turns":3}],"seed_played":"9174733736651825480","potions_obtained":[{"floor":5,"key":"Ambrosia"}],"is_trial":false,"path_per_floor":["M","M","?","?","M","E"],"character_chosen":"WATCHER","items_purchased":[],"campfire_rested":0,"item_purchase_floors":[],"current_hp_per_floor":[53,53,58,58,55,0,0],"gold":143,"neow_bonus":"ONE_RARE_RELIC","is_daily":false,"chose_seed":false,"campfire_upgraded":0,"win_rate":0.0,"timestamp":1612962603,"path_taken":["M","M","?","?","M","E"],"items_purchased_type":[],"build_version":"2020-12-22","purchased_purges":0,"victory":false,"max_hp_per_floor":[62,62,67,67,67,67,67],"card_choices":[{"not_picked":["Evaluate","ThirdEye","LikeWater"],"picked":"SKIP","floor":1},{"not_picked":["CarveReality","DeceiveReality"],"picked":"TalkToTheHand","floor":2},{"not_picked":["Protect","Evaluate","FlurryOfBlows"],"picked":"SKIP","floor":5}],"player_experience":318955,"relics_obtained":[],"event_choices":[{"damage_healed":0,"gold_gain":0,"player_choice":"Donut","damage_taken":0,"max_hp_gain":5,"max_hp_loss":0,"event_name":"Big Fish","floor":3,"gold_loss":0},{"damage_healed":0,"gold_gain":0,"player_choice":"Trade","damage_taken":0,"relics_obtained":["CultistMask"],"max_hp_gain":0,"max_hp_loss":0,"event_name":"FaceTrader","floor":4,"gold_loss":0}],"is_beta":false,"boss_relics":[],"items_purged_floors":[],"is_endless":false,"potions_floor_spawned":[5],"killed_by":"Gremlin Nob","ascension_level":14}}