{"host":"yrtk68ixj64vhhh3","time":1612943591,"event":{"mods":["2.2 Compatiblity","AchievementEnabler","Aspiration","BaseMod","Better Altar","Better Match","Better Note","Better Silent Start","Better Skull","Better Third Choice","Colored Map","Colored Powertips","Conspire","Dio Mod","Downfall","Energized Spire","Hubris","Infinite Spire","Minty Spire (QoL Compilation)","Prisma Mod","RNG Fix","Random Character Button","Random Character Mod","Reliquary","StSLib","Steal the Spire","Td1madao Mod","The Animator","The Bug Knight","The Mystic","The Poker Player","The Wild Card","TheBandit","TheHero"],"gold_per_floor":[119,139,139,119,119,147,161,174,174,73,87,87,87,106,106,210,210,225,243,243,243,243,253,253,288,288,288,338,386,386,401,401,502,502,556,556,137,155,55,118,118,20,46,46,108,108,33,87,87,87,87,87,1,59,59],"floor_reached":54,"language":"ENG","playtime":5964,"items_purged":["Regret"],"score":740,"play_id":"ba870bc1-450c-4a3f-b0b0-9a372f7c389b","local_time":"20210210205311","is_ascension_mode":false,"campfire_choices":[{"floor":13,"key":"REST"},{"data":"infinitespire:TheBestDefense","floor":15,"key":"SMITH"},{"floor":24,"key":"REST"},{"data":"theWildCard:Odin","floor":27,"key":"SMITH"},{"floor":32,"key":"REST"},{"floor":41,"key":"REST"},{"floor":44,"key":"REST"},{"floor":49,"key":"RECALL"},{"data":"Here Defend Chip","floor":52,"key":"SMITH"}],"circlet_count":0,"master_deck":["Strike_C","Strike_C","Strike_C","Strike_C","Defend_C","Defend_C","Defend_C","Defend_C","Knight Kick","Chip","Floating Swing Kick","Paralysis","Shame","infinitespire:TheBestDefense+1","Fire Up","Perfect Defend","Here Defend Chip+1","Resistance","Cursed Blade","theWildCard:Odin+1","Black Execution","Overclocking","Oblique Hack","Sub Weapons","White Contract+1","Trader","Ruin Defend","Afterwards+1","Lore","Shockwave Tdmadao","Load Balancing+1","Retrieval Recycling","Judgment","Discovery","Transfer Energy+1","conspire:SpireCoStock","conspire:SpireCoStock","Floating Swing Kick+1","Mind Blast","Retrieval Recycling","infinitespire:Gouge","Optimization+1","Reinforcement Parts+1","Defend System","Here Defend Chip","Thunder Jump"],"relics":["Apod","aspiration:ChemicalBlood","Centennial Puzzle","aspiration:HiddenCompartment","bronze:MakeshiftBattery","Frozen Eye","Art of War","aspiration:HummingbirdHeart","Philosopher\u0027s Stone","Blue Candle","reliquary:RoseTintedGlasses","infinitespire:FocusingShard","reliquary:PorcupineQuills","hubris:DisguiseKit","infinitespire:EmpoweringShard"],"acts_visited":["Exordium","TheCity","TheBeyond","TheEnding"],"potions_floor_usage":[16,16,16,33,33,33,33,40,50,50,50,50],"damage_taken":[{"damage":6,"enemies":"2 Louse","floor":1,"turns":4},{"damage":0,"enemies":"Small Slimes","floor":2,"turns":4},{"damage":5,"enemies":"HollowMod:MossKnight","floor":6,"turns":9},{"damage":7,"enemies":"Jaw Worm","floor":7,"turns":4},{"damage":15,"enemies":"2 Fungi Beasts","floor":8,"turns":4},{"damage":9,"enemies":"3 Louse","floor":11,"turns":3},{"damage":1,"enemies":"Blue Slaver","floor":14,"turns":3},{"damage":1,"enemies":"The Guardian","floor":16,"turns":7},{"damage":0,"enemies":"Shell Parasite","floor":18,"turns":4},{"damage":34,"enemies":"conspire:FuzzyDice","floor":19,"turns":8},{"damage":6,"enemies":"Snecko","floor":23,"turns":4},{"damage":10,"enemies":"Gremlin Leader","floor":25,"turns":4},{"damage":11,"enemies":"Centurion and Healer","floor":28,"turns":6},{"damage":21,"enemies":"Cultist and Chosen","floor":29,"turns":6},{"damage":0,"enemies":"conspire:HollyBat","floor":31,"turns":6},{"damage":24,"enemies":"Automaton","floor":33,"turns":10},{"damage":28,"enemies":"3 Shapes","floor":35,"turns":5},{"damage":0,"enemies":"Orb Walker","floor":38,"turns":3},{"damage":35,"enemies":"Giant Head","floor":40,"turns":11},{"damage":0,"enemies":"Jaw Worm Horde","floor":45,"turns":6},{"damage":0,"enemies":"Reptomancer","floor":48,"turns":4},{"damage":19,"enemies":"infinitespire:MassOfShapes","floor":50,"turns":4},{"damage":74,"enemies":"Shield and Spear","floor":54,"turns":6}],"seed_played":"1387787170006014977","potions_obtained":[{"floor":2,"key":"SteroidPotion"},{"floor":4,"key":"SpeedPotion"},{"floor":7,"key":"Block Potion"},{"floor":11,"key":"EssenceOfSteel"},{"floor":19,"key":"bronze:BurnAndBuffPotion"},{"floor":23,"key":"Dexterity Potion"},{"floor":25,"key":"SpeedPotion"},{"floor":28,"key":"ColorlessPotion"},{"floor":33,"key":"sneckomod:MuddlingPotion"},{"floor":38,"key":"hexamod:SoulburnPotion"},{"floor":40,"key":"LiquidMemories"},{"floor":48,"key":"EssenceOfSteel"}],"is_trial":false,"path_per_floor":["M","M","?","?","?","E","M","M","T","$","M","?","R","M","R","B",null,"M","M","?","AVR","?","M","R","E","T","R","M","M","$","M","R","B",null,"M","?","$","M","?","E","R","$","T","R","M","AVR","?","E","R","B",null,"R","$","E"],"character_chosen":"TD1MADAO_CLASS","items_purchased":["Resistance","Retrieval Recycling","reliquary:RoseTintedGlasses","Judgment","Discovery","Mind Blast","Here Defend Chip","Thunder Jump"],"campfire_rested":5,"item_purchase_floors":[10,37,37,37,37,42,53,53],"current_hp_per_floor":[64,64,64,64,64,59,52,37,37,37,28,28,49,48,48,47,70,70,36,36,36,36,30,51,41,41,41,30,9,9,9,30,6,70,42,37,37,37,37,2,23,23,23,44,44,44,44,44,44,25,70,70,70,0,0],"gold":59,"neow_bonus":"RANDOM_COMMON_RELIC","is_daily":false,"chose_seed":false,"campfire_upgraded":3,"win_rate":0.0,"timestamp":1612943591,"path_taken":["M","M","?","?","?","E","?","M","T","$","M","?","R","M","R","BOSS","M","?","?","AVR","?","M","R","E","T","R","M","?","?","M","R","BOSS","M","?","$","M","?","E","R","$","T","R","M","AVR","?","E","R","BOSS","R","$","E"],"items_purchased_type":["Card","Card","Relic","Card","Card","Card","Card","Card"],"build_version":"2020-12-22","purchased_purges":1,"victory":false,"max_hp_per_floor":[70,70,70,70,70,70,70,70,70,70,70,70,70,70,70,70,70,70,70,70,70,70,70,70,70,70,70,70,70,70,70,70,70,70,70,70,70,70,70,70,70,70,70,70,70,70,70,70,70,70,70,70,70,70,70],"card_choices":[{"not_picked":["Lore","White Contract"],"picked":"Floating Swing Kick","floor":1},{"not_picked":["Provocative","Floating Swing Kick"],"picked":"Paralysis","floor":2},{"not_picked":["infinitespire:SealOfDarkness+","infinitespire:NeuralNetwork"],"picked":"infinitespire:TheBestDefense","floor":5},{"not_picked":["Sudden Beat","Black Warm Hole"],"picked":"Fire Up","floor":6},{"not_picked":["Cursed Blade","Rupture"],"picked":"Perfect Defend","floor":7},{"not_picked":["Light Attack","Reinforcement Parts"],"picked":"Here Defend Chip","floor":8},{"not_picked":["Machining","Money Cant Rescue"],"picked":"Cursed Blade","floor":11},{"not_picked":["Resistance","Load Balancing"],"picked":"Black Execution","floor":14},{"not_picked":["Bursts","Moon Tear"],"picked":"Overclocking","floor":16},{"not_picked":["Energy Supply","Black Spear"],"picked":"Oblique Hack","floor":18},{"not_picked":["Rupture+1","Winding Magic+1"],"picked":"Sub Weapons","floor":19},{"not_picked":["Oblique Hack","Preloading"],"picked":"White Contract+1","floor":23},{"not_picked":["Cursed Blade","Here Defend Chip"],"picked":"Trader","floor":25},{"not_picked":["Here Defend Chip","Twin Teeth"],"picked":"Ruin Defend","floor":28},{"not_picked":["Light Attack","Sudden Beat"],"picked":"Afterwards+1","floor":29},{"not_picked":["Recovery Mechanism+1","Rupture+1"],"picked":"Lore","floor":31},{"not_picked":["Overclocking","Bursts"],"picked":"Shockwave Tdmadao","floor":33},{"not_picked":["Black Execution+1","White Contract"],"picked":"Load Balancing+1","floor":35},{"not_picked":["Provocative","Here Defend Chip+1"],"picked":"Transfer Energy+1","floor":38},{"not_picked":["Perfect Defend+1","Ruin Defend+1"],"picked":"Floating Swing Kick+1","floor":40},{"not_picked":["Cursed Blade","Floating Swing Kick"],"picked":"Retrieval Recycling","floor":45},{"not_picked":["Moon Tear+1","Pod Laser+1","Memory Alloy+1"],"picked":"Optimization+1","floor":47},{"not_picked":["Ruin Defend+1","Transfer Energy+1","Recovery Mechanism+1"],"picked":"Reinforcement Parts+1","floor":47},{"not_picked":["Trader","Bursts","theWildCard:StingingStrike"],"picked":"Defend System","floor":48}],"player_experience":826134,"relics_obtained":[{"floor":6,"key":"aspiration:HiddenCompartment"},{"floor":25,"key":"Art of War"},{"floor":26,"key":"aspiration:HummingbirdHeart"},{"floor":40,"key":"infinitespire:FocusingShard"},{"floor":43,"key":"reliquary:PorcupineQuills"},{"floor":48,"key":"infinitespire:EmpoweringShard"}],"event_choices":[{"damage_healed":0,"gold_gain":0,"player_choice":"Gave Potion","damage_taken":0,"relics_obtained":["Centennial Puzzle"],"max_hp_gain":0,"max_hp_loss":0,"event_name":"WeMeetAgain","floor":3,"gold_loss":0},{"damage_healed":0,"gold_gain":0,"player_choice":"Bought 1 Potion","damage_taken":0,"max_hp_gain":0,"max_hp_loss":0,"event_name":"The Woman in Blue","floor":4,"gold_loss":0},{"damage_healed":0,"gold_gain":0,"player_choice":"Ignored","damage_taken":0,"max_hp_gain":0,"max_hp_loss":0,"event_name":"betterNote:BetterNote","floor":20,"gold_loss":0,"cards_obtained":["PrismaMod:MiyuCheapChannelHeal"]},{"damage_healed":0,"gold_gain":0,"player_choice":"Simplicity","damage_taken":0,"max_hp_gain":0,"max_hp_loss":0,"event_name":"betterThird:BetterWriting","floor":22,"gold_loss":0},{"damage_healed":0,"gold_gain":0,"player_choice":"Invest 2","damage_taken":0,"max_hp_gain":0,"max_hp_loss":0,"event_name":"conspire:Investor","floor":39,"gold_loss":0},{"damage_healed":0,"gold_gain":0,"player_choice":"2","damage_taken":0,"max_hp_gain":0,"max_hp_loss":0,"event_name":"betterMatch:BetterMatch","floor":47,"gold_loss":0,"cards_obtained":["betterMatch:RareCard","betterMatch:UncommonCard"]}],"is_beta":false,"boss_relics":[{"not_picked":["reliquary:RedCape","conspire:RoyalGoblet"],"picked":"bronze:MakeshiftBattery"},{"not_picked":["hubris:ScarierMask","conspire:SlowCooker"],"picked":"Philosopher\u0027s Stone"}],"items_purged_floors":[10],"is_endless":false,"potions_floor_spawned":[2,7,11,19,23,28,29,33,38,48],"killed_by":"Shield and Spear","ascension_level":0}}