{"host":"o9lehcdjc4u6j9un","time":1612954445,"event":{"mods":["Aspiration","BaseMod","Colored Map","Downfall","Gremlin Mod","Hermit","Marisa£®ÏF”Í°°ƒß¿Ì…≥£©","Minty Spire (QoL Compilation)","StSLib","The Alterego","The Runesmith","The Senshi","The Servant 0.9.4","Yakumo Yukari mod"],"gold_per_floor":[115,115,115,125,149,181,181,34,59,71,71,90,54,65,65,162,162,173,192,192,211,211,211,242,142,142,142,161,171,202,212,212,311,311,330,380,393,393,393,393],"floor_reached":39,"language":"ZHS","playtime":2491,"items_purged":["Strike_S","Defend_S"],"score":446,"play_id":"6e5797b3-c0eb-46b4-b475-acb694daa2a5","local_time":"20210210185405","is_ascension_mode":false,"campfire_choices":[{"data":"DoubleEdge","floor":7.0,"key":"SMITH"},{"data":"Snipe","floor":11.0,"key":"SMITH"},{"data":"KidneyShot","floor":15.0,"key":"SMITH"},{"data":"WasteNot","floor":23.0,"key":"SMITH"},{"data":"Comet","floor":27.0,"key":"SMITH"},{"data":"DoubleEdge","floor":32,"key":"SMITH"}],"circlet_count":0,"master_deck":["Strike_S+1","Defend_S+1","Defend_S","Exchange","Comet+1","Luminosity","SurpressingFire","DoubleEdge+1","SilverBlades","Snipe+1","Starlight","MoonPhase","Defy","WasteNot+1","FanOfKnives+1","Unruled+1","Misdirection","Sabotage+1","Unruled+1","Advance+1","Defy+1","DoubleEdge+1","Sunlight","DoubleEdge","Shuttle+1","Comet+1"],"relics":["SplendidAttire","aspiration:ChemicalBlood","Omamori","Blood Vial","aspiration:FrozenJewel","aspiration:Lifesprig","aspiration:SecretTechniqueScroll","Lizard Tail"],"acts_visited":["Exordium","TheCity","TheBeyond"],"potions_floor_usage":[30,33,35,39,39,39,39],"damage_taken":[{"damage":0.0,"enemies":"2 Louse","floor":1.0,"turns":2.0},{"damage":0.0,"enemies":"Jaw Worm","floor":4.0,"turns":4.0},{"damage":4.0,"enemies":"Lagavulin","floor":6.0,"turns":6.0},{"damage":0.0,"enemies":"Small Slimes","floor":10.0,"turns":3.0},{"damage":8.0,"enemies":"Looter","floor":12.0,"turns":3.0},{"damage":3.0,"enemies":"3 Louse","floor":14.0,"turns":3.0},{"damage":14.0,"enemies":"Slime Boss","floor":16.0,"turns":9.0},{"damage":0.0,"enemies":"Spheric Guardian","floor":18.0,"turns":3.0},{"damage":21.0,"enemies":"2 Thieves","floor":19.0,"turns":4.0},{"damage":3.0,"enemies":"Snecko","floor":21.0,"turns":4.0},{"damage":18.0,"enemies":"Slavers","floor":24.0,"turns":6.0},{"damage":10.0,"enemies":"Snake Plant","floor":28.0,"turns":4.0},{"damage":13.0,"enemies":"Shelled Parasite and Fungi","floor":29.0,"turns":5.0},{"damage":0,"enemies":"Gremlin Leader","floor":30,"turns":4},{"damage":0,"enemies":"3 Cultists","floor":31,"turns":4},{"damage":14,"enemies":"Champ","floor":33,"turns":8},{"damage":0,"enemies":"3 Darklings","floor":35,"turns":5},{"damage":0,"enemies":"Mind Bloom Boss Battle","floor":36,"turns":3},{"damage":16,"enemies":"3 Shapes","floor":37,"turns":3},{"damage":97,"enemies":"3 Shapes","floor":39,"turns":8}],"seed_played":"4570515207790299224","potions_obtained":[{"floor":1.0,"key":"SpeedPotion"},{"floor":6.0,"key":"PowerPotion"},{"floor":14.0,"key":"Fruit Juice"},{"floor":21.0,"key":"Block Potion"},{"floor":24.0,"key":"EssenceOfSteel"},{"floor":28.0,"key":"PowerPotion"},{"floor":28.0,"key":"LiquidMemories"},{"floor":29.0,"key":"DistilledChaos"},{"floor":33,"key":"Regen Potion"},{"floor":37,"key":"PowerPotion"}],"is_trial":false,"path_per_floor":["M","?","?","M","T","E","R","$","T","M","R","M","$","M","R","B",null,"M","M","?","M","?","R","E","$","T","R","M","M","E","M","R","B",null,"M","?","M","?","?"],"character_chosen":"THE_SERVANT","items_purchased":["SilverBlades","MoonPhase"],"campfire_rested":0,"item_purchase_floors":[8,13],"current_hp_per_floor":[47,47,34,34,34,30,30,30,30,30,30,22,22,24,24,10,70,70,49,49,46,46,46,28,28,28,28,25,14,16,18,18,6,70,70,70,54,54,0,0],"gold":393,"neow_bonus":"REMOVE_TWO","is_daily":false,"chose_seed":false,"campfire_upgraded":6,"win_rate":0.0,"timestamp":1612954445,"path_taken":["M","?","?","M","?","E","R","$","T","M","R","M","?","?","R","BOSS","M","M","?","M","?","R","E","$","T","R","?","M","E","M","R","BOSS","M","?","M","?","?"],"items_purchased_type":["Card","Card"],"build_version":"2020-12-22","purchased_purges":2,"victory":false,"max_hp_per_floor":[65,65,65,65,65,65,65,65,65,65,65,65,65,70,70,70,70,70,70,70,70,70,70,70,70,70,70,70,70,70,70,70,70,70,70,70,70,70,70,70],"card_choices":[{"not_picked":["Shuttle","DualDimension"],"picked":"Comet","floor":1.0},{"not_picked":["StarChef","Barrier"],"picked":"SurpressingFire","floor":4.0},{"not_picked":["ShiftingGears","StarChef"],"picked":"DoubleEdge","floor":6.0},{"not_picked":["SilverBlades","ShatteredReality"],"picked":"Snipe","floor":10.0},{"not_picked":["Foresight","TimeWarp"],"picked":"Starlight","floor":12.0},{"not_picked":["Rewind","WasteNot"],"picked":"Defy","floor":14.0},{"not_picked":["TheWorld","Solidify"],"picked":"SoulSculpture","floor":16.0},{"not_picked":["ShiftingGears+1","ShatteredReality+1"],"picked":"WasteNot","floor":18.0},{"not_picked":["StarChef","DoubleEdge+1"],"picked":"FanOfKnives+1","floor":19.0},{"not_picked":["Replace","Rewind"],"picked":"Unruled+1","floor":21.0},{"not_picked":["FanOfKnives","Gouge"],"picked":"Sabotage+1","floor":24.0},{"not_picked":["DoubleEdge","Misdirection+1"],"picked":"Unruled+1","floor":28.0},{"not_picked":["Unruled","Potential"],"picked":"Advance+1","floor":29.0},{"not_picked":["Revamp","BestPractice"],"picked":"Defy+1","floor":30},{"not_picked":["SilverBlades","Defy"],"picked":"DoubleEdge","floor":31},{"not_picked":["Initiator","Solidify"],"picked":"Sunlight","floor":33},{"not_picked":["BestPractice","BottledTime"],"picked":"DoubleEdge","floor":35},{"not_picked":["TimeWarp","BottledTime"],"picked":"Shuttle+1","floor":36},{"not_picked":["Advance","Revamp+1"],"picked":"Comet+1","floor":37}],"player_experience":182689,"relics_obtained":[{"floor":6.0,"key":"aspiration:ChemicalBlood"},{"floor":9.0,"key":"Omamori"},{"floor":24.0,"key":"Blood Vial"},{"floor":26.0,"key":"aspiration:FrozenJewel"},{"floor":30,"key":"aspiration:Lifesprig"},{"floor":36,"key":"Lizard Tail"}],"event_choices":[{"damage_healed":0.0,"max_hp_gain":0.0,"max_hp_loss":0.0,"gold_gain":0.0,"cards_transformed":["Strike_S"],"event_name":"Living Wall","player_choice":"Change","floor":2.0,"gold_loss":0.0,"damage_taken":0.0,"cards_obtained":["Luminosity"]},{"damage_healed":0.0,"max_hp_gain":0.0,"max_hp_loss":0.0,"gold_gain":0.0,"event_name":"Shining Light","player_choice":"Entered Light","floor":3.0,"gold_loss":0.0,"damage_taken":13.0,"cards_upgraded":["Defend_S","Strike_S"]},{"damage_healed":0.0,"max_hp_gain":0.0,"max_hp_loss":0.0,"gold_gain":0.0,"event_name":"Vampires","player_choice":"Ignored","floor":20.0,"gold_loss":0.0,"damage_taken":0.0},{"damage_healed":0.0,"max_hp_gain":0.0,"max_hp_loss":0.0,"gold_gain":0.0,"cards_transformed":["SoulSculpture"],"event_name":"Transmorgrifier","player_choice":"Transformed","floor":22.0,"gold_loss":0.0,"damage_taken":0.0,"cards_obtained":["Misdirection"]},{"damage_healed":0,"gold_gain":0,"player_choice":"Fight","damage_taken":0,"max_hp_gain":0,"max_hp_loss":0,"event_name":"MindBloom","floor":36,"gold_loss":0},{"cards_removed":["KidneyShot"],"damage_healed":0,"gold_gain":0,"player_choice":"Removed Attack","damage_taken":0,"max_hp_gain":0,"max_hp_loss":0,"event_name":"Falling","floor":38,"gold_loss":0}],"is_beta":false,"boss_relics":[{"not_picked":["SacredBark","aspiration:MarisaSkillbook"],"picked":"SplendidAttire"},{"not_picked":["Empty Cage","aspiration:MobileForge"],"picked":"aspiration:SecretTechniqueScroll"}],"items_purged_floors":[8,25],"is_endless":false,"potions_floor_spawned":[1,6,14,21,24,28,33,37],"killed_by":"3 Shapes","ascension_level":0}}