{"host":"nsc6ozq3atyrdr3m","time":1612998621,"event":{"mods":["BaseMod","Colored Map","Minty Spire (QoL Compilation)"],"gold_per_floor":[117,128,128,178,188,223,235,278,315,327,349,433,474,486,498,510,510],"floor_reached":16,"language":"FRA","playtime":332,"items_purged":[],"score":236,"play_id":"aa51e622-1260-49d5-aee5-558173053bd1","local_time":"20210211001021","is_ascension_mode":true,"campfire_choices":[{"floor":7,"key":"REST"},{"floor":10,"key":"REST"},{"floor":15,"key":"REST"}],"circlet_count":0,"master_deck":["AscendersBane","Strike_R","Strike_R","Strike_R","Strike_R","Defend_R","Defend_R","Defend_R","Defend_R","Bash+1","Hemokinesis","Inflame","Pummel","Thunderclap","Burning Pact","Dropkick"],"relics":["Burning Blood","NeowsBlessing","MawBank","Boot","Vajra","Akabeko"],"acts_visited":["Exordium"],"potions_floor_usage":[8,8],"damage_taken":[{"damage":0,"enemies":"Cultist","floor":1,"turns":1},{"damage":0,"enemies":"Small Slimes","floor":2,"turns":1},{"damage":0,"enemies":"Jaw Worm","floor":5,"turns":1},{"damage":54,"enemies":"Lagavulin","floor":6,"turns":7},{"damage":69,"enemies":"3 Sentries","floor":8,"turns":11},{"damage":5,"enemies":"3 Louse","floor":11,"turns":3},{"damage":10,"enemies":"Gremlin Nob","floor":13,"turns":3},{"damage":62,"enemies":"Slime Boss","floor":16,"turns":10}],"seed_played":"6048469497157119595","potions_obtained":[{"floor":1,"key":"BloodPotion"},{"floor":6,"key":"BloodPotion"}],"is_trial":false,"path_per_floor":["M","M","?","?","M","E","R","E","T","R","M","?","E","?","R","B"],"character_chosen":"IRONCLAD","items_purchased":[],"campfire_rested":3,"item_purchase_floors":[],"current_hp_per_floor":[74,75,75,68,74,26,48,15,15,37,38,38,34,34,56,0,0],"gold":510,"neow_bonus":"THREE_ENEMY_KILL","is_daily":false,"chose_seed":false,"campfire_upgraded":0,"win_rate":0.0,"timestamp":1612998621,"path_taken":["M","M","?","?","?","E","R","E","T","R","M","?","E","?","R","BOSS"],"items_purchased_type":[],"build_version":"2020-12-22","purchased_purges":0,"victory":false,"max_hp_per_floor":[75,75,75,75,75,75,75,75,75,75,75,75,75,75,75,75,75],"card_choices":[{"not_picked":["Sever Soul","Clothesline","Iron Wave"],"picked":"SKIP","floor":1},{"not_picked":["Perfected Strike","Clothesline","Warcry"],"picked":"SKIP","floor":2},{"not_picked":["Clothesline","Pommel Strike"],"picked":"Hemokinesis","floor":5},{"not_picked":["Shrug It Off","Wild Strike"],"picked":"Inflame","floor":6},{"not_picked":["Entrench","Clash"],"picked":"Pummel","floor":8},{"not_picked":["Dark Embrace","Shrug It Off"],"picked":"Thunderclap","floor":11},{"not_picked":["Thunderclap","Feed"],"picked":"Burning Pact","floor":13}],"player_experience":391232,"relics_obtained":[{"floor":6,"key":"MawBank"},{"floor":8,"key":"Boot"},{"floor":9,"key":"Vajra"},{"floor":13,"key":"Akabeko"}],"event_choices":[{"damage_healed":0,"gold_gain":0,"player_choice":"Grow","damage_taken":0,"max_hp_gain":0,"max_hp_loss":0,"event_name":"Living Wall","floor":3,"gold_loss":0,"cards_upgraded":["Bash"]},{"damage_healed":0,"gold_gain":50,"player_choice":"Touch","damage_taken":7,"max_hp_gain":0,"max_hp_loss":0,"event_name":"FaceTrader","floor":4,"gold_loss":0},{"damage_healed":0,"gold_gain":72,"player_choice":"Gained Gold","damage_taken":0,"max_hp_gain":0,"max_hp_loss":0,"event_name":"Golden Wing","floor":12,"gold_loss":0},{"damage_healed":0,"gold_gain":0,"cards_transformed":["Strike_R"],"player_choice":"Transformed","damage_taken":0,"max_hp_gain":0,"max_hp_loss":0,"event_name":"Transmorgrifier","floor":14,"gold_loss":0,"cards_obtained":["Dropkick"]}],"is_beta":false,"boss_relics":[],"items_purged_floors":[],"is_endless":false,"potions_floor_spawned":[1,6],"killed_by":"Slime Boss","ascension_level":20}}