{"host":"pgm1p3lvdjflie30","time":1612957238,"event":{"mods":["AchievementEnabler","Alarm Clock","Aspiration","BaseMod","Challenge The Spire","Colored Map","Colored Powertips","Dark Map","Energized Spire","Hermit","HornydragonMod","Minty Spire (QoL Compilation)","Quarter Circle Forward PUNCH!","Quick Restart","Relic Stats","Robot Space Explorer","Spicy Shops","StSLib","The Blackbeard","The IronCluck","Waifu the Spire","【功能Mod】混沌之?修复?丁","篝火指南"],"gold_per_floor":[116,128,128,140,154,154,181,181,181,4,22,22,37,28,28,28,28],"floor_reached":16,"language":"ZHS","playtime":873,"items_purged":[],"score":92,"play_id":"0f857667-76c0-4370-b3bf-f57e57b13f75","local_time":"20210210194038","is_ascension_mode":false,"campfire_choices":[{"data":"Genetic Algorithm","floor":6,"key":"SMITH"},{"data":"Loop","floor":8,"key":"SMITH"},{"data":"PanicButton","floor":15,"key":"SMITH"}],"circlet_count":0,"master_deck":["Strike_B","Strike_B","Strike_B","Strike_B","Defend_B","Defend_B","Defend_B","Defend_B","Zap","Dualcast","Go for the Eyes","Steam","Loop+1","Turbo","Beam Cell","Skim","BootSequence","Defend_R","Multi-Cast","PanicButton+1"],"relics":["Cracked Core"],"acts_visited":["Exordium"],"potions_floor_usage":[4,7,7,11],"damage_taken":[{"damage":0,"enemies":"2 Louse","floor":1,"turns":3},{"damage":0,"enemies":"Cultist","floor":2,"turns":3},{"damage":2,"enemies":"Jaw Worm","floor":4,"turns":3},{"damage":14,"enemies":"Large Slime","floor":5,"turns":7},{"damage":14,"enemies":"The Mushroom Lair","floor":7,"turns":5},{"damage":22,"enemies":"Gremlin Gang","floor":11,"turns":5},{"damage":11,"enemies":"Lots of Slimes","floor":13,"turns":5},{"damage":27,"enemies":"The Guardian","floor":16,"turns":2}],"seed_played":"-7639179621198286956","potions_obtained":[{"floor":0,"key":"FocusPotion"},{"floor":0,"key":"EssenceOfSteel"},{"floor":0,"key":"PowerPotion"},{"floor":4,"key":"SpeedPotion"},{"floor":11,"key":"Weak Potion"},{"floor":13,"key":"Ancient Potion"}],"is_trial":false,"path_per_floor":["M","M","?","M","M","R","?","R","T","$","M","?","M","$","R","B"],"character_chosen":"DEFECT","items_purchased":["Beam Cell","Skim","PanicButton"],"campfire_rested":0,"item_purchase_floors":[10,10,14],"current_hp_per_floor":[75,75,75,73,59,59,45,45,45,45,23,23,12,12,12,0,0],"gold":28,"neow_bonus":"THREE_SMALL_POTIONS","is_daily":false,"chose_seed":false,"campfire_upgraded":3,"win_rate":0.0,"timestamp":1612957238,"path_taken":["M","M","?","M","?","R","?","R","T","$","M","?","?","?","R","BOSS"],"items_purchased_type":["Card","Card","Card"],"build_version":"2020-12-22","purchased_purges":0,"victory":false,"max_hp_per_floor":[75,75,75,75,75,75,75,75,75,75,75,75,75,75,75,75,75],"relic_stats":{"counters":[8,33],"obtain_stats":[{"Cracked Core":0},{"Cracked Core":0},{"Cracked Core":0}]},"card_choices":[{"not_picked":["Rebound","Self Repair"],"picked":"Go for the Eyes","floor":1},{"not_picked":["Streamline","Rip and Tear"],"picked":"Steam","floor":2},{"not_picked":["Ball Lightning","Fusion"],"picked":"Genetic Algorithm","floor":4},{"not_picked":["Chill","Lockon"],"picked":"Loop","floor":5},{"not_picked":["Gash","Aggregate"],"picked":"Turbo","floor":7},{"not_picked":["Go for the Eyes","Gash"],"picked":"BootSequence","floor":11},{"not_picked":["Static Discharge","Go for the Eyes"],"picked":"Multi-Cast","floor":13}],"player_experience":376500,"relics_obtained":[],"event_choices":[{"damage_healed":0,"gold_gain":0,"player_choice":"Ignored","damage_taken":0,"max_hp_gain":0,"max_hp_loss":0,"event_name":"WeMeetAgain","floor":3,"gold_loss":0},{"damage_healed":0,"gold_gain":0,"player_choice":"Fought Mushrooms","damage_taken":0,"max_hp_gain":0,"max_hp_loss":0,"event_name":"Mushrooms","floor":7,"gold_loss":0},{"cards_removed":["Genetic Algorithm"],"damage_healed":0,"gold_gain":0,"player_choice":"Took Card","damage_taken":0,"max_hp_gain":0,"max_hp_loss":0,"event_name":"NoteForYourself","floor":12,"gold_loss":0,"cards_obtained":["Defend_R"]}],"is_beta":false,"boss_relics":[],"items_purged_floors":[],"is_endless":false,"potions_floor_spawned":[4,5,11,13],"killed_by":"The Guardian","ascension_level":0}}