{"host":"74rphcgmhz43g39u","time":1612942547,"event":{"mods":["Act Like it!","BaseMod","Gensokyo","Minty Spire (QoL Compilation)","Quick Restart","Remilia£®¿Ÿ√◊¿Ú—«£©","StSLib"],"gold_per_floor":[114,114,124,49,49,84,84,95,122,140,168,185,214,228,228,323,323,360,240,318,318,337,337,353,386,386,413,413,441,460,474,474,548,548,567,507,158,172,4,30,30,260,286,333,353,367,367,384,384,384,384,384,384,19,48,48],"floor_reached":57,"language":"ZHS","playtime":4039,"items_purged":["Defend_RM","Pain"],"score":2989,"play_id":"b315f60f-2785-4520-b952-c3ff23b2f22d","local_time":"20210210153547","is_ascension_mode":true,"campfire_choices":[{"data":"BombardNight","floor":7.0,"key":"SMITH"},{"data":"ScarletSymphony","floor":15.0,"key":"SMITH"},{"data":"DemonKingCradle","floor":23.0,"key":"SMITH"},{"data":"UltimateOffering","floor":28.0,"key":"SMITH"},{"data":"ScarletGensokyo","floor":32.0,"key":"SMITH"},{"floor":47,"key":"RECALL"},{"data":"ScarletNetherworld","floor":49,"key":"SMITH"},{"data":"TransientEternity","floor":53,"key":"SMITH"}],"circlet_count":0,"master_deck":["AscendersBane","Strike_RM+1","Defend_RM","Defend_RM","RedMoon","ScarletShoot+1","BombardNight+1","ScarletSymphony+1","ScarletNetherworld+1","ScarletGensokyo+1","TransientEternity+1","DemonKingCradle+1","Clumsy","UltimateOffering+1","TransientEternity+1","Gensokyo:CustomPotion","GlobalNightmare+1","TricksterDevil+1","Gensokyo:Dawn+1","ForbiddenFruit+1","CurseOfVladTepes+1","RedMagic+1"],"relics":["ScarletHat","NeowsBlessing","Happy Flower","Regal Pillow","Mango","Shuriken","Cursed Key","Gensokyo:MaskOfHope","Frozen Egg 2","Singing Bowl","FossilizedHelix","Sundial","Empty Cage","Orrery","Cauldron","Bronze Scales","Letter Opener","Darkstone Periapt","Turnip","Gungnir","Whetstone","Mummified Hand","Bottled Lightning"],"acts_visited":["Exordium","Gensokyo:Gensokyo","Gensokyo:Gensokyoer","TheEnding"],"potions_floor_usage":[41,56],"damage_taken":[{"damage":0.0,"enemies":"Gensokyo:3_Fairies","floor":1.0,"turns":2.0},{"damage":0.0,"enemies":"Gensokyo:Python","floor":3.0,"turns":1.0},{"damage":0.0,"enemies":"Gensokyo:Mamizou","floor":6.0,"turns":7.0},{"damage":0.0,"enemies":"Gensokyo:2_Kodama","floor":8.0,"turns":2.0},{"damage":0.0,"enemies":"Gensokyo:Kitsune","floor":10.0,"turns":2.0},{"damage":15.0,"enemies":"Gensokyo:Cirno","floor":11.0,"turns":6.0},{"damage":3.0,"enemies":"Gensokyo:2_Rabbits","floor":12.0,"turns":11.0},{"damage":15.0,"enemies":"Gensokyo:Aya","floor":13.0,"turns":8.0},{"damage":10.0,"enemies":"Gensokyo:VengefulSpirit","floor":14.0,"turns":3.0},{"damage":35.0,"enemies":"Gensokyo:Yukari","floor":16.0,"turns":9.0},{"damage":19.0,"enemies":"Gensokyo:3_Dogs","floor":18.0,"turns":7.0},{"damage":10.0,"enemies":"Gensokyo:AngelMirror","floor":22.0,"turns":5.0},{"damage":39.0,"enemies":"Gensokyo:Wraith","floor":24.0,"turns":4.0},{"damage":107.0,"enemies":"Gensokyo:Tenshi","floor":25.0,"turns":3.0},{"damage":62.0,"enemies":"Gensokyo:Reisen","floor":27.0,"turns":4.0},{"damage":106.0,"enemies":"Gensokyo:Tenshi","floor":29.0,"turns":3.0},{"damage":47.0,"enemies":"Gensokyo:Swordslinger","floor":30.0,"turns":3.0},{"damage":2.0,"enemies":"Gensokyo:Monolith_and_Dog","floor":31.0,"turns":4.0},{"damage":44.0,"enemies":"Gensokyo:Eternal_Rivals","floor":33.0,"turns":6.0},{"damage":30.0,"enemies":"Gensokyo:3_Boulders","floor":35.0,"turns":4.0},{"damage":0.0,"enemies":"Gensokyo:AncientGuardian","floor":38.0,"turns":5.0},{"damage":39.0,"enemies":"Gensokyo:Marisa","floor":40.0,"turns":2.0},{"damage":4,"enemies":"Gensokyo:Marisa","floor":41,"turns":7},{"damage":70,"enemies":"Gensokyo:Kasen","floor":42,"turns":4},{"damage":38,"enemies":"Gensokyo:Marisa","floor":44,"turns":5},{"damage":31,"enemies":"Gensokyo:Dusk_and_Dawn","floor":45,"turns":6},{"damage":8,"enemies":"Gensokyo:SeedOfUnknown","floor":46,"turns":3},{"damage":3,"enemies":"Gensokyo:AtlasGolem","floor":48,"turns":3},{"damage":44,"enemies":"Gensokyo:Yuyuko","floor":50,"turns":2},{"damage":25,"enemies":"Gensokyo:Scarlet_Devils","floor":51,"turns":5},{"damage":48,"enemies":"Shield and Spear","floor":55,"turns":2},{"damage":73,"enemies":"The Heart","floor":56,"turns":7}],"seed_played":"5131124441224618202","potions_obtained":[{"floor":1.0,"key":"Fruit Juice"},{"floor":6.0,"key":"GamblersBrew"},{"floor":11.0,"key":"GamblersBrew"},{"floor":12.0,"key":"DuplicationPotion"},{"floor":18.0,"key":"LiquidMemories"},{"floor":29.0,"key":"Fire Potion"},{"floor":30.0,"key":"Block Potion"},{"floor":39.0,"key":"Fruit Juice"},{"floor":39.0,"key":"FairyPotion"},{"floor":39.0,"key":"DestinyDice"},{"floor":42,"key":"Ancient Potion"}],"is_trial":false,"path_per_floor":["M","?","M","$","$","E","R","M","T","M","E","M","E","M","R","B",null,"M","?","T","?","M","R","M","E","T","E","R","E","M","M","R","B",null,"M","?","COS","M","$","E","?","E","T","E","M","M","R","M","R","B","B",null,"R","$","E","B",null],"character_chosen":"REMILIA","items_purchased":["Cauldron","Mummified Hand"],"campfire_rested":0,"item_purchase_floors":[39,54],"current_hp_per_floor":[63,63,63,63,63,63,63,63,63,63,71,74,74,66,66,33,75,60,60,60,60,59,59,42,89,89,34,34,93,49,53,53,20,78,50,50,56,76,81,58,58,60,66,46,42,50,50,62,62,62,58,109,109,109,61,55],"gold":48,"neow_bonus":"THREE_ENEMY_KILL","is_daily":false,"chose_seed":false,"campfire_upgraded":7,"win_rate":0.0,"timestamp":1612942547,"path_taken":["M","?","M","?","$","E","R","?","T","M","E","M","E","M","R","BOSS","M","?","?","?","M","R","M","E","T","E","R","E","M","M","R","BOSS","M","?","COS","M","?","E","?","E","T","E","M","?","R","M","R","BOSS","BOSS","R","$","E","BOSS"],"items_purchased_type":["Relic","Relic"],"build_version":"2020-12-22","purchased_purges":2,"victory":true,"max_hp_per_floor":[70,70,70,70,70,70,70,70,70,70,89,89,89,89,89,89,89,89,89,89,89,89,89,89,89,89,91,91,93,95,97,97,97,97,99,99,105,107,112,114,114,114,120,120,122,124,124,126,126,126,126,126,126,126,126,126],"card_choices":[{"not_picked":["BombardNight","ScarletGensokyo"],"picked":"HunterOfTheNight","floor":1.0},{"not_picked":["MastersStateliness","BloodHunter","DiffusionOfMisfortune"],"picked":"SKIP","floor":3.0},{"not_picked":["EternalNight","VampireSweep"],"picked":"BombardNight","floor":6.0},{"not_picked":["UnstableMagic","BlasphemousPunishment","BombardNight"],"picked":"SKIP","floor":8.0},{"not_picked":["ScarletDevil","ChainGang"],"picked":"ScarletSymphony","floor":10.0},{"not_picked":["BloodHunter","BlasphemousPunishment","MastersStateliness"],"picked":"SKIP","floor":11.0},{"not_picked":["RedRainbow","ScarletDevil"],"picked":"ScarletNetherworld","floor":12.0},{"not_picked":["ScarletImprint","BombardNight"],"picked":"ScarletGensokyo","floor":12.0},{"not_picked":["UnstableMagic","Maim","DiffusionOfMisfortune"],"picked":"SKIP","floor":13.0},{"not_picked":["BloodHunter","BlasphemousPunishment"],"picked":"TransientEternity","floor":14.0},{"not_picked":["ScarletMeister","BloodySeventeenLaser"],"picked":"DemonKingCradle","floor":16.0},{"not_picked":["ScarletDream","ScarletImprint","VampireKiss"],"picked":"SKIP","floor":18.0},{"not_picked":["UnderTheZenith","BloodyMagicSquare","Stigmanizer"],"picked":"SKIP","floor":22.0},{"not_picked":["BadLadyScramble","ScarletDevil","MiserableFate"],"picked":"SKIP","floor":24.0},{"not_picked":["Maim","HunterOfTheNight+1"],"picked":"UltimateOffering","floor":25.0},{"not_picked":["Stigmanizer+1","RedRainbow","UnstableMagic"],"picked":"Singing Bowl","floor":27.0},{"not_picked":["VampirishNight","CharismaGuard+1","RedRainbow"],"picked":"Singing Bowl","floor":29.0},{"not_picked":["HunterOfTheNight","RedRainbow","BombardNight"],"picked":"Singing Bowl","floor":30.0},{"not_picked":["VampireFantasy","MiserableFate","StarOfDavid"],"picked":"Singing Bowl","floor":31.0},{"not_picked":["BloodyHallows","BloodySeventeenLaser"],"picked":"TransientEternity+1","floor":33.0},{"not_picked":["MillenniumVampire","Ultimatum","MastersStateliness+1"],"picked":"Singing Bowl","floor":35.0},{"not_picked":["NightDance+1","EndlessAdversity","EmergencyRegeneration"],"picked":"Singing Bowl","floor":37.0},{"not_picked":["AfternoonTea","Stigmanizer+1","VampireKiss"],"picked":"Singing Bowl","floor":37.0},{"not_picked":["RedRainbow","ForbiddenFruit"],"picked":"GlobalNightmare+1","floor":37.0},{"not_picked":["DiffusionOfMisfortune+1","MillenniumVampire"],"picked":"TricksterDevil+1","floor":37.0},{"not_picked":["FavorOfDestiny","ScarletDevil","EndlessAdversity+1"],"picked":"Singing Bowl","floor":37.0},{"not_picked":["BombardNight+1","BadLadyScramble","EndlessAdversity"],"picked":"Singing Bowl","floor":38.0},{"not_picked":["RedNightlessCastle","SuperhumanBloodyKnife","BombardNight+1"],"picked":"Singing Bowl","floor":40.0},{"not_picked":["Gensokyo:RainbowDanmaku+1","Gensokyo:DreamlikeParadise+1"],"picked":"Gensokyo:Dawn+1","floor":41},{"not_picked":["ChaoticDestiny","VampireFantasy+1"],"picked":"ForbiddenFruit+1","floor":42},{"not_picked":["EndlessAdversity","ScarletDevil"],"picked":"CurseOfVladTepes+1","floor":44},{"not_picked":["MastersStateliness+1","MillenniumVampire","ScarletDream"],"picked":"Singing Bowl","floor":45},{"not_picked":["RedRainbow+1","BloodyTrap","DevilSight"],"picked":"Singing Bowl","floor":46},{"not_picked":["MastersStateliness+1","Stigmanizer","RedRainbow+1"],"picked":"Singing Bowl","floor":48},{"not_picked":["UnstableMagic","CharismaGuard+1"],"picked":"RedMagic+1","floor":55}],"player_experience":851568,"relics_obtained":[{"floor":6.0,"key":"Regal Pillow"},{"floor":9.0,"key":"Lantern"},{"floor":11.0,"key":"Mango"},{"floor":13.0,"key":"Shuriken"},{"floor":20.0,"key":"Frozen Egg 2"},{"floor":25.0,"key":"Singing Bowl"},{"floor":27.0,"key":"FossilizedHelix"},{"floor":29.0,"key":"Sundial"},{"floor":40.0,"key":"Letter Opener"},{"floor":42,"key":"Turnip"},{"floor":44,"key":"Whetstone"},{"floor":55,"key":"Bottled Lightning"}],"event_choices":[],"is_beta":false,"boss_relics":[{"not_picked":["Tiny House","Ectoplasm"],"picked":"Cursed Key"},{"not_picked":["Sozu","Fusion Hammer"],"picked":"Empty Cage"}],"items_purged_floors":[4,54],"is_endless":false,"potions_floor_spawned":[1,6,11,16,22,24,25,30,40,42,46],"ascension_level":20}}