{"host":"rlwsj8oje50c4na7","time":1612941436,"event":{"mods":["2.2 Compatiblity","Act Like it!","Arknights","Aspiration","BaseMod","Beaked The Cultist","Bestiary","Better Altar","Better Match","Better Note","Better Sensory Stone","Better Skull","Better Third Choice","Better Vampires","BetterRewards","Bossed Relics","Colored Map","Colored Powertips","Conspire","Defuse TimeMaze Blight","Energized Spire","Friendly Minions","Gensokyo","GifTheSpireLib","GungeonMod","Halation","Hallownest","Hermit","Highlight Path","Hubris","Infinite Spire","Ironclad Rager","Jedi Mod","JesterMod","Jorbs\u0027s Wanderer Trilogy","Mad Scientist","Minty Spire (QoL Compilation)","Pale of the Ancients","Quick Restart","Random Character Button","Relic Filter","Relic Stats","Reliquary","Reorder Act Four","Replay The Spire","Retaliation","Shade Mod","Shop Mod","Spicy Shops","StSLib","Stuff the Spire","The Administrix","The Bladedancer","The Blue Laboratory","The Bug Knight","The Construct","The Cursed","The Exalted","The Hierophant","The IronCluck","The Judge","The Kombatant","The Marked","The Necromancer","The Runesmith","The Servant 0.9.4","TheSwordswoman","Waifu the Spire","everything is the same but u backflip on backflip","slay the spire mod where everything is the same but ironclad has a cowboy hat"],"gold_per_floor":[112,128,128,17,32,59,59,91,91,91,122,133,133,164,164,262,262,272,286,286,296,221,221,255,165,218,218,218,236,136,152,152,258,258,292,342,342,381,381,433,433,433,433,433,433,22,22,81,81,109,109,7,7,60,96],"floor_reached":56,"language":"ENG","playtime":11219,"items_purged":["theMarked:Strike","theMarked:Defend","theMarked:Strike","theMarked:Strike"],"score":1847,"play_id":"5f764373-d51b-44e7-9e91-c1ffd15dfd99","local_time":"20210210091716","is_ascension_mode":false,"campfire_choices":[{"data":"theMarked:SelfDefenseTraining","floor":7.0,"key":"SMITH"},{"floor":10.0,"key":"RECALL"},{"data":"theMarked:SoldierOfQuellstein","floor":15.0,"key":"SMITH"},{"data":"theMarked:EmpowerWeapon","floor":23.0,"key":"SMITH"},{"data":"theMarked:TwofoldDefense","floor":28.0,"key":"SMITH"},{"data":"theMarked:Parkour","floor":32.0,"key":"SMITH"},{"data":"theMarked:Toughness","floor":41,"key":"SMITH"},{"data":"theMarked:StartUp","floor":45,"key":"SMITH"},{"data":"theMarked:Defend","floor":47,"key":"SMITH"},{"data":"StuffTheSpire:BrainWave","floor":49,"key":"SMITH"},{"data":"theMarked:Defend","floor":53,"key":"SMITH"}],"circlet_count":0,"master_deck":["theMarked:Strike","theMarked:Defend+1","theMarked:Defend+1","theMarked:SoldierOfQuellstein+1","theMarked:EmpowerWeapon+1","theMarked:TakeOffHeels+1","theMarked:TwofoldDefense+1","theMarked:Parkour+1","theMarked:Levitate","theMarked:Friction+1","theMarked:SelfDefenseTraining+1","theMarked:Toughness+1","Madness","Madness","theMarked:StartUp+1","StuffTheSpire:BrainWave+1","theMarked:RogueSparks+1","theMarked:StartUp"],"relics":["theMarked:ArtifactOfAir","aspiration:Nostalgia","Shade:YorickSkull","FossilizedHelix","DemoMod:GlassGuonStoneRelic","beaked:ShinyBauble","Bag of Marbles","infinitespire:Golems Mask","Garlic","construct:FoamFinger","Black Star","StuffTheSpire:Mouthbags","aspiration:EmptySkull","StuffTheSpire:GrapeVine","infinitespire:EvilPickle","conspire:SeveredTorchhead","Pocketwatch","Pandora\u0027s Box","reliquary:PrincelyHelmet","Replay:Bandana","halation:YellowSoulGem","Lizard Tail","reliquary:PorcupineQuills","Happy Flower","Bromod:ArcaneUltimatum","DemoMod:Antibody"],"acts_visited":["Exordium","TheCity","TheBeyond","TheEnding"],"potions_floor_usage":[33,33,40,55,55,55,55],"damage_taken":[{"damage":0.0,"enemies":"conspire:RoseBush","floor":1.0,"turns":3.0},{"damage":1.0,"enemies":"Cultist","floor":2.0,"turns":3.0},{"damage":0.0,"enemies":"ats:Genji","floor":5.0,"turns":3.0},{"damage":2.0,"enemies":"Lagavulin","floor":6.0,"turns":5.0},{"damage":0.0,"enemies":"Gremlin Nob","floor":8.0,"turns":5.0},{"damage":0.0,"enemies":"HollowMod:MossKnight","floor":11.0,"turns":5.0},{"damage":0.0,"enemies":"3 Louse","floor":12.0,"turns":3.0},{"damage":0.0,"enemies":"3 Sentries","floor":14.0,"turns":8.0},{"damage":0.0,"enemies":"Slime Boss","floor":16.0,"turns":5.0},{"damage":0.0,"enemies":"Shell Parasite","floor":18.0,"turns":5.0},{"damage":0.0,"enemies":"Spheric Guardian","floor":19.0,"turns":4.0},{"damage":0.0,"enemies":"Shelled Parasite and Fungi","floor":21.0,"turns":5.0},{"damage":0.0,"enemies":"conspire:Head Lice","floor":24.0,"turns":7.0},{"damage":0.0,"enemies":"Snake Plant","floor":29.0,"turns":3.0},{"damage":0.0,"enemies":"conspire:HollyBat","floor":31.0,"turns":6.0},{"damage":1,"enemies":"Pondfish","floor":33,"turns":11},{"damage":0,"enemies":"3 Shapes","floor":35,"turns":4},{"damage":0,"enemies":"Mind Bloom Boss Battle","floor":36,"turns":7},{"damage":0,"enemies":"Orb Walker","floor":38,"turns":2},{"damage":0,"enemies":"beaked:SuperParasite","floor":40,"turns":4},{"damage":0,"enemies":"Giant Head","floor":48,"turns":4},{"damage":0,"enemies":"Donu and Deca","floor":50,"turns":4},{"damage":0,"enemies":"Shield and Spear","floor":54,"turns":3},{"damage":1,"enemies":"The Heart","floor":55,"turns":5}],"seed_played":"6149724541719748205","potions_obtained":[{"floor":2.0,"key":"blueLaboratory:HorrorPotion"},{"floor":5.0,"key":"blueLaboratory:SavagePotion"},{"floor":8.0,"key":"Fruit Juice"},{"floor":11.0,"key":"Elixir"},{"floor":14.0,"key":"Regen Potion"},{"floor":16.0,"key":"AttackPotion"},{"floor":24.0,"key":"LiquidBronze"},{"floor":31.0,"key":"theMarked:ChargePotion"},{"floor":35,"key":"theMarked:ChargePotion"},{"floor":36,"key":"jedi:StrikingPotion"}],"is_trial":false,"path_per_floor":["M","M","?","$","M","E","R","E","T","R","E","M","?","E","R","B",null,"M","M","?","M","?","R","E","?","T","?","R","M","$","M","R","B",null,"M","?","AVR","M","?","E","R","?","T","?","R","$","R","E","R","B",null,"$","R","E","B",null],"character_chosen":"THE_DEFAULT","items_purchased":["theMarked:SelfDefenseTraining","Lizard Tail","Adrenaline Potion"],"campfire_rested":0,"item_purchase_floors":[4,46,52],"current_hp_per_floor":[70,69,69,69,69,67,67,67,67,67,67,67,67,67,67,72,75,75,75,75,75,75,75,75,75,75,75,75,75,75,75,75,74,75,75,75,75,75,66,66,66,66,66,66,66,66,66,66,66,66,68,68,68,68,67],"gold":96,"neow_bonus":"NOSTALGIA","is_daily":false,"chose_seed":false,"campfire_upgraded":10,"win_rate":0.0,"timestamp":1612941436,"path_taken":["M","M","?","$","M","E","R","E","T","R","E","?","?","E","R","BOSS","M","M","?","?","?","R","E","?","T","?","R","M","$","M","R","BOSS","M","?","AVR","M","?","E","R","?","T","?","R","$","R","E","R","BOSS","$","R","E","BOSS"],"items_purchased_type":["Card","Relic","Potion"],"build_version":"2020-12-22","purchased_purges":4,"victory":true,"max_hp_per_floor":[70,70,70,70,70,70,70,70,70,70,70,70,70,70,70,75,75,75,75,75,75,75,75,75,75,75,75,75,75,75,75,75,75,75,75,75,75,75,75,75,75,75,75,68,68,68,68,68,68,68,68,68,68,68,68],"relic_stats":{"Lizard Tail":0,"Happy Flower":[4],"counters":[24,113],"Pandora\u0027s Box":[],"Black Star":4,"obtain_stats":[{"Bromod:ArcaneUltimatum":54,"beaked:ShinyBauble":6,"construct:FoamFinger":14,"Shade:YorickSkull":0,"reliquary:PrincelyHelmet":40,"DemoMod:GlassGuonStoneRelic":5,"StuffTheSpire:GrapeVine":26,"conspire:SeveredTorchhead":34,"Replay:Bandana":40,"Lizard Tail":46,"infinitespire:Golems Mask":9,"halation:YellowSoulGem":42,"Happy Flower":48,"aspiration:Nostalgia":0,"DemoMod:Antibody":54,"infinitespire:EvilPickle":33,"theMarked:ArtifactOfAir":0,"aspiration:EmptySkull":24,"reliquary:PorcupineQuills":48,"StuffTheSpire:Mouthbags":24,"Pandora\u0027s Box":37,"Bag of Marbles":8,"Garlic":11,"Black Star":17,"FossilizedHelix":3,"Pocketwatch":36},{"Bromod:ArcaneUltimatum":23,"beaked:ShinyBauble":4,"construct:FoamFinger":8,"Shade:YorickSkull":0,"reliquary:PrincelyHelmet":20,"DemoMod:GlassGuonStoneRelic":3,"StuffTheSpire:GrapeVine":13,"conspire:SeveredTorchhead":16,"Replay:Bandana":20,"Lizard Tail":20,"infinitespire:Golems Mask":5,"halation:YellowSoulGem":20,"Happy Flower":21,"aspiration:Nostalgia":0,"DemoMod:Antibody":23,"infinitespire:EvilPickle":16,"theMarked:ArtifactOfAir":0,"aspiration:EmptySkull":13,"reliquary:PorcupineQuills":21,"StuffTheSpire:Mouthbags":13,"Pandora\u0027s Box":18,"Bag of Marbles":5,"Garlic":6,"Black Star":9,"FossilizedHelix":2,"Pocketwatch":18},{"Bromod:ArcaneUltimatum":109,"beaked:ShinyBauble":14,"construct:FoamFinger":35,"Shade:YorickSkull":0,"reliquary:PrincelyHelmet":98,"DemoMod:GlassGuonStoneRelic":9,"StuffTheSpire:GrapeVine":61,"conspire:SeveredTorchhead":81,"Replay:Bandana":98,"Lizard Tail":98,"infinitespire:Golems Mask":19,"halation:YellowSoulGem":98,"Happy Flower":102,"aspiration:Nostalgia":0,"DemoMod:Antibody":109,"infinitespire:EvilPickle":81,"theMarked:ArtifactOfAir":0,"aspiration:EmptySkull":61,"reliquary:PorcupineQuills":102,"StuffTheSpire:Mouthbags":61,"Pandora\u0027s Box":92,"Bag of Marbles":19,"Garlic":24,"Black Star":40,"FossilizedHelix":6,"Pocketwatch":92}],"Pocketwatch":[0]},"card_choices":[{"not_picked":["theMarked:Frustration","theMarked:SwordAndMagic"],"picked":"theMarked:EmpowerWeapon","floor":1.0},{"not_picked":["theMarked:EnhanceMovement","theMarked:Parkour","theMarked:Electrocute"],"picked":"SKIP","floor":2.0},{"not_picked":["theMarked:HeightenedSenses","theMarked:Memento","theMarked:KeepCalmAndFight"],"picked":"SKIP","floor":5.0},{"not_picked":["theMarked:WastefulAttack","theMarked:Aftermath","theMarked:Frustration"],"picked":"SKIP","floor":6.0},{"not_picked":["theMarked:Improvise","theMarked:WardOff"],"picked":"theMarked:TakeOffHeels","floor":8.0},{"not_picked":["theMarked:LightningStrikesTwice","theMarked:TheMission"],"picked":"theMarked:TwofoldDefense","floor":11.0},{"not_picked":["theMarked:Frustration","theMarked:ChainLightning"],"picked":"theMarked:Parkour","floor":12.0},{"not_picked":["theMarked:Frustration","theMarked:ElectricStrings","theMarked:TwofoldDefense"],"picked":"SKIP","floor":14.0},{"not_picked":["theMarked:Snap","theMarked:UnarmedFury"],"picked":"theMarked:Levitate","floor":16.0},{"not_picked":["theMarked:ElectricStrings","theMarked:Improvise","theMarked:Heritage"],"picked":"SKIP","floor":18.0},{"not_picked":["theMarked:TakeCover","theMarked:AttractMetal+1","theMarked:SwordAndMagic"],"picked":"SKIP","floor":19.0},{"not_picked":["theMarked:HeightenedSenses","theMarked:ResourceFulStrike","theMarked:Parkour"],"picked":"SKIP","floor":21.0},{"not_picked":["theMarked:RepellingDischarge+1","theMarked:Improvise","theMarked:WardOff"],"picked":"SKIP","floor":24.0},{"not_picked":["theMarked:ChainLightning+1","theMarked:Parry"],"picked":"theMarked:Friction+1","floor":29.0},{"not_picked":["theMarked:KeepCalmAndFight","theMarked:Convert+1","theMarked:TwofoldDefense"],"picked":"SKIP","floor":31.0},{"not_picked":["theMarked:UnarmedFury","theMarked:BindingBlade"],"picked":"theMarked:Toughness","floor":33},{"not_picked":["theMarked:Frustration","theMarked:SwordAndMagic","theMarked:HeightenedSenses+1"],"picked":"SKIP","floor":35},{"not_picked":["theMarked:BanishingWave","theMarked:Challenge","theMarked:Parkour+1"],"picked":"SKIP","floor":38},{"not_picked":["theMarked:Static+1","theMarked:Improvise"],"picked":"theMarked:StartUp","floor":40},{"not_picked":["theMarked:Reabsorb+1","theMarked:TurnInvisible"],"picked":"theMarked:RogueSparks+1","floor":48},{"not_picked":["theMarked:Maelstrom","theMarked:HeightenedSenses+1"],"picked":"theMarked:StartUp","floor":54}],"player_experience":1059586,"relics_obtained":[{"floor":6.0,"key":"beaked:ShinyBauble"},{"floor":8.0,"key":"Bag of Marbles"},{"floor":9.0,"key":"infinitespire:Golems Mask"},{"floor":11.0,"key":"Garlic"},{"floor":14.0,"key":"construct:FoamFinger"},{"floor":24.0,"key":"StuffTheSpire:Mouthbags"},{"floor":24.0,"key":"aspiration:EmptySkull"},{"floor":26.0,"key":"StuffTheSpire:GrapeVine"},{"floor":36,"key":"Pocketwatch"},{"floor":40,"key":"reliquary:PrincelyHelmet"},{"floor":40,"key":"Replay:Bandana"},{"floor":48,"key":"reliquary:PorcupineQuills"},{"floor":48,"key":"Happy Flower"},{"floor":54,"key":"Bromod:ArcaneUltimatum"},{"floor":54,"key":"DemoMod:Antibody"}],"event_choices":[{"damage_healed":0.0,"max_hp_gain":0.0,"max_hp_loss":0.0,"gold_gain":0.0,"event_name":"WeMeetAgain","player_choice":"Gave Potion","floor":3.0,"gold_loss":0.0,"damage_taken":0.0,"relics_obtained":["FossilizedHelix"]},{"cards_removed":["theMarked:Strike"],"damage_healed":0.0,"max_hp_gain":0.0,"max_hp_loss":0.0,"gold_gain":0.0,"event_name":"Living Wall","player_choice":"Forget","floor":13.0,"gold_loss":0.0,"damage_taken":0.0},{"damage_healed":0.0,"max_hp_gain":0.0,"max_hp_loss":0.0,"gold_gain":0.0,"event_name":"The Woman in Blue","player_choice":"Bought 0 Potions","floor":20.0,"gold_loss":0.0,"damage_taken":0.0},{"damage_healed":0.0,"max_hp_gain":0.0,"max_hp_loss":0.0,"gold_gain":0.0,"event_name":"betterMatch:BetterMatch","player_choice":"2","floor":22.0,"gold_loss":0.0,"damage_taken":0.0,"cards_obtained":["betterMatch:CommonCard"]},{"cards_removed":["theMarked:Defend"],"damage_healed":0.0,"max_hp_gain":0.0,"max_hp_loss":0.0,"gold_gain":0.0,"event_name":"Designer","player_choice":"Upgrade and Remove","floor":25.0,"gold_loss":90.0,"damage_taken":0.0,"cards_upgraded":["theMarked:TakeOffHeels"]},{"damage_healed":0.0,"max_hp_gain":0.0,"max_hp_loss":0.0,"gold_gain":0.0,"event_name":"N\u0027loth","player_choice":"Ignored","floor":27.0,"gold_loss":0.0,"damage_taken":0.0},{"damage_healed":0,"gold_gain":0,"player_choice":"Fight","damage_taken":0,"max_hp_gain":0,"max_hp_loss":0,"event_name":"MindBloom","floor":36,"gold_loss":0},{"damage_healed":0,"gold_gain":0,"player_choice":"Embrace Madness","damage_taken":9,"max_hp_gain":0,"max_hp_loss":0,"event_name":"Winding Halls","floor":39,"gold_loss":0,"cards_obtained":["Madness","Madness"]}],"is_beta":false,"boss_relics":[{"not_picked":["conspire:RoyalGoblet","reliquary:Ember"],"picked":"Black Star"},{"not_picked":["halation:Prosthetics","conspire:SpecialSausage"],"picked":"conspire:SeveredTorchhead"}],"items_purged_floors":[4,30,37,46],"is_endless":false,"potions_floor_spawned":[2,5,8,11,14,16,18,24,31,35,36],"ascension_level":0}}