{"host":"ia9e4s524g7bamk7","time":1612950703,"event":{"mods":["AchievementEnabler","BaseMod","Minty Spire (QoL Compilation)","Slay-I"],"gold_per_floor":[110,122,122,140,154,182,182,260,284,302,334,509,203,231,231,328,328,341,352,352,368,379,410,410,437,490,205,205,120,146,146,146,251,251,267,285,285,302,352,379,379,392,418,418,428,452,452,72,72,72,72,72,20,51,51,51],"floor_reached":55,"language":"ENG","playtime":3772,"items_purged":["Doubt","Perfected Strike"],"score":923,"play_id":"281fd199-faaf-49e4-b1e9-c638b559f719","local_time":"20210210105143","is_ascension_mode":true,"campfire_choices":[{"data":"Demon Form","floor":7.0,"key":"SMITH"},{"data":"Armaments","floor":15.0,"key":"SMITH"},{"floor":24.0,"key":"REST"},{"floor":32.0,"key":"REST"},{"floor":41.0,"key":"RECALL"},{"data":"1","floor":44.0,"key":"LIFT"},{"data":"2","floor":49.0,"key":"LIFT"},{"data":"3","floor":52.0,"key":"LIFT"}],"circlet_count":0,"master_deck":["Strike_R","Strike_R","Defend_R","Defend_R","Defend_R","Defend_R","Bash","Immolate","Reckless Charge","Inflame","Demon Form+1","Uppercut","Armaments+1","Battle Trance+1","Barricade","Burning Pact","Body Slam","Inflame+1","Metallicize","Shrug It Off+1","Entrench+1","Limit Break","CurseOfTheBell","Iron Wave+1","Warcry+1","Headbutt+1","Pummel+1","Headbutt+1","Body Slam+1","Warcry+1","Warcry"],"relics":["Burning Blood","Juzu Bracelet","Lantern","Blood Vial","Mummified Hand","Fusion Hammer","Oddly Smooth Stone","Prayer Wheel","Orichalcum","Bird Faced Urn","Gremlin Horn","Tiny Chest","Calling Bell","Pen Nib","Molten Egg 2","Girya","StoneCalendar","Bottled Tornado","MealTicket","Bag of Marbles","Anchor","Strawberry"],"acts_visited":["Exordium","TheCity","TheBeyond","TheEnding"],"potions_floor_usage":[55],"damage_taken":[{"damage":0.0,"enemies":"Cultist","floor":1.0,"turns":2.0},{"damage":0.0,"enemies":"Small Slimes","floor":2.0,"turns":2.0},{"damage":1.0,"enemies":"2 Louse","floor":4.0,"turns":2.0},{"damage":6.0,"enemies":"Exordium Thugs","floor":5.0,"turns":2.0},{"damage":32.0,"enemies":"Gremlin Nob","floor":6.0,"turns":4.0},{"damage":13.0,"enemies":"Red Slaver","floor":10.0,"turns":3.0},{"damage":5.0,"enemies":"3 Sentries","floor":11.0,"turns":3.0},{"damage":26.0,"enemies":"Gremlin Nob","floor":14.0,"turns":4.0},{"damage":27.0,"enemies":"Hexaghost","floor":16.0,"turns":5.0},{"damage":1.0,"enemies":"3 Byrds","floor":18.0,"turns":3.0},{"damage":11.0,"enemies":"2 Thieves","floor":19.0,"turns":2.0},{"damage":9.0,"enemies":"3 Cultists","floor":21.0,"turns":4.0},{"damage":15.0,"enemies":"Cultist and Chosen","floor":22.0,"turns":4.0},{"damage":25.0,"enemies":"Gremlin Leader","floor":23.0,"turns":6.0},{"damage":31.0,"enemies":"Slavers","floor":25.0,"turns":4.0},{"damage":30.0,"enemies":"Gremlin Leader","floor":30.0,"turns":7.0},{"damage":10.0,"enemies":"Automaton","floor":33.0,"turns":7.0},{"damage":7.0,"enemies":"3 Shapes","floor":35.0,"turns":5.0},{"damage":10.0,"enemies":"Orb Walker","floor":36.0,"turns":2.0},{"damage":0.0,"enemies":"4 Shapes","floor":38.0,"turns":3.0},{"damage":49.0,"enemies":"2 Orb Walkers","floor":39.0,"turns":4.0},{"damage":10.0,"enemies":"Nemesis","floor":40.0,"turns":7.0},{"damage":7.0,"enemies":"3 Darklings","floor":42.0,"turns":4.0},{"damage":0.0,"enemies":"Transient","floor":45.0,"turns":5.0},{"damage":49.0,"enemies":"Time Eater","floor":50.0,"turns":6.0},{"damage":72.0,"enemies":"Shield and Spear","floor":54.0,"turns":6.0},{"damage":51,"enemies":"The Heart","floor":55,"turns":2}],"seed_played":"5727699651814630575","potions_obtained":[{"floor":4.0,"key":"PowerPotion"},{"floor":5.0,"key":"Swift Potion"},{"floor":6.0,"key":"DistilledChaos"},{"floor":11.0,"key":"DuplicationPotion"},{"floor":14.0,"key":"FearPotion"},{"floor":16.0,"key":"Fire Potion"},{"floor":18.0,"key":"Strength Potion"},{"floor":22.0,"key":"Weak Potion"},{"floor":33.0,"key":"PowerPotion"},{"floor":38.0,"key":"FearPotion"},{"floor":39.0,"key":"FearPotion"}],"is_trial":false,"path_per_floor":["M","M","?","M","M","E","R","?","T","M","E","?","$","E","R","B",null,"M","M","?","M","M","E","R","E","T","$","?","?","E","?","R","B",null,"M","M","?","M","?","E","R","M","T","R","M","T","?","$","R","B",null,"R","$","E","B"],"character_chosen":"IRONCLAD","items_purchased":["Battle Trance","Blood Vial","Bird Faced Urn","Anchor","Warcry","DistilledChaos","PowerPotion"],"campfire_rested":2,"item_purchase_floors":[13,13,27,48,48,48,53],"current_hp_per_floor":[80,80,80,80,80,54,54,54,54,47,48,48,48,30,30,11,80,80,75,75,74,67,50,74,51,51,51,51,51,39,20,44,54,80,80,76,76,80,41,49,49,54,54,54,70,70,70,80,80,41,80,80,80,29,0,0],"gold":51,"neow_bonus":"TRANSFORM_CARD","is_daily":false,"chose_seed":true,"campfire_upgraded":2,"win_rate":0.0,"timestamp":1612950703,"path_taken":["M","M","?","M","M","E","R","?","T","M","E","?","$","E","R","BOSS","M","M","?","M","M","E","R","E","T","$","?","?","E","?","R","BOSS","M","M","?","M","?","E","R","M","T","R","M","?","?","$","R","BOSS","R","$","E","BOSS"],"items_purchased_type":["Card","Relic","Relic","Relic","Card","Potion","Potion"],"build_version":"2020-12-22","purchased_purges":2,"victory":false,"max_hp_per_floor":[80,80,80,80,80,80,80,80,80,80,80,80,80,80,80,80,80,80,80,80,80,80,80,80,80,80,80,80,80,80,80,80,80,80,80,80,80,80,80,80,80,80,80,80,80,80,80,80,80,80,80,80,80,87,87,87],"card_choices":[{"not_picked":["Headbutt","Evolve"],"picked":"Reckless Charge","floor":1.0},{"not_picked":["Clothesline","Rupture"],"picked":"Perfected Strike","floor":2.0},{"not_picked":["Clothesline","Armaments"],"picked":"Demon Form","floor":4.0},{"not_picked":["Rampage","Pommel Strike","Whirlwind"],"picked":"SKIP","floor":5.0},{"not_picked":["Hemokinesis","Sword Boomerang","Body Slam"],"picked":"SKIP","floor":6.0},{"not_picked":["Headbutt","Clash"],"picked":"Uppercut","floor":10.0},{"not_picked":["Dropkick","Iron Wave"],"picked":"Armaments","floor":11.0},{"not_picked":["Spot Weakness","Armaments","Carnage"],"picked":"SKIP","floor":14.0},{"not_picked":["Offering","Berserk"],"picked":"Barricade","floor":16.0},{"not_picked":["Clothesline","Blood for Blood"],"picked":"Burning Pact","floor":18.0},{"not_picked":["Infernal Blade","Sword Boomerang"],"picked":"Body Slam","floor":19.0},{"not_picked":["True Grit","Clash"],"picked":"Inflame+1","floor":21.0},{"not_picked":["Twin Strike+1","Iron Wave","Infernal Blade"],"picked":"SKIP","floor":22.0},{"not_picked":["Shockwave","Sword Boomerang"],"picked":"Metallicize","floor":23.0},{"not_picked":["Carnage","Sword Boomerang"],"picked":"Shrug It Off+1","floor":25.0},{"not_picked":["Heavy Blade","Feel No Pain"],"picked":"Entrench+1","floor":30.0},{"not_picked":["Demon Form","Juggernaut"],"picked":"Limit Break","floor":33.0},{"not_picked":["Rage","Clash+1"],"picked":"Iron Wave+1","floor":35.0},{"not_picked":["Pommel Strike+1","Infernal Blade+1","Flex"],"picked":"SKIP","floor":35.0},{"not_picked":["Shrug It Off+1","True Grit"],"picked":"Warcry+1","floor":36.0},{"not_picked":["Intimidate+1","Clothesline+1"],"picked":"Headbutt+1","floor":36.0},{"not_picked":["Sever Soul+1","True Grit","Bloodletting"],"picked":"SKIP","floor":38.0},{"not_picked":["Clothesline+1","True Grit+1","Reckless Charge+1"],"picked":"SKIP","floor":38.0},{"not_picked":["Iron Wave+1","Clash+1"],"picked":"Headbutt+1","floor":39.0},{"not_picked":["Offering","Clash+1","Seeing Red+1"],"picked":"SKIP","floor":40.0},{"not_picked":["Flex+1","Infernal Blade"],"picked":"Body Slam+1","floor":42.0},{"not_picked":["Second Wind+1","Carnage+1","Flex+1"],"picked":"SKIP","floor":42.0},{"not_picked":["Exhume","Power Through"],"picked":"Warcry+1","floor":45.0},{"not_picked":["Dual Wield+1","True Grit+1","Body Slam+1"],"picked":"SKIP","floor":45.0},{"not_picked":["Dual Wield","Twin Strike+1","Cleave+1"],"picked":"SKIP","floor":54.0}],"player_experience":299988,"relics_obtained":[{"floor":6.0,"key":"Juzu Bracelet"},{"floor":11.0,"key":"Lantern"},{"floor":14.0,"key":"Mummified Hand"},{"floor":23.0,"key":"Oddly Smooth Stone"},{"floor":25.0,"key":"Prayer Wheel"},{"floor":26.0,"key":"Orichalcum"},{"floor":30.0,"key":"Tiny Chest"},{"floor":34.0,"key":"Pen Nib"},{"floor":34.0,"key":"Molten Egg 2"},{"floor":34.0,"key":"Girya"},{"floor":39.0,"key":"StoneCalendar"},{"floor":40.0,"key":"Bottled Tornado"},{"floor":43.0,"key":"MealTicket"},{"floor":46.0,"key":"Bag of Marbles"},{"floor":54.0,"key":"Strawberry"}],"event_choices":[{"damage_healed":0.0,"max_hp_gain":0.0,"max_hp_loss":0.0,"gold_gain":0.0,"cards_transformed":["Strike_R"],"event_name":"Transmorgrifier","player_choice":"Transformed","floor":3.0,"gold_loss":0.0,"damage_taken":0.0,"cards_obtained":["Inflame"]},{"damage_healed":0.0,"max_hp_gain":0.0,"max_hp_loss":0.0,"gold_gain":78.0,"event_name":"Golden Wing","player_choice":"Gained Gold","floor":8.0,"gold_loss":0.0,"damage_taken":0.0},{"damage_healed":0.0,"max_hp_gain":0.0,"max_hp_loss":0.0,"gold_gain":175.0,"event_name":"Liars Game","player_choice":"AGREE","floor":12.0,"gold_loss":0.0,"damage_taken":0.0,"cards_obtained":["Doubt"]},{"damage_healed":0.0,"max_hp_gain":0.0,"max_hp_loss":0.0,"gold_gain":0.0,"event_name":"N\u0027loth","player_choice":"Ignored","floor":20.0,"gold_loss":0.0,"damage_taken":0.0},{"damage_healed":0.0,"max_hp_gain":0.0,"max_hp_loss":0.0,"gold_gain":0.0,"event_name":"Upgrade Shrine","player_choice":"Upgraded","floor":28.0,"gold_loss":0.0,"damage_taken":0.0,"cards_upgraded":["Battle Trance"]},{"damage_healed":0.0,"max_hp_gain":0.0,"max_hp_loss":0.0,"gold_gain":0.0,"event_name":"Addict","player_choice":"Obtained Relic","floor":29.0,"gold_loss":85.0,"damage_taken":0.0,"relics_obtained":["Gremlin Horn"]},{"damage_healed":0.0,"max_hp_gain":0.0,"max_hp_loss":0.0,"gold_gain":0.0,"event_name":"Knowing Skull","player_choice":"POTION POTION ","floor":31.0,"potions_obtained":["PowerPotion","Ancient Potion"],"gold_loss":0.0,"damage_taken":19.0,"cards_obtained":[]},{"damage_healed":0.0,"max_hp_gain":0.0,"max_hp_loss":0.0,"gold_gain":0.0,"cards_transformed":["Strike_R"],"event_name":"Transmorgrifier","player_choice":"Transformed","floor":37.0,"gold_loss":0.0,"damage_taken":0.0,"cards_obtained":["Pummel"]},{"damage_healed":0.0,"max_hp_gain":0.0,"max_hp_loss":0.0,"gold_gain":0.0,"event_name":"Mysterious Sphere","player_choice":"Fight","floor":39.0,"gold_loss":0.0,"damage_taken":0.0},{"damage_healed":0.0,"max_hp_gain":0.0,"max_hp_loss":0.0,"gold_gain":0.0,"event_name":"Tomb of Lord Red Mask","player_choice":"Ignored","floor":47.0,"gold_loss":0.0,"damage_taken":0.0}],"is_beta":false,"boss_relics":[{"not_picked":["Velvet Choker","Philosopher\u0027s Stone"],"picked":"Fusion Hammer"},{"not_picked":["Pandora\u0027s Box","Runic Dome"],"picked":"Calling Bell"}],"items_purged_floors":[13,48],"is_endless":false,"potions_floor_spawned":[4,5,6,11,14,16,18,22,33,38,39],"killed_by":"The Heart","ascension_level":4}}