{"host":"s21r9c1cdih2g0le","time":1612955135,"event":{"mods":["BaseMod","BetterRewards","Colored Map","Conspire","Downfall","Energized Spire","Friendly Minions","GifTheSpireLib","Infinite Spire","Ironclad Rager","Mimic Mod","Minty Spire (QoL Compilation)","Replay The Spire","StSLib","Stuff the Spire","SuperFastMode","The Mystic","Wandering Minibosses"],"gold_per_floor":[99,110,20,20,36,36,72,99,112,12,12,12,46,46,64,162,162,62,79,91,91,110,110,110,137,37,48,68,94,114,134,144,246,246,246,263,263,314,314,314,363,363,363,380,241,271,271,106,150,160,160,200,27,27,35,47,47,47],"floor_reached":56,"language":"ENG","playtime":4453,"items_purged":["bronze:Goto","StuffTheSpire:CuriosityCurse"],"score":922,"play_id":"ebc4f2e0-962e-45ef-a6fe-05e6776f1cc9","local_time":"20210210120535","is_ascension_mode":false,"campfire_choices":[{"floor":1,"key":"RECALL"},{"data":"bronze:ClassDefault","floor":6,"key":"SMITH"},{"data":"bronze:Repair","floor":10,"key":"SMITH"},{"floor":12,"key":"REST"},{"data":"bronze:Strike","floor":18,"key":"PURGE"},{"data":"bronze:Verify","floor":26,"key":"SMITH"},{"data":"bronze:Strike","floor":35,"key":"PURGE"},{"data":"bronze:Verify","floor":40,"key":"SMITH"},{"floor":43,"key":"REST"},{"data":"bronze:Repulsor","floor":47,"key":"SMITH"},{"floor":54,"key":"REST"}],"circlet_count":0,"master_deck":["bronze:Defend","bronze:Defend","bronze:Defend","bronze:Replicate","bronze:WhirlingStrike","bronze:DelayedSlice","bronze:ClassDefault+1","bronze:WildBeam","bronze:Separator","bronze:Repair+1","bronze:TinkerersToolbox","bronze:InfiniteBeams","bronze:Verify+1","bronze:ChildClass","bronze:DelayedSlice","bronze:CloningBeam","bronze:ChildClass+1","bronze:Return","bronze:DelayedSlice","bronze:InfiniteBeams+1","bronze:Verify+1","bronze:InfiniteBeams","bronze:Philosophize+1","bronze:Return+1","bronze:Terminator+1","bronze:Iterate","bronze:Repulsor+1","bronze:Optimize+1","bronze:FollowUp+1","bronze:Iterate","bronze:Branch","ReplayTheSpireMod:Brewmster"],"relics":["bronze:PlatinumCore","Matryoshka","Potion Belt","downfall:HeartBlessingRed","Replay:Ringing Soul","downfall:HeartBlessingGreen","MealTicket","downfall:HeartBlessingBlue","Replay:Bottled Flurry","Honey Jar","infinitespire:Midas Blood","StuffTheSpire:GrapeVine","Smiling Mask","infinitespire:Beetle Shell","Nunchaku","Replay:Arrowhead"],"acts_visited":["Exordium","TheCity","TheBeyond","TheEnding"],"potions_floor_usage":[36,38,50,50,50,55,55,55,55,56,56,56,56],"damage_taken":[{"damage":0,"enemies":"2 Louse","floor":2,"turns":3},{"damage":0,"enemies":"downfall:FleeingMerchant","floor":3,"turns":4},{"damage":2,"enemies":"conspire:RoseBush","floor":5,"turns":3},{"damage":45,"enemies":"Small Slimes","floor":7,"turns":8},{"damage":14,"enemies":"Gremlin Nob","floor":8,"turns":3},{"damage":0,"enemies":"Small Slimes","floor":9,"turns":1},{"damage":17,"enemies":"Lagavulin","floor":13,"turns":6},{"damage":2,"enemies":"2 Fungi Beasts","floor":15,"turns":4},{"damage":62,"enemies":"DF_ARCHETYPE_STREAMLINE","floor":16,"turns":7},{"damage":0,"enemies":"3 Byrds","floor":19,"turns":4},{"damage":8,"enemies":"conspire:FuzzyDice","floor":20,"turns":4},{"damage":3,"enemies":"3 Cultists","floor":22,"turns":4},{"damage":15,"enemies":"conspire:Head Lice","floor":25,"turns":6},{"damage":21,"enemies":"Snake Plant","floor":27,"turns":5},{"damage":24,"enemies":"Snecko","floor":28,"turns":6},{"damage":19,"enemies":"Slavers","floor":29,"turns":5},{"damage":19,"enemies":"Shelled Parasite and Fungi","floor":30,"turns":3},{"damage":12,"enemies":"Centurion and Healer","floor":31,"turns":6},{"damage":8,"enemies":"conspire:HollyBat","floor":32,"turns":10},{"damage":39,"enemies":"WA_ARCHETYPE_CALM","floor":33,"turns":10},{"damage":59,"enemies":"3 Shapes","floor":36,"turns":6},{"damage":48,"enemies":"conspire:MimicChest","floor":38,"turns":10},{"damage":32,"enemies":"Orb Walker","floor":41,"turns":7},{"damage":38,"enemies":"Orb Walker","floor":44,"turns":4},{"damage":0,"enemies":"downfall:FleeingMerchant","floor":45,"turns":4},{"damage":37,"enemies":"3 Darklings","floor":46,"turns":3},{"damage":0,"enemies":"downfall:FleeingMerchant","floor":48,"turns":4},{"damage":65,"enemies":"4 Shapes","floor":49,"turns":4},{"damage":125,"enemies":"SI_POISON_ARCHETYPE","floor":50,"turns":6},{"damage":156,"enemies":"downfall:CharBossMerchant","floor":52,"turns":9},{"damage":52,"enemies":"downfall:NeowBoss","floor":55,"turns":11},{"damage":66,"enemies":"downfall:NeowBossFinal","floor":56,"turns":4}],"seed_played":"-1118665138747156057","potions_obtained":[{"floor":5,"key":"Dexterity Potion"},{"floor":8,"key":"Reflective Coating"},{"floor":13,"key":"DuplicationPotion"},{"floor":15,"key":"Strength Potion"},{"floor":25,"key":"Toxic Potion"},{"floor":28,"key":"FairyPotion"},{"floor":31,"key":"LifebloodPotion"},{"floor":32,"key":"AttackPotion"},{"floor":33,"key":"PowerPotion"},{"floor":44,"key":"Death Potion"},{"floor":49,"key":"champ:CounterPotion"}],"is_trial":false,"path_per_floor":["R","M","$","?","M","R","MIM","E","M","R","?","R","E","?","M","B",null,"R_BF","M","M","?","M","?","T","E","R","M","M","E","M","M","M","B",null,"R_BF","M","?","?","?","R","MIM","?","R","M","$","M","R","$","M","B",null,"E","$","R","B","B"],"character_chosen":"THE_AUTOMATON","items_purchased":["bronze:Repulsor","Nunchaku","ReplayTheSpireMod:Brewmster"],"campfire_rested":3,"item_purchase_floors":[45,48,53],"current_hp_per_floor":[70,70,70,70,68,68,23,9,9,9,9,30,46,46,67,18,79,79,82,74,74,82,82,82,88,98,101,100,94,75,95,107,81,113,113,77,77,64,64,64,65,68,105,80,118,84,84,112,50,78,140,19,37,80,38,0,0,0],"gold":47,"neow_bonus":"REMOVE_CARD","is_daily":false,"chose_seed":false,"campfire_upgraded":5,"win_rate":0.0,"timestamp":1612955135,"path_taken":["R","M","$","?","M","R","MIM","E","M","R","?","R","E","?","M","BOSS","R_BF","M","M","?","?","?","T","E","R","M","?","E","M","M","M","BOSS","R_BF","M","?","?","?","R","MIM","?","R","M","$","M","R","$","M","BOSS","E","$","R","BOSS","BOSS"],"items_purchased_type":["Card","Relic","Card"],"build_version":"2020-12-22","purchased_purges":2,"victory":false,"max_hp_per_floor":[70,70,70,70,70,70,70,70,70,70,70,70,73,73,76,79,79,79,82,82,82,85,85,85,88,98,101,104,107,107,107,110,113,113,113,116,116,119,119,119,122,125,125,128,131,134,134,137,140,140,140,143,146,146,146,146,146,146],"card_choices":[{"not_picked":["bronze:DarkDash","bronze:BitShift"],"picked":"bronze:WhirlingStrike","floor":2},{"not_picked":["bronze:Invalidate","bronze:Deprecate"],"picked":"bronze:DelayedSlice","floor":3},{"not_picked":["bronze:Iterate","bronze:Turbo"],"picked":"bronze:ClassDefault","floor":5},{"not_picked":["bronze:DelayedSlice","bronze:BugBarrage"],"picked":"bronze:WildBeam","floor":7},{"not_picked":["bronze:Shield","bronze:Fortify"],"picked":"bronze:Separator","floor":8},{"not_picked":["bronze:BuggyMess","bronze:Deprecate"],"picked":"bronze:Repair","floor":9},{"not_picked":["bronze:Overheat","bronze:ThunderWave"],"picked":"bronze:TinkerersToolbox","floor":13},{"not_picked":["bronze:CutThrough","bronze:Safeguard"],"picked":"bronze:InfiniteBeams","floor":15},{"not_picked":["bronze:TinkerersToolbox","bronze:Assembly"],"picked":"bronze:Verify","floor":16},{"not_picked":["bronze:Shield","bronze:Turbo"],"picked":"bronze:ChildClass","floor":19},{"not_picked":["bronze:CutThrough","bronze:Overheat","bronze:Shell"],"picked":"SKIP","floor":20},{"not_picked":["bronze:DigitalCarnage","bronze:Frontload+1"],"picked":"bronze:DelayedSlice","floor":22},{"not_picked":["bronze:DigitalCarnage","bronze:CleanCode"],"picked":"bronze:CloningBeam","floor":25},{"not_picked":["bronze:CutThrough","bronze:Shield"],"picked":"bronze:ChildClass+1","floor":27},{"not_picked":["bronze:Backtrace","bronze:Repulsor"],"picked":"bronze:Return","floor":28},{"not_picked":["bronze:OilSpill","bronze:Deprecate"],"picked":"bronze:DelayedSlice","floor":29},{"not_picked":["bronze:Allocate","bronze:Invalidate+1","bronze:BitShift"],"picked":"SKIP","floor":30},{"not_picked":["bronze:Repulsor","bronze:BitShift","bronze:Separator"],"picked":"SKIP","floor":31},{"not_picked":["bronze:Separator+1","bronze:Format"],"picked":"bronze:InfiniteBeams+1","floor":32},{"not_picked":["bronze:ThunderWave","bronze:Library"],"picked":"bronze:Verify","floor":33},{"not_picked":["bronze:Invalidate+1","bronze:Separator+1","bronze:ForLoop+1"],"picked":"bronze:InfiniteBeams","floor":36},{"not_picked":["bronze:DigitalCarnage","bronze:Branch","bronze:BugBarrage+1"],"picked":"bronze:Philosophize+1","floor":38},{"not_picked":["bronze:Deprecate+1","bronze:Overheat+1","bronze:FollowUp"],"picked":"bronze:Return+1","floor":41},{"not_picked":["bronze:Turbo","bronze:WhirlingStrike","bronze:Iterate"],"picked":"bronze:Terminator+1","floor":44},{"not_picked":["bronze:Frontload","bronze:DelayedGuard+1","bronze:Separator"],"picked":"bronze:Iterate","floor":45},{"not_picked":["bronze:GetLatest","bronze:Constructor","bronze:CutThrough+1"],"picked":"bronze:Optimize+1","floor":46},{"not_picked":["bronze:DigitalCarnage","bronze:Iterate","bronze:GetLatest+1"],"picked":"bronze:FollowUp+1","floor":48},{"not_picked":["bronze:Invalidate+1","bronze:FineTuning","bronze:CutThrough"],"picked":"bronze:Iterate","floor":49},{"not_picked":["bronze:CutThrough+1","bronze:Overheat+1","bronze:Turbo"],"picked":"bronze:Branch","floor":52}],"player_experience":338571,"relics_obtained":[{"floor":7,"key":"Matryoshka"},{"floor":8,"key":"Potion Belt"},{"floor":13,"key":"Replay:Ringing Soul"},{"floor":24,"key":"MealTicket"},{"floor":29,"key":"Replay:Bottled Flurry"},{"floor":38,"key":"infinitespire:Midas Blood"},{"floor":41,"key":"StuffTheSpire:GrapeVine"},{"floor":41,"key":"Smiling Mask"},{"floor":52,"key":"Replay:Arrowhead"}],"event_choices":[{"cards_removed":["bronze:Strike"],"damage_healed":0,"gold_gain":0,"player_choice":"Forget","damage_taken":0,"max_hp_gain":0,"max_hp_loss":0,"event_name":"Living Wall","floor":11,"gold_loss":0}],"is_beta":false,"boss_relics":[{"not_picked":["Fusion Hammer","Pandora\u0027s Box"],"picked":"bronze:PlatinumCore"},{"not_picked":["Calling Bell","StuffTheSpire:RunicHypercube"],"picked":"Honey Jar"}],"items_purged_floors":[3,45],"is_endless":false,"potions_floor_spawned":[5,8,13,15,25,28,30,31,32,33,44,49],"killed_by":"downfall:NeowBossFinal","ascension_level":0}}