{"host":"uv5ws9rdk87e8i5k","time":1612963230,"event":{"mods":["AchievementEnabler","BaseMod","Colored Map","Minty Spire (QoL Compilation)","Permanent Neow","Quick Restart","StSLib","SuperFastMode","The Necromancer"],"gold_per_floor":[15,34,34,51,63,63,97,97,97,97,110,135,153,169,169,169,169],"floor_reached":16,"language":"ENG","playtime":235,"items_purged":[],"score":177,"play_id":"d03ef417-8298-44a1-b157-e7dddbd9cb7a","local_time":"20210210072030","is_ascension_mode":true,"campfire_choices":[{"data":"Demon Form","floor":6.0,"key":"SMITH"},{"data":"Infernal Blade","floor":8.0,"key":"SMITH"},{"data":"Dual Wield","floor":10.0,"key":"SMITH"},{"data":"1","floor":15,"key":"LIFT"}],"circlet_count":0,"master_deck":["AscendersBane","Strike_R","Strike_R","Strike_R","Strike_R","Strike_R","Defend_R","Defend_R","Defend_R","Defend_R","Bash","Immolate+1","Cleave","Dual Wield+1","Demon Form+1","Infernal Blade+1","Battle Trance","Shrug It Off","Burning Pact"],"relics":["Burning Blood","Anchor","Bottled Flame","Girya"],"acts_visited":["Exordium"],"potions_floor_usage":[12,16],"damage_taken":[{"damage":3.0,"enemies":"Small Slimes","floor":1.0,"turns":2.0},{"damage":0.0,"enemies":"2 Louse","floor":2.0,"turns":1.0},{"damage":12.0,"enemies":"Jaw Worm","floor":4.0,"turns":2.0},{"damage":18.0,"enemies":"Red Slaver","floor":5.0,"turns":5.0},{"damage":25.0,"enemies":"Lagavulin","floor":7.0,"turns":7.0},{"damage":3.0,"enemies":"Blue Slaver","floor":11.0,"turns":3.0},{"damage":35,"enemies":"Gremlin Nob","floor":12,"turns":4},{"damage":0,"enemies":"2 Fungi Beasts","floor":13,"turns":1},{"damage":0,"enemies":"Exordium Wildlife","floor":14,"turns":1},{"damage":28,"enemies":"The Guardian","floor":16,"turns":6}],"seed_played":"2085093142712264665","potions_obtained":[{"floor":4.0,"key":"Ancient Potion"},{"floor":11.0,"key":"LiquidBronze"},{"floor":12,"key":"Ancient Potion"}],"is_trial":false,"path_per_floor":["M","M","?","M","M","R","E","R","T","R","M","E","M","M","R","B"],"character_chosen":"IRONCLAD","items_purchased":[],"campfire_rested":0,"item_purchase_floors":[],"current_hp_per_floor":[75,80,80,74,62,62,43,43,43,43,46,17,23,29,29,1,1],"gold":169,"neow_bonus":"THREE_RARE_CARDS","is_daily":false,"chose_seed":false,"campfire_upgraded":3,"win_rate":0.0,"timestamp":1612963230,"path_taken":["M","M","?","M","M","R","E","R","T","R","M","E","M","M","R","BOSS"],"items_purchased_type":[],"build_version":"2020-12-22","purchased_purges":0,"victory":false,"max_hp_per_floor":[80,80,80,80,80,80,80,80,80,80,80,80,80,80,80,80,80],"card_choices":[{"not_picked":["Double Tap","Limit Break"],"picked":"Immolate","floor":0.0},{"not_picked":["Twin Strike","Dropkick"],"picked":"Cleave","floor":1.0},{"not_picked":["Iron Wave","Thunderclap"],"picked":"Dual Wield","floor":2.0},{"not_picked":["Anger","Thunderclap","Dual Wield"],"picked":"SKIP","floor":4.0},{"not_picked":["Inflame","Shockwave"],"picked":"Demon Form","floor":5.0},{"not_picked":["Metallicize","Barricade"],"picked":"Infernal Blade","floor":7.0},{"not_picked":["Shockwave","Armaments"],"picked":"Battle Trance","floor":11.0},{"not_picked":["Metallicize","Flex"],"picked":"Shrug It Off","floor":12},{"not_picked":["Rampage","Disarm","Evolve"],"picked":"SKIP","floor":13},{"not_picked":["Armaments","Clothesline"],"picked":"Burning Pact","floor":14}],"player_experience":156798,"relics_obtained":[{"floor":7.0,"key":"Anchor"},{"floor":9.0,"key":"Bottled Flame"},{"floor":12,"key":"Girya"}],"event_choices":[{"damage_healed":0.0,"max_hp_gain":0.0,"max_hp_loss":0.0,"gold_gain":0.0,"event_name":"Living Wall","player_choice":"Grow","floor":3.0,"gold_loss":0.0,"damage_taken":0.0,"cards_upgraded":["Immolate"]}],"is_beta":false,"boss_relics":[],"items_purged_floors":[],"is_endless":false,"potions_floor_spawned":[4,11,12],"killed_by":"The Guardian","ascension_level":11}}