{"host":"tgnam0g96qraiyqx","time":1612960808,"event":{"mods":["Always Whale","Aspiration","Astrologer","Bard","BaseMod","Beaked The Cultist","BetterRewards","Colored Map","Colored Powertips","Downfall","Energized Spire","HexUI Lib","Highlight Path","Hubris","Minty Spire (QoL Compilation)","Replay The Spire","Shop Mod","StSLib","The Jungle"],"gold_per_floor":[99,115,135,135,155,155,155],"floor_reached":6,"language":"FRA","playtime":576,"items_purged":[],"score":36,"play_id":"98fc824b-27bf-46c7-9237-1b6f80b46d75","local_time":"20210210134008","is_ascension_mode":false,"campfire_choices":[{"data":"bard:Inspire","floor":1,"key":"SMITH"}],"circlet_count":0,"master_deck":["bard:Strike","bard:Strike","bard:Strike","bard:Defend","bard:Defend","bard:Defend","bard:Riposte","bard:Inspire+1","bard:Solo","bard:FalseLife","bard:SixFourTime","bard:MantleOfInspiration"],"relics":["bard:PitchPipe","bard:BagPipes"],"acts_visited":["Exordium"],"potions_floor_usage":[6],"damage_taken":[{"damage":7,"enemies":"Jaw Worm","floor":2,"turns":4},{"damage":0,"enemies":"Cultist","floor":3,"turns":7},{"damage":0,"enemies":"Small Slimes","floor":5,"turns":6},{"damage":23,"enemies":"3 Sentries","floor":6,"turns":10}],"seed_played":"-2082566962269741287","potions_obtained":[{"floor":5,"key":"SkillPotion"}],"is_trial":false,"path_per_floor":["R","M","M","?","M","E"],"character_chosen":"BARD","items_purchased":[],"campfire_rested":0,"item_purchase_floors":[],"current_hp_per_floor":[70,63,63,63,63,40,40],"gold":155,"neow_bonus":"TRANSFORM_CARD","is_daily":false,"chose_seed":false,"campfire_upgraded":1,"win_rate":0.0,"timestamp":1612960808,"path_taken":["R","M","M","?","?","E"],"items_purchased_type":[],"build_version":"2020-12-22","purchased_purges":0,"victory":false,"max_hp_per_floor":[70,70,70,70,70,70,70],"card_choices":[{"not_picked":["bard:Gamble","bard:LocateObject"],"picked":"bard:FalseLife","floor":2},{"not_picked":["bard:ViciousMockery","bard:TinyHut"],"picked":"bard:SixFourTime","floor":3},{"not_picked":["bard:DervishDance","bard:ViciousMockery"],"picked":"bard:MantleOfInspiration","floor":5}],"player_experience":925636,"relics_obtained":[],"event_choices":[{"cards_removed":["bard:Defend"],"damage_healed":0,"gold_gain":0,"player_choice":"Offered Basic","damage_taken":0,"max_hp_gain":0,"max_hp_loss":0,"event_name":"Bonfire Elementals","floor":4,"gold_loss":0}],"is_beta":false,"boss_relics":[],"items_purged_floors":[],"is_endless":false,"potions_floor_spawned":[5],"killed_by":"3 Sentries","ascension_level":0}}