{"host":"121m0oxswv9tg9hk","time":1612976926,"event":{"mods":["AchievementEnabler","BaseMod","Better Third Choice","Downfall","Minty Spire (QoL Compilation)","StSLib"],"gold_per_floor":[99,112,112,112,127,155,229,15,29,62,62,91,91,102,121,194,194,94,110,129,129,229,247,247,278,278,308,308,308,343,356,375,446,446,446,331,341,341,150,150,150,50,63,92,111,111,11,46,64,64,64,90,4,4,4,4,4,4],"floor_reached":56,"language":"ENG","playtime":7857,"items_purged":["Slimebound:Defend_Slimebound","Slimebound:CorrosiveSpit","Slimebound:Nibble"],"score":1383,"play_id":"f3d735b6-82c2-442d-a40d-b424c2c11ea0","local_time":"20210210180846","is_ascension_mode":true,"campfire_choices":[{"data":"Dramatic Entrance","floor":1,"key":"SMITH"},{"data":"Slimebound:Split","floor":13,"key":"SMITH"},{"data":"Slimebound:MegaLick","floor":18,"key":"SMITH"},{"floor":26,"key":"REST"},{"data":"Slimebound:TongueLash","floor":28,"key":"SMITH"},{"floor":35,"key":"RECALL"},{"data":"Slimebound:Recycling","floor":42,"key":"SMITH"},{"data":"Slimebound:Repurpose","floor":47,"key":"SMITH"},{"floor":54,"key":"REST"}],"circlet_count":0,"master_deck":["AscendersBane","Slimebound:Split+1","Dramatic Entrance+1","Slimebound:SlimeSpikes","Slimebound:MegaLick+1","Slimebound:Dissolve","Slimebound:SlimeSpikes","Slimebound:SplitAcid","Slimebound:Schlurp","Slimebound:ItLooksTasty","Slimebound:Equalize","Slimebound:GrowthPunch","Slimebound:SplitSpecialist","Slimebound:SplitAcid","Slimebound:ItLooksTasty","Slimebound:Recycling+1","Slimebound:Schlurp","Slimebound:ComboTackle","Slimebound:ProtectTheBoss","Slimebound:GrowthPunch","Slimebound:TongueLash+1","Slimebound:Repurpose+1","Slimebound:PressTheAttack","Slimebound:SlimeTap","Slimebound:Recycling","Slimebound:TongueLash+1","downfall:Aged","Slimebound:ComboTackle","Slimebound:Gluttony+1","Slimebound:Equalize","Slimebound:SplitLeeching","Slimebound:LeadByExample","Slimebound:FinishingTackle"],"relics":["Slimebound:AbsorbEndCombat","Mercury Hourglass","Incense Burner","Pear","downfall:ShatteredFragment","StoneCalendar","Pandora\u0027s Box","downfall:HeartBlessingGreen","downfall:RedIOU","Pocketwatch","Meat on the Bone","Blue Candle","Happy Flower","Guardian:PocketSentry","hexamod:BolsterEngine","Cursed Key","Slimebound:SelfDamagePreventRelic","Bottled Lightning","downfall:HeartBlessingRed","bronze:DecasWashers","downfall:HeartBlessingBlue","Turnip","Orichalcum"],"acts_visited":["Exordium","TheCity","TheBeyond","TheEnding"],"potions_floor_usage":[6,10,16,16,20,33,55,55,56,56],"damage_taken":[{"damage":0,"enemies":"Small Slimes","floor":2,"turns":2},{"damage":0,"enemies":"2 Louse","floor":5,"turns":1},{"damage":8,"enemies":"3 Sentries","floor":6,"turns":5},{"damage":0,"enemies":"downfall:FleeingMerchant","floor":8,"turns":4},{"damage":0,"enemies":"Jaw Worm","floor":9,"turns":2},{"damage":8,"enemies":"Lagavulin","floor":10,"turns":6},{"damage":0,"enemies":"3 Sentries","floor":12,"turns":3},{"damage":11,"enemies":"Red Slaver","floor":14,"turns":3},{"damage":19,"enemies":"Large Slime","floor":15,"turns":4},{"damage":7,"enemies":"SI_SHIV_ARCHETYPE","floor":16,"turns":6},{"damage":0,"enemies":"Spheric Guardian","floor":19,"turns":3},{"damage":0,"enemies":"3 Byrds","floor":20,"turns":2},{"damage":0,"enemies":"WA_ARCHETYPE_RETAIN","floor":22,"turns":4},{"damage":13,"enemies":"Shelled Parasite and Fungi","floor":23,"turns":4},{"damage":36,"enemies":"Book of Stabbing","floor":25,"turns":5},{"damage":18,"enemies":"Gremlin Leader","floor":27,"turns":5},{"damage":19,"enemies":"Slavers","floor":30,"turns":4},{"damage":2,"enemies":"Snecko","floor":31,"turns":4},{"damage":0,"enemies":"Centurion and Healer","floor":32,"turns":4},{"damage":29,"enemies":"DF_ARCHETYPE_CLAW","floor":33,"turns":7},{"damage":8,"enemies":"downfall:FleeingMerchant","floor":36,"turns":4},{"damage":28,"enemies":"3 Darklings","floor":37,"turns":3},{"damage":15,"enemies":"3 Darklings","floor":38,"turns":4},{"damage":0,"enemies":"downfall:FleeingMerchant","floor":39,"turns":4},{"damage":4,"enemies":"3 Shapes","floor":43,"turns":2},{"damage":29,"enemies":"Nemesis","floor":44,"turns":5},{"damage":4,"enemies":"Writhing Mass","floor":45,"turns":5},{"damage":1,"enemies":"Giant Head","floor":48,"turns":6},{"damage":1,"enemies":"4 Shapes","floor":49,"turns":3},{"damage":13,"enemies":"IC_BLOCK_ARCHETYPE","floor":50,"turns":7},{"damage":92,"enemies":"downfall:CharBossMerchant","floor":52,"turns":8},{"damage":12,"enemies":"downfall:NeowBoss","floor":55,"turns":13},{"damage":96,"enemies":"downfall:NeowBossFinal","floor":56,"turns":9}],"seed_played":"8262603194921461202","potions_obtained":[{"floor":5,"key":"Swift Potion"},{"floor":9,"key":"Block Potion"},{"floor":12,"key":"PowerPotion"},{"floor":14,"key":"Dexterity Potion"},{"floor":16,"key":"GamblersBrew"},{"floor":23,"key":"Strength Potion"},{"floor":25,"key":"LiquidMemories"},{"floor":33,"key":"EntropicBrew"},{"floor":52,"key":"Guardian:BlockOnCardUsePotion"}],"is_trial":false,"path_per_floor":["R","M","?","?","M","E","T","$","M","E","?","E","R","M","M","B",null,"R","M","M","?","?","M","T","E","R","E","R","?","E","M","M","B",null,"R","$","M","?","$","?","T","R","M","E","M","?","R","E","M","B",null,"E","$","R","B","B"],"character_chosen":"SLIMEBOUND","items_purchased":["Slimebound:SplitAcid","Slimebound:Schlurp","Slimebound:ItLooksTasty","Slimebound:SelfDamagePreventRelic","Bottled Lightning","Slimebound:LeadByExample","Slimebound:FinishingTackle"],"campfire_rested":2,"item_purchase_floors":[8,8,8,39,39,53,53],"current_hp_per_floor":[59,61,61,49,49,49,59,67,69,82,64,66,66,57,48,57,76,76,82,82,82,82,73,73,45,69,67,67,67,52,64,80,63,77,77,74,62,63,73,73,73,73,80,67,79,79,89,92,91,88,91,31,31,58,66,0,0,0],"gold":4,"neow_bonus":"RANDOM_COLORLESS","is_daily":false,"chose_seed":false,"campfire_upgraded":6,"win_rate":0.0,"timestamp":1612976926,"path_taken":["R","M","?","?","M","E","T","?","?","E","?","E","R","M","M","BOSS","R","M","M","?","?","M","T","E","R","E","R","?","E","?","M","BOSS","R","$","?","?","$","?","T","R","M","E","?","?","R","E","M","BOSS","E","$","R","BOSS","BOSS"],"items_purchased_type":["Card","Card","Card","Relic","Relic","Card","Card"],"build_version":"2020-12-22","purchased_purges":3,"victory":false,"max_hp_per_floor":[65,65,65,65,65,65,75,75,75,82,82,82,82,82,82,82,82,82,82,82,82,82,82,82,82,82,82,82,82,82,82,82,82,82,82,82,82,82,82,82,82,82,82,82,82,82,92,92,92,92,92,92,92,92,92,92,92,92],"card_choices":[{"not_picked":["Forethought","Impatience"],"picked":"Dramatic Entrance","floor":0},{"not_picked":["Slimebound:SplitAcid","Slimebound:Equalize"],"picked":"Slimebound:SlimeSpikes","floor":2},{"not_picked":["Slimebound:RollThrough","Slimebound:ProtectTheBoss"],"picked":"Slimebound:MegaLick","floor":5},{"not_picked":["Slimebound:PressTheAttack","Slimebound:SamplingLick"],"picked":"Slimebound:Dissolve","floor":6},{"not_picked":["Slimebound:ItLooksTasty","Slimebound:LivingWall"],"picked":"Slimebound:SlimeSpikes","floor":8},{"not_picked":["Slimebound:PressTheAttack","Slimebound:SplitLeeching"],"picked":"Slimebound:Equalize","floor":9},{"not_picked":["Slimebound:Chomp","Slimebound:SlimeTap"],"picked":"Slimebound:GrowthPunch","floor":10},{"not_picked":["Slimebound:AcidTongue","Slimebound:SplitBruiser"],"picked":"Slimebound:SplitSpecialist","floor":12},{"not_picked":["Slimebound:GoopSpray","Slimebound:SplitLeeching"],"picked":"Slimebound:SplitAcid","floor":14},{"not_picked":["Slimebound:FinishingTackle","Slimebound:ServeAndProtect"],"picked":"Slimebound:ItLooksTasty","floor":15},{"not_picked":["Slimebound:DouseInSlime","Slimebound:MinionMaster"],"picked":"Slimebound:Recycling","floor":16},{"not_picked":["Slimebound:Equalize","Slimebound:ComboTackle+1","Slimebound:SamplingLick+1"],"picked":"SKIP","floor":19},{"not_picked":["Slimebound:SamplingLick","Slimebound:SplitAcid","Slimebound:FlameTackle"],"picked":"SKIP","floor":20},{"not_picked":["Slimebound:LeechEnergy","Slimebound:LeechingTouch","Slimebound:SlimeSpikes"],"picked":"SKIP","floor":23},{"not_picked":["Slimebound:LeechEnergy","Slimebound:SplitAcid","Slimebound:Schlurp"],"picked":"SKIP","floor":25},{"not_picked":["Slimebound:RallyTheTroops","Slimebound:SplitMire"],"picked":"Slimebound:TongueLash","floor":27},{"not_picked":["Slimebound:RollThrough","Slimebound:SplitAcid","Slimebound:SlimeBrawl"],"picked":"SKIP","floor":30},{"not_picked":["Slimebound:LivingWall","Slimebound:ProtectTheBoss"],"picked":"Slimebound:PressTheAttack","floor":31},{"not_picked":["Slimebound:ItLooksTasty","Slimebound:DivideAndConquer"],"picked":"Slimebound:SlimeTap","floor":32},{"not_picked":["Slimebound:OozeBath","Slimebound:FirmFortitude"],"picked":"Slimebound:Recycling","floor":33},{"not_picked":["Slimebound:HauntingLick","Slimebound:DisruptingSlam","Slimebound:GoopSpray+1"],"picked":"SKIP","floor":36},{"not_picked":["Slimebound:ComboTackle","Slimebound:Prepare+1","Slimebound:PressTheAttack"],"picked":"SKIP","floor":37},{"not_picked":["Slimebound:ViciousTackle+1","Slimebound:Schlurp"],"picked":"Slimebound:TongueLash+1","floor":39},{"not_picked":["Slimebound:ItLooksTasty+1","Slimebound:RollThrough+1","Slimebound:SlimeBarrage"],"picked":"SKIP","floor":43},{"not_picked":["Slimebound:FlameTackle","Slimebound:TongueLash","Slimebound:Nibble"],"picked":"SKIP","floor":44},{"not_picked":["Slimebound:Prepare","Slimebound:BestDefense"],"picked":"Slimebound:ComboTackle","floor":45},{"not_picked":["Slimebound:MassFeed","Slimebound:SplitMire"],"picked":"Slimebound:Gluttony+1","floor":48},{"not_picked":["Slimebound:SplitAcid+1","Slimebound:HauntingLick"],"picked":"Slimebound:Equalize","floor":49},{"not_picked":["Slimebound:SplitBruiser","Slimebound:LevelUp"],"picked":"Slimebound:SplitLeeching","floor":52}],"player_experience":2669943,"relics_obtained":[{"floor":6,"key":"Incense Burner"},{"floor":7,"key":"Pear"},{"floor":10,"key":"Strawberry"},{"floor":12,"key":"StoneCalendar"},{"floor":22,"key":"Pocketwatch"},{"floor":22,"key":"Meat on the Bone"},{"floor":24,"key":"Blue Candle"},{"floor":25,"key":"Happy Flower"},{"floor":27,"key":"Guardian:PocketSentry"},{"floor":30,"key":"hexamod:BolsterEngine"},{"floor":44,"key":"bronze:DecasWashers"},{"floor":48,"key":"Turnip"},{"floor":52,"key":"Orichalcum"}],"event_choices":[{"cards_removed":["Slimebound:Defend_Slimebound"],"damage_healed":0,"gold_gain":0,"player_choice":"Card Removal","damage_taken":0,"max_hp_gain":0,"max_hp_loss":0,"event_name":"The Cleric","floor":3,"gold_loss":0},{"damage_healed":0,"gold_gain":0,"player_choice":"Success","damage_taken":12,"relics_obtained":["Mercury Hourglass"],"max_hp_gain":0,"max_hp_loss":0,"event_name":"Scrap Ooze","floor":4,"gold_loss":0},{"damage_healed":0,"gold_gain":0,"player_choice":"Ignored","damage_taken":0,"max_hp_gain":0,"max_hp_loss":0,"event_name":"Mysterious Sphere","floor":40,"gold_loss":0}],"is_beta":false,"boss_relics":[{"not_picked":["SlaversCollar","Philosopher\u0027s Stone"],"picked":"Pandora\u0027s Box"},{"not_picked":["Black Star","sneckomod:SneckoTalon"],"picked":"Cursed Key"}],"items_purged_floors":[8,36,39],"is_endless":false,"potions_floor_spawned":[5,9,12,14,16,23,25,30,31,33,37,44,45,48,52],"killed_by":"downfall:NeowBossFinal","ascension_level":13}}