{"host":"sav7uxregyirlf69","time":1612944378,"event":{"mods":["AchievementEnabler","BaseMod","Colored Map","DeckTracker","Keyboard Shortcuts","Minty Spire (QoL Compilation)","READ ME - Guardian Mod","StSLib","SuperFastMode"],"gold_per_floor":[109,58,70,70,82,82,100,133,133,133,133,168,168,178,178,249,249,266,316,231,231,243,243,243],"floor_reached":23,"language":"KOR","playtime":374,"items_purged":[],"score":448,"play_id":"886ec9bb-49d0-4170-b787-c266bc05638f","local_time":"20210210170618","is_ascension_mode":true,"campfire_choices":[{"data":"Neutralize","floor":6,"key":"SMITH"},{"floor":10,"key":"REST"},{"data":"Noxious Fumes","floor":13,"key":"SMITH"},{"data":"Backflip","floor":15,"key":"SMITH"}],"circlet_count":0,"master_deck":["AscendersBane","Strike_G","Strike_G","Strike_G","Strike_G","Defend_G","Defend_G","Defend_G","Defend_G","Defend_G","Survivor","Neutralize+1","Dagger Spray","Dagger Throw","Riddle With Holes","Noxious Fumes+1","Backflip+1","Finisher+1","Dash+1"],"relics":["Ring of the Snake","Boot","Dream Catcher","Molten Egg 2","Letter Opener","Potion Belt","Fusion Hammer","WingedGreaves"],"acts_visited":["Exordium","TheCity"],"potions_floor_usage":[8,12,12],"damage_taken":[{"damage":0,"enemies":"Cultist","floor":1,"turns":3},{"damage":0,"enemies":"Jaw Worm","floor":3,"turns":3},{"damage":0,"enemies":"2 Louse","floor":5,"turns":2},{"damage":2,"enemies":"2 Fungi Beasts","floor":7,"turns":3},{"damage":22,"enemies":"3 Sentries","floor":8,"turns":9},{"damage":0,"enemies":"Lagavulin","floor":12,"turns":2},{"damage":4,"enemies":"Large Slime","floor":14,"turns":5},{"damage":13,"enemies":"The Guardian","floor":16,"turns":10},{"damage":2,"enemies":"3 Byrds","floor":18,"turns":4},{"damage":15,"enemies":"2 Thieves","floor":22,"turns":4},{"damage":47,"enemies":"Slavers","floor":23,"turns":7}],"seed_played":"-2531566411477173008","potions_obtained":[{"floor":5,"key":"Dexterity Potion"},{"floor":7,"key":"FearPotion"},{"floor":8,"key":"SteroidPotion"},{"floor":14,"key":"Ancient Potion"},{"floor":18,"key":"FearPotion"}],"is_trial":false,"path_per_floor":["M","$","M","?","M","R","M","E","T","R","?","E","R","M","R","B",null,"M","?","?","?","M","E"],"character_chosen":"THE_SILENT","items_purchased":["Dagger Throw"],"campfire_rested":1,"item_purchase_floors":[2],"current_hp_per_floor":[59,59,59,41,41,41,39,17,17,36,41,41,41,37,37,24,59,57,57,57,57,42,0,0],"gold":243,"neow_bonus":"RANDOM_COMMON_RELIC","is_daily":false,"chose_seed":false,"campfire_upgraded":3,"win_rate":0.0,"timestamp":1612944378,"path_taken":["M","?","M","?","M","R","M","E","T","R","?","E","R","M","R","BOSS","M","?","?","?","?","E"],"items_purchased_type":["Card"],"build_version":"2020-12-22","purchased_purges":0,"victory":false,"max_hp_per_floor":[66,66,66,66,66,66,66,66,66,66,71,71,71,71,71,71,71,71,71,71,71,71,71,71],"card_choices":[{"not_picked":["Infinite Blades","PiercingWail"],"picked":"Dagger Spray","floor":1},{"not_picked":["Endless Agony","Dagger Throw","Skewer"],"picked":"SKIP","floor":3},{"not_picked":["Slice","Concentrate"],"picked":"Riddle With Holes","floor":5},{"not_picked":["PiercingWail","Leg Sweep"],"picked":"Noxious Fumes","floor":7},{"not_picked":["Envenom","Concentrate"],"picked":"Backflip","floor":8},{"not_picked":["Cloak And Dagger","Distraction"],"picked":"Finisher+1","floor":10},{"not_picked":["Flying Knee+1","PiercingWail","Leg Sweep"],"picked":"SKIP","floor":12},{"not_picked":["Slice+1","Choke+1"],"picked":"Dash+1","floor":14},{"not_picked":["Distraction","Backflip","Dagger Throw+1"],"picked":"SKIP","floor":18},{"not_picked":["Dagger Throw+1","Bane+1","Cloak And Dagger"],"picked":"SKIP","floor":22}],"player_experience":1550446,"relics_obtained":[{"floor":8,"key":"Molten Egg 2"},{"floor":9,"key":"Letter Opener"},{"floor":12,"key":"Potion Belt"}],"event_choices":[{"damage_healed":0,"gold_gain":0,"player_choice":"Success","damage_taken":18,"relics_obtained":["Dream Catcher"],"max_hp_gain":0,"max_hp_loss":0,"event_name":"Scrap Ooze","floor":4,"gold_loss":0},{"damage_healed":0,"gold_gain":0,"player_choice":"Donut","damage_taken":0,"max_hp_gain":5,"max_hp_loss":0,"event_name":"Big Fish","floor":11,"gold_loss":0},{"damage_healed":0,"gold_gain":50,"player_choice":"Stole From Cult","damage_taken":0,"max_hp_gain":0,"max_hp_loss":0,"event_name":"Nest","floor":19,"gold_loss":0},{"damage_healed":0,"gold_gain":0,"player_choice":"Obtained Relic","damage_taken":0,"relics_obtained":["WingedGreaves"],"max_hp_gain":0,"max_hp_loss":0,"event_name":"Addict","floor":20,"gold_loss":85},{"cards_removed":["Strike_G"],"damage_healed":0,"gold_gain":0,"player_choice":"Offered Basic","damage_taken":0,"max_hp_gain":0,"max_hp_loss":0,"event_name":"Bonfire Elementals","floor":21,"gold_loss":0}],"is_beta":false,"boss_relics":[{"not_picked":["Cursed Key","Coffee Dripper"],"picked":"Fusion Hammer"}],"items_purged_floors":[],"is_endless":false,"potions_floor_spawned":[5,7,8,14,18],"killed_by":"Slavers","ascension_level":20}}