{"host":"sc0o2qwpf9j16a4i","time":1612974962,"event":{"mods":["AchievementEnabler","BaseMod","BetterRewards","Block Reminder","Colored Map","Colored Powertips","Custom Start","Highlight Path","Minty Spire (QoL Compilation)","Relic Stats"],"gold_per_floor":[110,110,126,126,140,171,196,236,236,274,274,309,309,33,33,159,159,183,40,40,40,57,91,91,118,142,167,19,35,60,76,76,174,174,174,174],"floor_reached":35,"language":"ENG","playtime":1181,"items_purged":[],"score":711,"play_id":"66b67928-5e67-4b02-8b10-3055b105cd33","local_time":"20210210183602","daily_mods":["Cursed Run","Blue Cards","Elite Swarm"],"is_ascension_mode":false,"campfire_choices":[{"data":"Omniscience","floor":15,"key":"SMITH"},{"data":"SpiritShield","floor":32,"key":"SMITH"}],"circlet_count":0,"master_deck":["Strike_P+1","Strike_P+1","Strike_P+1","Strike_P+1","Defend_P+1","Defend_P+1","Defend_P+1","Defend_P+1","Eruption","Vigilance","Go for the Eyes","Injury","EmptyFist","MentalFortress","Echo Form","DeceiveReality","Echo Form","Regret","Omniscience+1","Creative AI","Heatsinks","Turbo","Normality","CurseOfTheBell","Recycle","Decay","SpiritShield+1","Doubt","Go for the Eyes+1","Beam Cell+1","Wish"],"relics":["Cursed Key","Darkstone Periapt","Du-Vu Doll","Bloody Idol","Singing Bowl","White Beast Statue","Shuriken","CloakClasp","Happy Flower","OrangePellets","Calling Bell","MealTicket","Eternal Feather","Incense Burner","Bronze Scales","Question Card","Toy Ornithopter","Ancient Tea Set","Calipers","Bag of Marbles","Omamori","Busted Crown"],"acts_visited":["Exordium","TheCity","TheBeyond"],"potions_floor_usage":[10,16,16,18,27,27,27,27,27,30,31,33,33],"damage_taken":[{"damage":0,"enemies":"Small Slimes","floor":1,"turns":2},{"damage":0,"enemies":"Cultist","floor":3,"turns":2},{"damage":0,"enemies":"2 Louse","floor":5,"turns":2},{"damage":13,"enemies":"3 Sentries","floor":6,"turns":7},{"damage":5,"enemies":"Looter","floor":7,"turns":2},{"damage":1,"enemies":"Lagavulin","floor":8,"turns":9},{"damage":13,"enemies":"3 Sentries","floor":10,"turns":6},{"damage":4,"enemies":"Lagavulin","floor":12,"turns":6},{"damage":7,"enemies":"Hexaghost","floor":16,"turns":8},{"damage":0,"enemies":"3 Byrds","floor":18,"turns":5},{"damage":5,"enemies":"2 Thieves","floor":22,"turns":5},{"damage":29,"enemies":"Book of Stabbing","floor":23,"turns":6},{"damage":4,"enemies":"Gremlin Leader","floor":25,"turns":7},{"damage":3,"enemies":"Slavers","floor":27,"turns":4},{"damage":16,"enemies":"Snake Plant","floor":29,"turns":4},{"damage":7,"enemies":"Book of Stabbing","floor":30,"turns":5},{"damage":12,"enemies":"Snecko","floor":31,"turns":3},{"damage":12,"enemies":"Collector","floor":33,"turns":7},{"damage":2,"enemies":"3 Darklings","floor":35,"turns":3}],"seed_played":"2167687739738520566","potions_obtained":[{"floor":7,"key":"DistilledChaos"},{"floor":8,"key":"Ancient Potion"},{"floor":10,"key":"Energy Potion"},{"floor":12,"key":"FearPotion"},{"floor":16,"key":"AttackPotion"},{"floor":18,"key":"Ancient Potion"},{"floor":22,"key":"Energy Potion"},{"floor":23,"key":"LiquidMemories"},{"floor":25,"key":"EntropicBrew"},{"floor":27,"key":"Fruit Juice"},{"floor":29,"key":"BlessingOfTheForge"},{"floor":30,"key":"Energy Potion"},{"floor":31,"key":"SkillPotion"},{"floor":33,"key":"SpeedPotion"}],"is_trial":true,"path_per_floor":["M","?","M","?","M","E","M","E","T","E","?","E","?","$","R","B",null,"M","$","?","?","M","E","?","E","T","E","$","M","E","M","R","B",null,"M"],"character_chosen":"WATCHER","items_purchased":["OrangePellets","Heatsinks","Turbo","Bronze Scales","Bag of Marbles"],"campfire_rested":0,"item_purchase_floors":[14,14,14,19,28],"current_hp_per_floor":[72,78,78,78,78,65,60,59,65,52,52,48,48,48,48,49,98,100,100,100,100,100,78,84,85,96,116,116,105,115,113,123,121,123,121,121],"gold":174,"neow_bonus":"","is_daily":false,"chose_seed":false,"campfire_upgraded":2,"win_rate":0.0,"timestamp":1612974962,"path_taken":["M","?","M","?","M","E","?","E","T","E","?","E","?","$","R","BOSS","M","$","?","?","M","E","?","E","T","E","$","M","E","?","R","BOSS","M"],"items_purchased_type":["Relic","Card","Card","Relic","Relic"],"build_version":"2020-12-22","purchased_purges":0,"victory":false,"max_hp_per_floor":[72,78,78,78,78,78,78,78,84,84,84,84,84,84,84,92,98,100,100,100,100,100,102,108,108,114,116,116,116,123,123,123,123,123,123,123],"relic_stats":{"Darkstone Periapt":36,"Singing Bowl":10,"Happy Flower":[19],"counters":[19,92],"Eternal Feather":10,"CloakClasp":[196],"Cursed Key":2,"Question Card":6,"OrangePellets":[6],"Busted Crown":0,"Shuriken":[24],"Bloody Idol":43,"Bronze Scales":[186],"MealTicket":0,"obtain_stats":[{"Darkstone Periapt":0,"Calipers":27,"Singing Bowl":6,"Happy Flower":12,"Golden Idol":2,"Eternal Feather":17,"CloakClasp":10,"Incense Burner":17,"Omamori":30,"Cursed Key":0,"Question Card":23,"Ancient Tea Set":26,"White Beast Statue":8,"Du-Vu Doll":0,"Calling Bell":17,"OrangePellets":14,"Busted Crown":34,"Shuriken":9,"Bronze Scales":19,"Bloody Idol":21,"MealTicket":17,"Bag of Marbles":28,"Toy Ornithopter":25},{"Darkstone Periapt":0,"Calipers":14,"Singing Bowl":4,"Happy Flower":8,"Golden Idol":1,"Eternal Feather":9,"CloakClasp":7,"Incense Burner":9,"Omamori":16,"Cursed Key":0,"Question Card":12,"Ancient Tea Set":13,"White Beast Statue":6,"Du-Vu Doll":0,"Calling Bell":9,"OrangePellets":8,"Busted Crown":18,"Shuriken":6,"Bronze Scales":10,"Bloody Idol":10,"MealTicket":9,"Bag of Marbles":14,"Toy Ornithopter":13},{"Darkstone Periapt":0,"Calipers":71,"Singing Bowl":13,"Happy Flower":36,"Golden Idol":2,"Eternal Feather":44,"CloakClasp":30,"Incense Burner":44,"Omamori":80,"Cursed Key":0,"Question Card":60,"Ancient Tea Set":67,"White Beast Statue":24,"Du-Vu Doll":0,"Calling Bell":44,"OrangePellets":36,"Busted Crown":90,"Shuriken":24,"Bronze Scales":49,"Bloody Idol":49,"MealTicket":44,"Bag of Marbles":71,"Toy Ornithopter":67}],"Toy Ornithopter":33},"card_choices":[{"not_picked":["ThirdEye","Evaluate"],"picked":"Go for the Eyes","floor":1},{"not_picked":["JustLucky","Static Discharge"],"picked":"EmptyFist","floor":3},{"not_picked":["Halt","Weave"],"picked":"MentalFortress","floor":5},{"not_picked":["Brilliance","Seek"],"picked":"Echo Form","floor":6},{"not_picked":["Wireheading","Compile Driver"],"picked":"DeceiveReality","floor":7},{"not_picked":["Judgement","Blasphemy"],"picked":"Echo Form","floor":8},{"not_picked":["Rainbow","Echo Form"],"picked":"Omniscience","floor":10},{"not_picked":["Reboot","Fission"],"picked":"Creative AI","floor":12},{"not_picked":["Meteor Strike","Judgement","LessonLearned"],"picked":"Singing Bowl","floor":16},{"not_picked":["WreathOfFlame+1","Compile Driver","Streamline"],"picked":"Singing Bowl","floor":18},{"not_picked":["Stack","Cold Snap"],"picked":"Recycle","floor":22},{"not_picked":["ConjureBlade","Amplify","Blasphemy"],"picked":"Singing Bowl","floor":23},{"not_picked":["Hyperbeam","Core Surge","Omniscience"],"picked":"SpiritShield","floor":25},{"not_picked":["Fission","Biased Cognition","Alpha","Amplify"],"picked":"Singing Bowl","floor":27},{"not_picked":["Doom and Gloom","Streamline+1","Coolheaded"],"picked":"Go for the Eyes+1","floor":29},{"not_picked":["Judgement","Blasphemy","Reboot","Creative AI"],"picked":"Singing Bowl","floor":30},{"not_picked":["Go for the Eyes+1","FlyingSleeves","FollowUp+1"],"picked":"Beam Cell+1","floor":31},{"not_picked":["Omniscience","Fission","Amplify"],"picked":"Wish","floor":33}],"player_experience":1317158,"relics_obtained":[{"floor":6,"key":"Singing Bowl"},{"floor":8,"key":"White Beast Statue"},{"floor":9,"key":"Shuriken"},{"floor":10,"key":"CloakClasp"},{"floor":12,"key":"Happy Flower"},{"floor":17,"key":"MealTicket"},{"floor":17,"key":"Eternal Feather"},{"floor":17,"key":"Incense Burner"},{"floor":23,"key":"Question Card"},{"floor":25,"key":"Toy Ornithopter"},{"floor":26,"key":"Ancient Tea Set"},{"floor":27,"key":"Calipers"},{"floor":30,"key":"Omamori"}],"event_choices":[{"damage_healed":0,"gold_gain":0,"player_choice":"Take Wound","damage_taken":0,"relics_obtained":["Golden Idol"],"max_hp_gain":0,"max_hp_loss":0,"event_name":"Golden Idol","floor":2,"gold_loss":0,"cards_obtained":["Injury"]},{"damage_healed":0,"gold_gain":0,"player_choice":"Ignored","damage_taken":0,"max_hp_gain":0,"max_hp_loss":0,"event_name":"NoteForYourself","floor":4,"gold_loss":0},{"damage_healed":0,"gold_gain":0,"player_choice":"Ignored","damage_taken":0,"max_hp_gain":0,"max_hp_loss":0,"event_name":"Golden Wing","floor":11,"gold_loss":0},{"damage_healed":0,"gold_gain":0,"player_choice":"Leave","damage_taken":0,"max_hp_gain":0,"max_hp_loss":0,"event_name":"The Cleric","floor":13,"gold_loss":0},{"damage_healed":0,"gold_gain":0,"player_choice":"Simplicity","damage_taken":0,"max_hp_gain":0,"max_hp_loss":0,"event_name":"Back to Basics","floor":20,"gold_loss":0,"cards_upgraded":["Strike_P","Strike_P","Strike_P","Strike_P","Defend_P","Defend_P","Defend_P","Defend_P"]},{"damage_healed":0,"gold_gain":0,"player_choice":"Gave Idol","damage_taken":0,"relics_obtained":["Bloody Idol"],"max_hp_gain":0,"max_hp_loss":0,"event_name":"Forgotten Altar","floor":21,"relics_lost":["Golden Idol"],"gold_loss":0},{"damage_healed":0,"gold_gain":0,"player_choice":"Cursed","damage_taken":0,"max_hp_gain":0,"max_hp_loss":0,"event_name":"Wheel of Change","floor":24,"gold_loss":0,"cards_obtained":["Decay"]}],"is_beta":false,"boss_relics":[{"not_picked":["Runic Pyramid","Sozu"],"picked":"Calling Bell"},{"not_picked":["SlaversCollar","Runic Dome"],"picked":"Busted Crown"}],"items_purged_floors":[],"is_endless":false,"potions_floor_spawned":[7,8,10,12,16,18,22,23,25,27,29,30,31,33],"killed_by":"3 Darklings","ascension_level":0}}