{"host":"2se5dq1do2gp0x9k","time":1612930156,"event":{"mods":["AchievementEnabler","BaseMod","Block Reminder","Colored Map","Colored Powertips","Minty Spire (QoL Compilation)","Relic Stats","StSLib","SuperFastMode"],"gold_per_floor":[16,16,16,40,59,59,59,59,111,111,154,179,193,40,40,130,130,153,174,174,174],"floor_reached":20,"language":"ENG","playtime":686,"items_purged":[],"score":331,"play_id":"131f4e2b-02e0-4ff8-8c8a-73bb4a4098c5","local_time":"20210209200916","is_ascension_mode":true,"campfire_choices":[{"floor":6,"key":"REST"},{"data":"Magnetism","floor":8,"key":"SMITH"},{"data":"Eruption","floor":10,"key":"SMITH"},{"data":"Meditate","floor":15,"key":"SMITH"}],"circlet_count":0,"master_deck":["AscendersBane","Strike_P","Strike_P","Strike_P","Strike_P","Defend_P","Defend_P","Defend_P","Defend_P","Eruption+1","Vigilance","Magnetism+1","Evaluate","FearNoEvil+1","Tantrum+1","Meditate+1","Consecrate+1","FollowUp+1","FlurryOfBlows+1","Trip","Scrawl","Fasting2","Prostrate"],"relics":["PureWater","Golden Idol","Molten Egg 2","Boot","Blood Vial","Coffee Dripper"],"acts_visited":["Exordium","TheCity"],"potions_floor_usage":[11,12,16],"damage_taken":[{"damage":2,"enemies":"Jaw Worm","floor":1,"turns":6},{"damage":9,"enemies":"2 Louse","floor":4,"turns":3},{"damage":5,"enemies":"Cultist","floor":5,"turns":4},{"damage":11,"enemies":"3 Sentries","floor":11,"turns":5},{"damage":5,"enemies":"Lots of Slimes","floor":12,"turns":4},{"damage":0,"enemies":"Large Slime","floor":13,"turns":3},{"damage":17,"enemies":"Hexaghost","floor":16,"turns":5},{"damage":23,"enemies":"2 Thieves","floor":18,"turns":3},{"damage":3,"enemies":"Spheric Guardian","floor":19,"turns":3},{"damage":30,"enemies":"Cultist and Chosen","floor":20,"turns":5}],"seed_played":"3301738836620694036","potions_obtained":[{"floor":1,"key":"SteroidPotion"},{"floor":5,"key":"StancePotion"},{"floor":11,"key":"Block Potion"},{"floor":12,"key":"SteroidPotion"},{"floor":13,"key":"Fire Potion"}],"is_trial":false,"path_per_floor":["M","?","?","M","M","R","$","R","T","R","E","M","M","$","R","B",null,"M","M","M"],"character_chosen":"WATCHER","items_purchased":["FlurryOfBlows+1","Trip"],"campfire_rested":1,"item_purchase_floors":[14,14],"current_hp_per_floor":[59,59,24,15,10,28,28,28,28,28,17,14,16,16,16,1,47,26,25,0,0],"gold":174,"neow_bonus":"RANDOM_COLORLESS_2","is_daily":false,"chose_seed":false,"campfire_upgraded":3,"win_rate":0.0,"timestamp":1612930156,"path_taken":["M","?","?","M","M","R","?","R","T","R","E","?","?","$","R","BOSS","M","M","M"],"items_purchased_type":["Card","Card"],"build_version":"2020-12-22","purchased_purges":0,"victory":false,"max_hp_per_floor":[68,62,62,62,62,62,62,62,62,62,62,62,62,62,62,62,62,62,62,62,62],"relic_stats":{"Blood Vial":12,"counters":[10,41],"Golden Idol":53,"Boot":[47],"obtain_stats":[{"Blood Vial":11,"Golden Idol":2,"Molten Egg 2":3,"Coffee Dripper":17,"PureWater":0,"Boot":9},{"Blood Vial":4,"Golden Idol":1,"Molten Egg 2":1,"Coffee Dripper":7,"PureWater":0,"Boot":3},{"Blood Vial":18,"Golden Idol":6,"Molten Egg 2":6,"Coffee Dripper":30,"PureWater":0,"Boot":13}]},"card_choices":[{"not_picked":["Secret Technique","Secret Weapon"],"picked":"Magnetism","floor":0},{"not_picked":["EmptyBody","Prostrate"],"picked":"Evaluate","floor":1},{"not_picked":["SashWhip+1","Judgement"],"picked":"FearNoEvil+1","floor":4},{"not_picked":["ClearTheMind","Sanctity"],"picked":"Tantrum+1","floor":5},{"not_picked":["Sanctity","Scrawl"],"picked":"Meditate","floor":11},{"not_picked":["BattleHymn","ThirdEye"],"picked":"Consecrate+1","floor":12},{"not_picked":["EmptyBody","LikeWater"],"picked":"FollowUp+1","floor":13},{"not_picked":["SpiritShield","Wish"],"picked":"Scrawl","floor":16},{"not_picked":["ReachHeaven+1","Evaluate"],"picked":"Fasting2","floor":18},{"not_picked":["Pray+1","SandsOfTime+1"],"picked":"Prostrate","floor":19}],"player_experience":4071775,"relics_obtained":[{"floor":9,"key":"Boot"},{"floor":11,"key":"Blood Vial"}],"event_choices":[{"damage_healed":0,"gold_gain":0,"player_choice":"Lose Max HP","damage_taken":0,"relics_obtained":["Golden Idol"],"max_hp_gain":0,"max_hp_loss":6,"event_name":"Golden Idol","floor":2,"gold_loss":0},{"damage_healed":0,"gold_gain":0,"player_choice":"Success","damage_taken":35,"relics_obtained":["Molten Egg 2"],"max_hp_gain":0,"max_hp_loss":0,"event_name":"Scrap Ooze","floor":3,"gold_loss":0}],"is_beta":false,"boss_relics":[{"not_picked":["Fusion Hammer","Sozu"],"picked":"Coffee Dripper"}],"items_purged_floors":[],"is_endless":false,"potions_floor_spawned":[1,5,11,12,13],"killed_by":"Cultist and Chosen","ascension_level":18}}