{"host":"4w0ph6h4vm9bom6o","time":1612972317,"event":{"mods":["BaseMod","Minty Spire (QoL Compilation)","Relic Stats","ojb\u0027s Better Paths Mod","ojb\u0027s Info Mod"],"gold_per_floor":[113,113,113,127,139,139,157,186,209,209,159,193,193,219,219,323,323,341,341,341,198,215,245,11,43,55,94,121,133,45,64,64,163,163,179,179,179,29,39,66,66,91,114,114,140,140,35,50,50,50],"floor_reached":51,"language":"ENG","playtime":4524,"items_purged":["Strike_R","Strike_R"],"score":846,"play_id":"5002f185-1265-4672-96fc-a8c0679b4329","local_time":"20210210175157","is_ascension_mode":true,"campfire_choices":[{"data":"Bash","floor":6.0,"key":"SMITH"},{"data":"Offering","floor":10.0,"key":"SMITH"},{"data":"Flame Barrier","floor":15.0,"key":"SMITH"},{"floor":32.0,"key":"REST"},{"floor":41.0,"key":"REST"},{"floor":46,"key":"REST"},{"floor":49,"key":"REST"}],"circlet_count":0,"master_deck":["Defend_R","Defend_R","Defend_R","Defend_R","Bash+1","Twin Strike","Brutality","Flame Barrier+1","Feel No Pain","Spot Weakness","Offering+1","Shrug It Off","Clothesline+1","Limit Break","Whirlwind","Ghostly","Ghostly","Ghostly","Ghostly","Rupture","Battle Trance","Heavy Blade","Uppercut","Dark Embrace","Feel No Pain","Feed+1","Pommel Strike+1","Enlightenment","Panacea","Shockwave+1","Dual Wield+1","Reaper","Combust","Armaments"],"relics":["Burning Blood","Lantern","Strawberry","Juzu Bracelet","Bag of Preparation","Meat on the Bone","Fusion Hammer","MutagenicStrength","Toy Ornithopter","Frozen Eye","MawBank","Regal Pillow","Red Skull","CultistMask","Runic Pyramid","Medical Kit","Matryoshka","Boot","Happy Flower","Whetstone","Anchor"],"acts_visited":["Exordium","TheCity","TheBeyond"],"potions_floor_usage":[],"damage_taken":[{"damage":0.0,"enemies":"Small Slimes","floor":1.0,"turns":3.0},{"damage":0.0,"enemies":"2 Louse","floor":4.0,"turns":2.0},{"damage":1.0,"enemies":"Jaw Worm","floor":5.0,"turns":2.0},{"damage":19.0,"enemies":"Gremlin Gang","floor":7.0,"turns":6.0},{"damage":28.0,"enemies":"3 Sentries","floor":8.0,"turns":8.0},{"damage":21.0,"enemies":"Gremlin Nob","floor":12.0,"turns":3.0},{"damage":13.0,"enemies":"Lagavulin","floor":14.0,"turns":5.0},{"damage":32.0,"enemies":"Hexaghost","floor":16.0,"turns":9.0},{"damage":20.0,"enemies":"Spheric Guardian","floor":18.0,"turns":4.0},{"damage":7.0,"enemies":"2 Thieves","floor":22.0,"turns":3.0},{"damage":12.0,"enemies":"Gremlin Leader","floor":23.0,"turns":6.0},{"damage":6.0,"enemies":"Book of Stabbing","floor":25.0,"turns":5.0},{"damage":7.0,"enemies":"Slavers","floor":27.0,"turns":6.0},{"damage":4.0,"enemies":"Chosen and Byrds","floor":28.0,"turns":4.0},{"damage":3.0,"enemies":"Centurion and Healer","floor":31.0,"turns":3.0},{"damage":46.0,"enemies":"Automaton","floor":33.0,"turns":8.0},{"damage":3.0,"enemies":"Orb Walker","floor":35.0,"turns":2.0},{"damage":2.0,"enemies":"3 Shapes","floor":39.0,"turns":4.0},{"damage":11.0,"enemies":"Giant Head","floor":40.0,"turns":8.0},{"damage":28.0,"enemies":"Reptomancer","floor":42.0,"turns":8.0},{"damage":40.0,"enemies":"Giant Head","floor":45.0,"turns":8.0},{"damage":23,"enemies":"Maw","floor":48,"turns":7},{"damage":82,"enemies":"Donu and Deca","floor":50,"turns":10}],"seed_played":"4609143598027255821","potions_obtained":[{"floor":4.0,"key":"Regen Potion"},{"floor":7.0,"key":"SteroidPotion"},{"floor":12.0,"key":"Ancient Potion"},{"floor":14.0,"key":"FearPotion"},{"floor":16.0,"key":"AttackPotion"},{"floor":18.0,"key":"PowerPotion"},{"floor":35.0,"key":"GamblersBrew"},{"floor":45,"key":"SpeedPotion"}],"is_trial":false,"path_per_floor":["M","?","?","M","M","R","M","E","T","R","?","E","?","E","R","B",null,"M","?","?","$","M","E","$","E","T","E","M","?","$","M","R","B",null,"M","?","?","$","M","E","R","E","T","?","E","R","$","M","R","B",null],"character_chosen":"IRONCLAD","items_purchased":["Rupture","Frozen Eye","Uppercut","Medical Kit","Combust","Armaments"],"campfire_rested":4,"item_purchase_floors":[21,24,24,38,47,47],"current_hp_per_floor":[80,85,85,85,85,85,72,57,57,57,57,42,42,49,49,35,92,78,78,46,46,45,39,39,39,39,38,40,40,40,43,46,27,46,49,39,39,39,46,44,53,43,43,43,21,51,51,57,57,53],"gold":50,"neow_bonus":"RANDOM_COMMON_RELIC","is_daily":false,"chose_seed":false,"campfire_upgraded":3,"win_rate":0.0,"timestamp":1612972317,"path_taken":["M","?","?","M","M","R","M","E","T","R","?","E","?","E","R","BOSS","M","?","?","$","M","E","$","E","T","E","M","?","$","M","R","BOSS","M","?","?","$","M","E","R","E","T","?","E","R","$","M","R","BOSS"],"items_purchased_type":["Card","Relic","Card","Relic","Card","Card"],"build_version":"2020-12-22","purchased_purges":2,"victory":true,"max_hp_per_floor":[80,85,85,85,85,85,85,92,92,92,92,92,92,92,92,92,92,92,92,46,46,46,46,46,46,46,46,46,46,46,46,46,46,46,49,49,47,47,50,53,53,53,53,53,53,53,53,57,57,57],"relic_stats":{"Regal Pillow":15,"Happy Flower":[8],"counters":[23,124],"Juzu Bracelet":3,"Bag of Preparation":[34],"Whetstone":["Clothesline","Feed"],"MawBank":60,"Medical Kit":[0],"Boot":[1],"Burning Blood":112,"obtain_stats":[{"Lantern":0,"Regal Pillow":26,"Happy Flower":43,"Juzu Bracelet":9,"Bag of Preparation":12,"Whetstone":43,"MawBank":25,"Medical Kit":38,"Boot":42,"Burning Blood":0,"Frozen Eye":24,"Anchor":45,"Matryoshka":40,"Strawberry":8,"MutagenicStrength":19,"Fusion Hammer":17,"CultistMask":29,"Toy Ornithopter":23,"Red Skull":27,"Meat on the Bone":14,"Runic Pyramid":34},{"Lantern":0,"Regal Pillow":12,"Happy Flower":20,"Juzu Bracelet":5,"Bag of Preparation":6,"Whetstone":20,"MawBank":12,"Medical Kit":17,"Boot":20,"Burning Blood":0,"Frozen Eye":11,"Anchor":21,"Matryoshka":19,"Strawberry":5,"MutagenicStrength":9,"Fusion Hammer":8,"CultistMask":14,"Toy Ornithopter":11,"Red Skull":13,"Meat on the Bone":7,"Runic Pyramid":16},{"Lantern":0,"Regal Pillow":56,"Happy Flower":99,"Juzu Bracelet":21,"Bag of Preparation":24,"Whetstone":99,"MawBank":56,"Medical Kit":79,"Boot":99,"Burning Blood":0,"Frozen Eye":51,"Anchor":107,"Matryoshka":91,"Strawberry":21,"MutagenicStrength":42,"Fusion Hammer":38,"CultistMask":66,"Toy Ornithopter":51,"Red Skull":62,"Meat on the Bone":29,"Runic Pyramid":77}],"Toy Ornithopter":9,"Meat on the Bone":48},"card_choices":[{"not_picked":["Heavy Blade","Iron Wave"],"picked":"Twin Strike","floor":1.0},{"not_picked":["Rampage","Dark Embrace"],"picked":"Flame Barrier","floor":4.0},{"not_picked":["Body Slam","Second Wind"],"picked":"Feel No Pain","floor":5.0},{"not_picked":["Twin Strike","Perfected Strike"],"picked":"Spot Weakness","floor":7.0},{"not_picked":["Burning Pact","Perfected Strike"],"picked":"Offering","floor":8.0},{"not_picked":["Iron Wave","Pummel"],"picked":"Shrug It Off","floor":12.0},{"not_picked":["Carnage","Power Through"],"picked":"Clothesline","floor":14.0},{"not_picked":["Double Tap","Barricade"],"picked":"Limit Break","floor":16.0},{"not_picked":["Flex","Intimidate"],"picked":"Whirlwind","floor":18.0},{"not_picked":["Iron Wave","Cleave+1"],"picked":"Battle Trance","floor":22.0},{"not_picked":["Headbutt","Iron Wave+1"],"picked":"Heavy Blade","floor":23.0},{"not_picked":["Twin Strike","Spot Weakness","Body Slam"],"picked":"SKIP","floor":25.0},{"not_picked":["Headbutt","Demon Form","Heavy Blade"],"picked":"SKIP","floor":27.0},{"not_picked":["Shockwave","Heavy Blade+1"],"picked":"Dark Embrace","floor":28.0},{"not_picked":["Clash","Anger"],"picked":"Feel No Pain","floor":31.0},{"not_picked":["Juggernaut","Fiend Fire"],"picked":"Feed","floor":33.0},{"not_picked":["Spot Weakness+1","True Grit"],"picked":"Pommel Strike+1","floor":35.0},{"not_picked":["Flash of Steel","Blind"],"picked":"Enlightenment","floor":36.0},{"not_picked":["Trip","Mind Blast"],"picked":"Panacea","floor":36.0},{"not_picked":["Thunderclap","Dark Embrace+1"],"picked":"Shockwave+1","floor":39.0},{"not_picked":["Battle Trance","Clash","Warcry+1"],"picked":"SKIP","floor":40.0},{"not_picked":["Dropkick","Cleave"],"picked":"Dual Wield+1","floor":42.0},{"not_picked":["Uppercut","Dropkick+1"],"picked":"Reaper","floor":45},{"not_picked":["Flex","Carnage+1","Headbutt+1"],"picked":"SKIP","floor":48}],"player_experience":5166,"relics_obtained":[{"floor":8.0,"key":"Strawberry"},{"floor":9.0,"key":"Juzu Bracelet"},{"floor":12.0,"key":"Bag of Preparation"},{"floor":14.0,"key":"Meat on the Bone"},{"floor":23.0,"key":"Toy Ornithopter"},{"floor":25.0,"key":"MawBank"},{"floor":26.0,"key":"Regal Pillow"},{"floor":27.0,"key":"Red Skull"},{"floor":40.0,"key":"Matryoshka"},{"floor":42.0,"key":"Boot"},{"floor":43.0,"key":"Happy Flower"},{"floor":43.0,"key":"Whetstone"},{"floor":45,"key":"Anchor"}],"event_choices":[{"damage_healed":0.0,"max_hp_gain":5.0,"max_hp_loss":0.0,"gold_gain":0.0,"event_name":"Big Fish","player_choice":"Donut","floor":2.0,"gold_loss":0.0,"damage_taken":0.0},{"damage_healed":0.0,"max_hp_gain":0.0,"max_hp_loss":0.0,"gold_gain":0.0,"cards_transformed":["Strike_R"],"event_name":"Living Wall","player_choice":"Change","floor":3.0,"gold_loss":0.0,"damage_taken":0.0,"cards_obtained":["Brutality"]},{"cards_removed":["Strike_R"],"damage_healed":0.0,"max_hp_gain":0.0,"max_hp_loss":0.0,"gold_gain":0.0,"event_name":"The Cleric","player_choice":"Card Removal","floor":11.0,"gold_loss":50.0,"damage_taken":0.0},{"cards_removed":["Strike_R"],"damage_healed":0.0,"max_hp_gain":0.0,"max_hp_loss":0.0,"gold_gain":0.0,"event_name":"Purifier","player_choice":"Purged","floor":13.0,"gold_loss":0.0,"damage_taken":0.0},{"damage_healed":0.0,"max_hp_gain":0.0,"max_hp_loss":0.0,"gold_gain":0.0,"event_name":"Drug Dealer","player_choice":"Inject Mutagens","floor":19.0,"gold_loss":0.0,"damage_taken":0.0,"relics_obtained":["MutagenicStrength"]},{"damage_healed":0.0,"max_hp_gain":0.0,"max_hp_loss":46.0,"gold_gain":0.0,"event_name":"Ghosts","player_choice":"Became a Ghost","floor":20.0,"gold_loss":0.0,"damage_taken":0.0,"cards_obtained":["Ghostly","Ghostly","Ghostly","Ghostly","Ghostly"]},{"damage_healed":0.0,"max_hp_gain":0.0,"max_hp_loss":0.0,"gold_gain":0.0,"event_name":"FaceTrader","player_choice":"Trade","floor":29.0,"gold_loss":0.0,"damage_taken":0.0,"relics_obtained":["CultistMask"]},{"damage_healed":0.0,"max_hp_gain":0.0,"max_hp_loss":0.0,"gold_gain":0.0,"event_name":"SensoryStone","player_choice":"Memory 3","floor":36.0,"gold_loss":0.0,"damage_taken":10.0},{"damage_healed":0.0,"max_hp_gain":0.0,"max_hp_loss":2.0,"gold_gain":0.0,"event_name":"Winding Halls","player_choice":"Max HP","floor":37.0,"gold_loss":0.0,"damage_taken":0.0},{"cards_removed":["Ghostly"],"damage_healed":0.0,"max_hp_gain":0.0,"max_hp_loss":0.0,"gold_gain":0.0,"event_name":"Falling","player_choice":"Removed Skill","floor":44.0,"gold_loss":0.0,"damage_taken":0.0}],"is_beta":false,"boss_relics":[{"not_picked":["Calling Bell","Velvet Choker"],"picked":"Fusion Hammer"},{"not_picked":["Sozu","Black Star"],"picked":"Runic Pyramid"}],"items_purged_floors":[21,30],"is_endless":false,"potions_floor_spawned":[4,7,12,14,16,18,22,25,27,35,45],"ascension_level":1}}