{"host":"y0i0tbisecj7yjyn","time":1612925048,"event":{"mods":["2.2 Compatiblity","A Penny For Your Troubles","AchievementEnabler","AlwaysNeverKeys","BaseMod","BetterRewards","Colored Map","Colored Powertips","Consume Value Calculator","Curses Come First","Dark Map","Disable Question Mark Monsters","Displayed Cursed Tome","Highlight Path","Keyboard Shortcuts","Minty Spire (QoL Compilation)","Quick Restart","Random Character Button","Rare Cards Sparkle","Relic Sorter","StSLib","SuperFastMode","Transform Curses","Weighted Paths"],"gold_per_floor":[119,139,104,114,43,73,88,88,88,88,88,108,124,124,124,244,244,257,257,273,273,273,273],"floor_reached":22,"language":"ENG","playtime":882,"items_purged":[],"score":223,"play_id":"8d5443b5-298b-4926-a830-86612dc16d25","local_time":"20210209204408","is_ascension_mode":true,"campfire_choices":[{"data":"Storm","floor":11,"key":"SMITH"},{"floor":15,"key":"REST"}],"circlet_count":0,"master_deck":["Strike_B","Strike_B","Strike_B","Strike_B","Defend_B","Defend_B","Defend_B","Defend_B","Zap","Dualcast","Conserve Battery","Storm+1","White Noise+1","Melter","Force Field","Capacitor","Rebound+1","Ball Lightning+1","Buffer","Hello World+1","Writhe","Defragment+1"],"relics":["Cracked Core","Ornamental Fan","Golden Idol","Molten Egg 2","Philosopher\u0027s Stone","Omamori"],"acts_visited":["Exordium","TheCity"],"potions_floor_usage":[6,16,16],"damage_taken":[{"damage":11,"enemies":"2 Louse","floor":1,"turns":2},{"damage":0,"enemies":"Jaw Worm","floor":2,"turns":4},{"damage":0,"enemies":"Cultist","floor":4,"turns":3},{"damage":16,"enemies":"Gremlin Nob","floor":6,"turns":4},{"damage":0,"enemies":"Exordium Wildlife","floor":7,"turns":3},{"damage":20,"enemies":"3 Louse","floor":12,"turns":5},{"damage":8,"enemies":"Gremlin Gang","floor":13,"turns":2},{"damage":19,"enemies":"The Guardian","floor":16,"turns":9},{"damage":52,"enemies":"3 Byrds","floor":18,"turns":5},{"damage":0,"enemies":"Spheric Guardian","floor":20,"turns":3},{"damage":22,"enemies":"Snake Plant","floor":22,"turns":1}],"seed_played":"4243101022220557905","potions_obtained":[{"floor":1,"key":"GamblersBrew"},{"floor":6,"key":"LiquidMemories"},{"floor":7,"key":"LiquidMemories"},{"floor":18,"key":"PotionOfCapacity"}],"is_trial":false,"path_per_floor":["M","M","?","M","$","E","M","?","T","?","R","M","M","?","R","B",null,"M","?","M","?","M"],"character_chosen":"DEFECT","items_purchased":["Melter"],"campfire_rested":1,"item_purchase_floors":[5],"current_hp_per_floor":[64,64,75,75,75,59,59,59,59,59,59,39,31,31,51,32,69,17,17,17,17,0,0],"gold":273,"neow_bonus":"ONE_RANDOM_RARE_CARD","is_daily":false,"chose_seed":false,"campfire_upgraded":1,"win_rate":0.0,"timestamp":1612925048,"path_taken":["M","M","?","M","?","E","?","?","T","?","R","?","M","?","R","BOSS","M","?","M","?","M"],"items_purchased_type":["Card"],"build_version":"2020-12-22","purchased_purges":0,"victory":false,"max_hp_per_floor":[75,75,75,75,75,75,75,69,69,69,69,69,69,69,69,69,69,69,69,69,69,69,69],"card_choices":[{"not_picked":["Chaos","Redo"],"picked":"Conserve Battery","floor":1},{"not_picked":["Scrape","Genetic Algorithm"],"picked":"Storm","floor":2},{"not_picked":["Auto Shields","Chaos"],"picked":"White Noise","floor":4},{"not_picked":["Compile Driver","Reprogram"],"picked":"Force Field","floor":6},{"not_picked":["Rip and Tear","Go for the Eyes"],"picked":"Capacitor","floor":7},{"not_picked":["Undo","Rainbow"],"picked":"Rebound+1","floor":12},{"not_picked":["Reinforced Body","Conserve Battery"],"picked":"Ball Lightning+1","floor":13},{"not_picked":["Biased Cognition","Rainbow"],"picked":"Buffer","floor":16},{"not_picked":["Sweeping Beam+1","Gash+1"],"picked":"Hello World+1","floor":18},{"not_picked":["Doom and Gloom+1","Stack"],"picked":"Defragment+1","floor":20}],"player_experience":414508,"relics_obtained":[{"floor":6,"key":"Ornamental Fan"},{"floor":9,"key":"Molten Egg 2"}],"event_choices":[{"damage_healed":18,"gold_gain":0,"player_choice":"Healed","damage_taken":0,"max_hp_gain":0,"max_hp_loss":0,"event_name":"The Cleric","floor":3,"gold_loss":35},{"damage_healed":0,"gold_gain":0,"player_choice":"Lose Max HP","damage_taken":0,"relics_obtained":["Golden Idol"],"max_hp_gain":0,"max_hp_loss":6,"event_name":"Golden Idol","floor":8,"gold_loss":0},{"cards_removed":["Meteor Strike"],"damage_healed":0,"gold_gain":0,"player_choice":"Purged","damage_taken":0,"max_hp_gain":0,"max_hp_loss":0,"event_name":"Purifier","floor":10,"gold_loss":0},{"damage_healed":0,"gold_gain":0,"player_choice":"Grow","damage_taken":0,"max_hp_gain":0,"max_hp_loss":0,"event_name":"Living Wall","floor":14,"gold_loss":0,"cards_upgraded":["White Noise"]},{"damage_healed":0,"gold_gain":0,"player_choice":"Opened","damage_taken":0,"relics_obtained":["Omamori"],"max_hp_gain":0,"max_hp_loss":0,"event_name":"The Mausoleum","floor":19,"gold_loss":0,"cards_obtained":["Writhe"]},{"damage_healed":0,"gold_gain":0,"player_choice":"Ignored","damage_taken":0,"max_hp_gain":0,"max_hp_loss":0,"event_name":"Cursed Tome","floor":21,"gold_loss":0}],"is_beta":false,"boss_relics":[{"not_picked":["Ectoplasm","Coffee Dripper"],"picked":"Philosopher\u0027s Stone"}],"items_purged_floors":[],"is_endless":false,"potions_floor_spawned":[1,6,7,18],"killed_by":"Snake Plant","ascension_level":4}}