{"host":"zjc1tzo4ovig5lll","time":1612978013,"event":{"mods":["AchievementEnabler","Aspiration","BaseMod","Beaked The Cultist","Better Altar","Better Match","Better Note","Better Sensory Stone","Colored Map","Colored Powertips","Conspire","Energized Spire","Friendly Minions","GifTheSpireLib","Halation","Hermit","Hubris","Minty Spire (QoL Compilation)","Rare Cards Sparkle","Reliquary","Replay The Spire","StSLib","The Blue Laboratory","The Bug Knight","The Construct","The Jungle","everything is the same but u backflip on backflip"],"gold_per_floor":[113,113,113,32,52,77,77,102,179,208,227,227,153,164,164,267,267,284,296,25,39,52,52,86,86,110,110,121,141,141,153,153,254,254,266,266,266,285,285,285,285,285,361,361,371,371,371,371,371,371,371,371,232,258,258,258],"floor_reached":55,"language":"ENG","playtime":2804,"items_purged":[],"score":951,"play_id":"e824945e-6e22-4ca8-b563-f6ad41c2e169","local_time":"20210210192653","is_ascension_mode":true,"campfire_choices":[{"data":"hermit:Snapshot","floor":7.0,"key":"SMITH"},{"floor":15.0,"key":"REST"},{"floor":23.0,"key":"REST"},{"data":"hermit:LoneWolf","floor":25.0,"key":"SMITH"},{"data":"hermit:Maintenance","floor":32.0,"key":"SMITH"},{"floor":40.0,"key":"RECALL"},{"data":"hermit:Adapt","floor":42.0,"key":"SMITH"},{"floor":46.0,"key":"REST"},{"data":"Madness","floor":49.0,"key":"SMITH"},{"data":"hermit:Adapt","floor":52.0,"key":"SMITH"}],"circlet_count":0,"master_deck":["hermit:Strike_Hermit","hermit:Strike_Hermit","hermit:Strike_Hermit","hermit:Strike_Hermit","hermit:Defend_Hermit","hermit:Defend_Hermit","hermit:Defend_Hermit","hermit:Defend_Hermit","hermit:Snapshot+1","hermit:Covet","hermit:FullyLoaded","hermit:LoneWolf+1","hermit:Maintenance","hermit:Roulette","hermit:Maintenance+1","hermit:Maintenance","hermit:Adapt+1","hermit:BodyArmor","hermit:HoleUp+1","hermit:FullyLoaded+1","hermit:Adapt+1","hermit:Maintenance+1","hermit:Determination+1","hermit:Maintenance+1","Madness","Madness+1","hermit:FlashPowder","hermit:FlashPowder","Deep Breath"],"relics":["hermit:Momento","NeowsBlessing","halation:EternalFortune","halation:PinkSoulGem","Toy Ornithopter","Art of War","hubris:SphereOfDissonance","aspiration:ChemicalBlood","construct:WeddingRing","aspiration:KaomsHeart"],"acts_visited":["Exordium","TheCity","TheBeyond","TheEnding"],"potions_floor_usage":[55,55,55,55,55,55],"damage_taken":[{"damage":0.0,"enemies":"Small Slimes","floor":1.0,"turns":1.0},{"damage":0.0,"enemies":"2 Louse","floor":5.0,"turns":1.0},{"damage":0.0,"enemies":"Gremlin Nob","floor":6.0,"turns":1.0},{"damage":30.0,"enemies":"3 Sentries","floor":8.0,"turns":11.0},{"damage":9.0,"enemies":"Lagavulin","floor":10.0,"turns":8.0},{"damage":0.0,"enemies":"Cultist","floor":11.0,"turns":3.0},{"damage":3.0,"enemies":"Looter","floor":14.0,"turns":4.0},{"damage":42.0,"enemies":"Slime Boss","floor":16.0,"turns":11.0},{"damage":22.0,"enemies":"2 Thieves","floor":18.0,"turns":4.0},{"damage":33.0,"enemies":"Cultist and Chosen","floor":19.0,"turns":10.0},{"damage":36.0,"enemies":"Centurion and Healer","floor":21.0,"turns":8.0},{"damage":19.0,"enemies":"Shelled Parasite and Fungi","floor":22.0,"turns":11.0},{"damage":12.0,"enemies":"HollowMod:Nosk","floor":24.0,"turns":11.0},{"damage":16.0,"enemies":"conspire:HollyBat","floor":28.0,"turns":9.0},{"damage":7.0,"enemies":"Snake Plant","floor":29.0,"turns":7.0},{"damage":25.0,"enemies":"Snecko","floor":31.0,"turns":5.0},{"damage":42.0,"enemies":"hubris:MusketHawk","floor":33.0,"turns":11.0},{"damage":0.0,"enemies":"3 Shapes","floor":35.0,"turns":10.0},{"damage":6.0,"enemies":"Orb Walker","floor":38.0,"turns":8.0},{"damage":0.0,"enemies":"Transient","floor":44.0,"turns":1.0},{"damage":83.0,"enemies":"Sphere and 2 Shapes","floor":45.0,"turns":8.0},{"damage":118.0,"enemies":"Time Eater","floor":50.0,"turns":20.0},{"damage":0.0,"enemies":"Shield and Spear","floor":54.0,"turns":1.0},{"damage":202,"enemies":"The Heart","floor":55,"turns":9}],"seed_played":"-1413794291855722018","potions_obtained":[{"floor":8.0,"key":"BlessingOfTheForge"},{"floor":18.0,"key":"blueLaboratory:BubblePotion"},{"floor":19.0,"key":"blueLaboratory:BubblePotion"},{"floor":19.0,"key":"Reflective Coating"},{"floor":21.0,"key":"EssenceOfSteel"},{"floor":24.0,"key":"blueLaboratory:RememoryPotion"},{"floor":31.0,"key":"SmokeBomb"},{"floor":50.0,"key":"LiquidBronze"}],"is_trial":false,"path_per_floor":["M","?","?","$","M","E","R","E","T","E","M","?","$","M","R","B",null,"M","M","$","M","M","R","E","R","T","?","M","M","?","M","R","B",null,"M","?","?","M","$","R","$","R","T","M","M","R","?","?","R_BF","B",null,"R","$","E","B"],"character_chosen":"HERMIT","items_purchased":["hermit:FullyLoaded","hermit:Maintenance","aspiration:KaomsHeart","hermit:FlashPowder","Deep Breath"],"campfire_rested":3,"item_purchase_floors":[4,13,20,53,53],"current_hp_per_floor":[75,78,78,78,78,78,78,48,48,39,42,42,42,39,63,21,81,59,36,136,105,86,140,133,133,133,133,117,110,110,85,85,43,181,181,181,181,175,175,175,175,175,175,180,97,151,128,128,128,15,181,181,181,181,0,0],"gold":258,"neow_bonus":"THREE_ENEMY_KILL","is_daily":false,"chose_seed":false,"campfire_upgraded":6,"win_rate":0.0,"timestamp":1612978013,"path_taken":["M","?","?","$","M","E","R","E","T","E","M","?","$","M","R","BOSS","M","M","$","M","M","R","E","R","T","?","?","M","?","M","R","BOSS","M","?","?","M","$","R","$","R","T","M","M","R","?","?","R_BF","BOSS","R","$","E","BOSS"],"items_purchased_type":["Card","Card","Relic","Card","Card"],"build_version":"2020-12-22","purchased_purges":0,"victory":false,"max_hp_per_floor":[75,78,78,78,78,78,78,78,78,78,81,81,81,81,81,81,81,81,81,181,181,181,181,181,181,181,181,181,181,181,181,181,181,181,181,181,181,181,181,181,181,181,181,181,181,181,181,181,181,181,181,181,181,181,181,181],"card_choices":[{"not_picked":["hermit:Desperado","hermit:CalledShot","hermit:Ricochet"],"picked":"SKIP","floor":1.0},{"not_picked":["hermit:Snipe","hermit:Desperado"],"picked":"hermit:LoneWolf","floor":5.0},{"not_picked":["hermit:Showdown","hermit:Coalescence","hermit:Dive"],"picked":"SKIP","floor":6.0},{"not_picked":["hermit:WideOpen","hermit:GoldenBullet"],"picked":"hermit:Maintenance","floor":8.0},{"not_picked":["hermit:Manifest","hermit:Enervate"],"picked":"hermit:Roulette","floor":10.0},{"not_picked":["hermit:WideOpen","hermit:CalledShot"],"picked":"hermit:Maintenance","floor":11.0},{"not_picked":["hermit:Manifest","hermit:Dive","hermit:Ricochet"],"picked":"SKIP","floor":14.0},{"not_picked":["hermit:FinalCanter","hermit:Roughhouse"],"picked":"hermit:Adapt","floor":16.0},{"not_picked":["hermit:BodyArmor","hermit:Misfire","hermit:ItchyTrigger+1"],"picked":"SKIP","floor":18.0},{"not_picked":["hermit:Misfire","hermit:ItchyTrigger+1"],"picked":"hermit:BodyArmor","floor":18.0},{"not_picked":["hermit:TakeAim","hermit:Headshot"],"picked":"hermit:HoleUp+1","floor":19.0},{"not_picked":["hermit:Cheat","hermit:BodyArmor"],"picked":"hermit:FullyLoaded+1","floor":21.0},{"not_picked":["hermit:DeadMansHand","hermit:CalledShot","hermit:TrackingShot"],"picked":"SKIP","floor":22.0},{"not_picked":["hermit:Vantage","hermit:Reprieve","hermit:Feint"],"picked":"SKIP","floor":24.0},{"not_picked":["hermit:HoleUp","hermit:Desperado+1","hermit:Glare"],"picked":"SKIP","floor":28.0},{"not_picked":["hermit:HighCaliber+1","hermit:Quickdraw"],"picked":"hermit:Maintenance+1","floor":29.0},{"not_picked":["hermit:BodyArmor+1","hermit:Brawl","hermit:Horror"],"picked":"SKIP","floor":31.0},{"not_picked":["hermit:Gestalt+1","hermit:TrackingShot+1"],"picked":"hermit:Determination+1","floor":35.0},{"not_picked":["hermit:Dive","hermit:Spite+1","hermit:Virtue+1"],"picked":"SKIP","floor":38.0},{"not_picked":["hermit:WideOpen+1","hermit:Feint+1"],"picked":"hermit:Maintenance+1","floor":45.0},{"not_picked":["hermit:Dive","hermit:HighCaliber+1","hermit:WideOpen"],"picked":"SKIP","floor":54.0}],"player_experience":715658,"relics_obtained":[{"floor":6.0,"key":"Toy Ornithopter"},{"floor":8.0,"key":"Art of War"},{"floor":9.0,"key":"hubris:SphereOfDissonance"},{"floor":10.0,"key":"aspiration:ChemicalBlood"},{"floor":11.0,"key":"halation:EternalFortune"}],"event_choices":[{"damage_healed":0.0,"max_hp_gain":0.0,"max_hp_loss":0.0,"gold_gain":0.0,"event_name":"Scrap Ooze","player_choice":"Fled","floor":12.0,"gold_loss":0.0,"damage_taken":0.0},{"damage_healed":0.0,"max_hp_gain":0.0,"max_hp_loss":0.0,"gold_gain":0.0,"event_name":"Duplicator","player_choice":"Copied","floor":27.0,"gold_loss":0.0,"damage_taken":0.0,"cards_obtained":["hermit:Adapt"]},{"damage_healed":0.0,"max_hp_gain":0.0,"max_hp_loss":0.0,"gold_gain":0.0,"event_name":"Winding Halls","player_choice":"Embrace Madness","floor":47.0,"gold_loss":0.0,"damage_taken":23.0,"cards_obtained":["Madness","Madness"]},{"damage_healed":0.0,"max_hp_gain":0.0,"max_hp_loss":0.0,"gold_gain":0.0,"event_name":"Mysterious Sphere","player_choice":"Ignored","floor":48.0,"gold_loss":0.0,"damage_taken":0.0}],"is_beta":false,"boss_relics":[{"not_picked":["hubris:TerracottaHorce","energizedSpire:DeadBattery"],"picked":"construct:WeddingRing"},{"not_picked":["aspiration:KMNothing","aspiration:KMNothing","aspiration:KMNothing"]}],"items_purged_floors":[],"is_endless":false,"potions_floor_spawned":[8,11,16,18,31,33,35,44,54],"killed_by":"The Heart","ascension_level":4}}