{"host":"zzywh33h0f2x053k","time":1612946007,"event":{"mods":["Act Like it!","Aspiration","BaseMod","Colored Map","Gensokyo","Grow up Mod","GungeonMod","Hallownest","KomeijiMod","Minty Spire (QoL Compilation)","Quick Restart","Reimu£¨²©ÀöÁéÃÎ£©","RumiaBox-Â¶Ã×æ«µÄÉñÃØºÐ×Ó","Shop Mod","Spicy Shops","StSLib","The Bug Knight","WarShipGirlsR/Õ½½¢ÉÙÅ®R mod","Yakumo Yukari mod","Youmu£¨»êÆÇÑýÃÎ£©","noobMod","¡¾ÒÅÎï¿¨ÅÆ¡¿REMEMod","óô»ðÖ¸ÄÏ"],"gold_per_floor":[119,131,131,40,51,85,304,317,317,651,651,651,4,38,38,138,138,158,108,126,72,322,322,350,365,365,438,454,25,59,76,76,474,474,491,723,739,315,315,315,2664,2685,2759,259,1658,528,528,854,269,469,469,469,116,146,146],"floor_reached":56,"language":"ZHS","playtime":3280,"items_purged":["Injury","DemoMod:Defend_Huntress","Poisoned Stab","aspiration:Lunge","DemoMod:Roll+1","aspiration:Lunge","Doubt"],"score":1618,"play_id":"34576c60-002e-4fa9-962d-b2a488e2a956","local_time":"20210210163327","is_ascension_mode":false,"campfire_choices":[{"data":"REME_Flogging","floor":15,"key":"SMITH"},{"floor":23,"key":"RECALL"},{"data":"DemoMod:PotionOfGunFriendShip","floor":32,"key":"SMITH"},{"data":"REME_FirmDetermination","floor":40,"key":"SMITH"}],"circlet_count":0,"master_deck":["DemoMod:Strike_Huntress","DemoMod:Strike_Huntress","DemoMod:Strike_Huntress","DemoMod:ManualReload","DemoMod:CrossBow","REME_Flogging+1","DemoMod:TeaPot","DemoMod:AWP","DemoMod:DoubleSwitch","REME_FirmDetermination+1","DemoMod:PotionOfGunFriendShip+1","DemoMod:FinishedGun","DemoMod:TableSutra","DemoMod:TeaPot+1","DemoMod:FinishedGun","DemoMod:BSG","Gensokyo:MonkeysPaw+1","DemoMod:BlankBullets","Offering"],"relics":["DemoMod:Dog","ice","REME_ComplimentaryCards","NeowsBlessing","Anchor","HornCleat","HollowMod:PaleOreRelic","The Courier","MerchantsRug","DemoMod:ClearGuonStone","aspiration:HatOfInfinitePower","ClockworkSouvenir","Bag of Marbles","aspiration:PoetsPen_weak","PlanX","TentaclePot:ReiMu","Strange Spoon","Incense Burner","aspiration:IroncladSkillbook","ChaoDraw","Thread and Needle","DemoMod:GlassGuonStoneRelic","aspiration:Nostalgia","Memoryfragments_purpleEX","MagicDraw1","GodSword1","HandDrill","DemoMod:WeirdEgg","RuthlessExorcism:ReiMu","aspiration:FetidBarrel","Vajra","DemoMod:WhiteGuonStone","DemoMod:HoleyGrail","Juzu Bracelet","Meat on the Bone","Sundial","Toolbox","Bronze Scales","DemoMod:Metronome","Blood Vial","Pen Nib","Orichalcum","Boot","DemoMod:MonsterBlood","DemoMod:Plus1Bullets","PreservedInsect","DemoMod:OrangeGuonStone","DemoMod:BigBoy","aspiration:ArtOfWarUpgrade","Lantern","KyoryuNoHagoromo","Frozen Eye","Nunchaku","Singing Bowl","Bag of Preparation","Du-Vu Doll","GodSword4","DemoMod:RedGuonStone","REME_HandOfSuture","DemoMod:MeltedRock"],"acts_visited":["Gensokyo:Gensokyo","Gensokyo:Gensokyoer","Gensokyo:Gensokyoest","TheEnding"],"potions_floor_usage":[10,27,55],"damage_taken":[{"damage":0,"enemies":"Gensokyo:Python","floor":1,"turns":1},{"damage":0,"enemies":"Gensokyo:2_Kodama","floor":2,"turns":1},{"damage":0,"enemies":"Gensokyo:3_Fairies","floor":5,"turns":1},{"damage":44,"enemies":"Gensokyo:Cirno","floor":6,"turns":6},{"damage":20,"enemies":"Gensokyo:Kitsune","floor":7,"turns":4},{"damage":0,"enemies":"Gensokyo:LivingMonolith","floor":8,"turns":2},{"damage":0,"enemies":"Gensokyo:Mamizou","floor":10,"turns":4},{"damage":0,"enemies":"Gensokyo:Cirno","floor":14,"turns":4},{"damage":14,"enemies":"Gensokyo:Kokoro","floor":16,"turns":5},{"damage":0,"enemies":"Gensokyo:Chomper","floor":18,"turns":1},{"damage":0,"enemies":"Gensokyo:3_Dogs","floor":20,"turns":2},{"damage":5,"enemies":"Gensokyo:Reisen","floor":24,"turns":4},{"damage":0,"enemies":"Gensokyo:Swordslinger","floor":25,"turns":1},{"damage":0,"enemies":"Gensokyo:Monolith_and_Dog","floor":27,"turns":2},{"damage":4,"enemies":"Gensokyo:Slime_Group","floor":28,"turns":2},{"damage":4,"enemies":"Gensokyo:Koishi","floor":30,"turns":4},{"damage":4,"enemies":"Gensokyo:Wraith","floor":31,"turns":4},{"damage":65,"enemies":"Gensokyo:Eiki","floor":33,"turns":7},{"damage":0,"enemies":"Gensokyo:3_Boulders","floor":35,"turns":3},{"damage":0,"enemies":"Gensokyo:AncientGuardian","floor":36,"turns":4},{"damage":0,"enemies":"Gensokyo:AncientGuardian","floor":37,"turns":1},{"damage":302,"enemies":"Gensokyo:Marisa","floor":41,"turns":3},{"damage":0,"enemies":"Gensokyo:SeedOfUnknown","floor":42,"turns":2},{"damage":144,"enemies":"Gensokyo:Doremy","floor":45,"turns":4},{"damage":41,"enemies":"Gensokyo:Marisa","floor":48,"turns":1},{"damage":0,"enemies":"Gensokyo:Yuyuko","floor":50,"turns":2},{"damage":180,"enemies":"Shield and Spear","floor":54,"turns":1},{"damage":17,"enemies":"The Heart","floor":55,"turns":3}],"seed_played":"8342990448134379578","potions_obtained":[{"floor":2,"key":"Regen Potion"},{"floor":5,"key":"ZuzhouPotion:ReiMu"},{"floor":6,"key":"GrandPatriotsElixir:ReiMu"},{"floor":8,"key":"ZuzhouPotion:ReiMu"},{"floor":18,"key":"LiquidBronze"},{"floor":24,"key":"REME_GoldPotion"},{"floor":30,"key":"SmokeBomb"},{"floor":33,"key":"DemoMod:LeadSkinPotion"},{"floor":35,"key":"LiquidMemories"},{"floor":48,"key":"ColorlessPotion"},{"floor":54,"key":"Regen Potion"}],"is_trial":false,"path_per_floor":["M","M","?","COS","M","E","M","M","T","E","?","?","R","E","R","B",null,"M","?","M","$","?","R","E","M","T","M","M","COS","E","M","R","B",null,"M","?","M","COS","?","R","E","M","T","R","E","$","R","E","R","B",null,"R","$","E","B",null],"character_chosen":"HUNTRESS","items_purchased":["MerchantsRug","DemoMod:ClearGuonStone","aspiration:HatOfInfinitePower","REME_FirmDetermination","ClockworkSouvenir","DemoMod:ShadowBullets","HandDrill","DemoMod:WeirdEgg","RuthlessExorcism:ReiMu","War Paint","aspiration:FetidBarrel","Vajra","DemoMod:WhiteGuonStone","DemoMod:HoleyGrail","Juzu Bracelet","Meat on the Bone","Sundial","Toolbox","Bronze Scales","DemoMod:Metronome","Blood Vial","Pen Nib","Orichalcum","Boot","PreservedInsect","DemoMod:OrangeGuonStone","DemoMod:BigBoy","Art of War","Lantern","KyoryuNoHagoromo","Frozen Eye","Nunchaku","Bag of Preparation","Du-Vu Doll","GodSword4","DemoMod:RedGuonStone","REME_HandOfSuture"],"campfire_rested":0,"item_purchase_floors":[13,13,13,13,13,44,44,44,44,44,44,44,44,44,44,44,44,44,44,44,44,44,44,44,46,46,46,46,46,46,46,46,49,49,49,53,53],"current_hp_per_floor":[90,100,70,80,90,56,46,56,66,88,62,72,82,92,102,98,250,260,270,280,290,283,293,298,308,318,328,334,344,350,356,366,311,403,413,423,433,443,453,463,175,189,199,209,100,110,120,107,117,127,580,590,600,430,448],"gold":146,"neow_bonus":"THREE_ENEMY_KILL","is_daily":false,"chose_seed":false,"campfire_upgraded":3,"win_rate":0.0,"timestamp":1612946007,"path_taken":["M","M","?","COS","M","E","M","M","T","E","?","?","R","E","R","BOSS","M","?","?","$","?","R","E","M","T","M","M","COS","E","M","R","BOSS","M","?","M","COS","?","R","E","?","T","R","E","$","R","E","R","BOSS","R","$","E","BOSS"],"items_purchased_type":["Relic","Relic","Relic","Card","Relic","Card","Relic","Relic","Relic","Relic","Relic","Relic","Relic","Relic","Relic","Relic","Relic","Relic","Relic","Relic","Relic","Relic","Relic","Relic","Relic","Relic","Relic","Relic","Relic","Relic","Relic","Relic","Relic","Relic","Relic","Relic","Relic"],"build_version":"2020-12-22","purchased_purges":7,"victory":true,"max_hp_per_floor":[90,100,110,120,130,140,150,160,170,180,190,200,210,220,230,240,250,260,270,280,290,283,293,303,313,323,333,343,353,363,373,383,393,403,413,423,433,443,453,463,473,483,493,503,520,530,540,550,560,570,580,590,600,610,630],"card_choices":[{"not_picked":["DemoMod:DirectionalPad","DemoMod:GunstockTap"],"picked":"DemoMod:TeaPot","floor":1},{"not_picked":["DemoMod:ConditionalReflex","DemoMod:StickyCrossBow"],"picked":"DemoMod:SAA","floor":2},{"not_picked":["DemoMod:MachoBrace","DemoMod:PracticeMakesPerfect","DemoMod:ProbeStrike"],"picked":"SKIP","floor":5},{"not_picked":["DemoMod:CombinedRifle","DemoMod:CursedBullets"],"picked":"DemoMod:DirectionalPad","floor":6},{"not_picked":["DemoMod:GunShield","DemoMod:BattleInHaste"],"picked":"DemoMod:AWP","floor":7},{"not_picked":["DemoMod:Unity","DemoMod:StickyCrossBow","DemoMod:MachoBrace"],"picked":"SKIP","floor":8},{"not_picked":["DemoMod:SniperShot","DemoMod:MegaHand"],"picked":"DemoMod:DoubleSwitch","floor":10},{"not_picked":["DemoMod:DirectionalPad","DemoMod:MachoBrace"],"picked":"DemoMod:PotionOfGunFriendShip","floor":14},{"not_picked":["DemoMod:BalloonGun","DemoMod:SuppressiveFire"],"picked":"DemoMod:FinishedGun","floor":16},{"not_picked":["DemoMod:PracticeMakesPerfect","DemoMod:AWP","DemoMod:HuntsMan+1"],"picked":"SKIP","floor":18},{"not_picked":["DemoMod:HardPowerCard","DemoMod:ProbeStrike","DemoMod:FastSwitch"],"picked":"SKIP","floor":20},{"not_picked":["DemoMod:FeignSurrender+1","DemoMod:ChanceBullets","DemoMod:TeaPot"],"picked":"SKIP","floor":24},{"not_picked":["DemoMod:MegaHand","DemoMod:HighKaliber","DemoMod:GunShield+1"],"picked":"SKIP","floor":25},{"not_picked":["DemoMod:MachoBrace","DemoMod:Polaris"],"picked":"DemoMod:TableSutra","floor":27},{"not_picked":["DemoMod:Unmoved","DemoMod:AC15","DemoMod:FeignSurrender"],"picked":"SKIP","floor":28},{"not_picked":["DemoMod:BoxingGlove","DemoMod:DirectionalPad","DemoMod:Camera"],"picked":"SKIP","floor":30},{"not_picked":["DemoMod:HuntsMan","DemoMod:TripleGun"],"picked":"DemoMod:TeaPot+1","floor":31},{"not_picked":["DemoMod:ThirdPartyController","DemoMod:FightSabre"],"picked":"DemoMod:FinishedGun","floor":33},{"not_picked":["Warcry","Iron Wave+1","DemoMod:JK47","DemoMod:DoubleSwitch"],"picked":"SKIP","floor":35},{"not_picked":["DemoMod:JK47+1","DemoMod:BattleInHaste+1","REME_Scribble+1","DemoMod:SAA+1"],"picked":"SKIP","floor":36},{"not_picked":["Heavy Blade","DemoMod:HungryBullets+1","DemoMod:CombinedRifle+1"],"picked":"DemoMod:BSG","floor":37},{"not_picked":["DemoMod:Camera+1","DemoMod:TeaPot","DemoMod:FeignSurrender"],"picked":"DemoMod:BlankBullets","floor":41},{"not_picked":["Thunderclap+1","DemoMod:MachoBrace","DemoMod:FortunesFavor+1","Heavy Blade"],"picked":"SKIP","floor":42},{"not_picked":["DemoMod:DoubleVision","True Grit+1","Pommel Strike","DemoMod:FastSwitch"],"picked":"SKIP","floor":45},{"not_picked":["DemoMod:FortunesFavor+1","Iron Wave+1","Body Slam","Sword Boomerang+1"],"picked":"SKIP","floor":48},{"not_picked":["Dropkick+1","REME_Scribble+1","Fire Breathing"],"picked":"Offering","floor":54}],"player_experience":31225,"relics_obtained":[{"floor":6,"key":"Anchor"},{"floor":9,"key":"HornCleat"},{"floor":10,"key":"DemoMod:JetPack"},{"floor":14,"key":"Bag of Marbles"},{"floor":24,"key":"PlanX"},{"floor":30,"key":"Incense Burner"},{"floor":36,"key":"Thread and Needle"},{"floor":41,"key":"MagicDraw1"},{"floor":43,"key":"GodSword1"},{"floor":45,"key":"DemoMod:Plus1Bullets"},{"floor":48,"key":"Singing Bowl"},{"floor":54,"key":"DemoMod:MeltedRock"}],"event_choices":[],"is_beta":false,"boss_relics":[{"not_picked":["aspiration:RunicSpoon","Snecko Eye"],"picked":"aspiration:PoetsPen_weak"},{"not_picked":["Cursed Key","SoulBox"],"picked":"aspiration:IroncladSkillbook"}],"items_purged_floors":[13,21,44,44,46,49,53],"is_endless":false,"potions_floor_spawned":[2,5,6,8,18,24,30,33,35,41,42,48,54],"ascension_level":0}}