{"host":"00sp0q76b9l1ffhj","time":1612982212,"event":{"mods":["ATMod(∞¢Ë™Mod)","Act Like it!","BaseMod","Marisa£®ÏF”Í°°ƒß¿Ì…≥£©","Minty Spire (QoL Compilation)","Remilia£®¿Ÿ√◊¿Ú—«£©","StSLib","The Servant 0.9.4","Youmu£®ªÍ∆«—˝√Œ£©"],"gold_per_floor":[109,122,72,72,72,97,127,127,202,217,236,249,281,292,292,408,408,425,443,443,463,463,463,500,545,545,562,609,625,625,642,642,741,741,757,395,305,323,24,24,40,16,16,50,50,76,96,109,109,109],"floor_reached":51,"language":"ZHS","playtime":4069,"items_purged":["Strike_RM","Strike_RM"],"score":983,"play_id":"79feec56-371d-45bb-8dae-137948d2d64c","local_time":"20210211023652","is_ascension_mode":false,"campfire_choices":[{"data":"AT_Dispersion","floor":8.0,"key":"SMITH"},{"data":"RedMoon","floor":15.0,"key":"SMITH"},{"data":"LeisurelyOfLord","floor":23.0,"key":"SMITH"},{"data":"DiffusionOfMisfortune","floor":32.0,"key":"SMITH"},{"data":"ScarletSymphony","floor":40,"key":"SMITH"},{"data":"BloodRain","floor":45,"key":"SMITH"},{"data":"UnstableMagic","floor":49,"key":"SMITH"}],"circlet_count":0,"master_deck":["Strike_RM","Strike_RM","Defend_RM","Defend_RM","Defend_RM+1","RedMoon+1","ScarletShoot","AT_Dispersion+1","UnstableMagic+1","ScarletSymphony+1","RedRainbow","Stigmanizer+1","FavorOfDestiny","BloodyCatastrophe","ScarletSymphony+1","LeisurelyOfLord+1","BloodRain+1","AT_EmpoweredMortalDraw","MastersStateliness+1","KillingBlow","Stigmanizer+1","ScarletImprint+1","DiffusionOfMisfortune+1","Flash of Steel","BloodHunter","EndlessAdversity+1","Flash of Steel","MastersStateliness+1","MastersStateliness","BloodHunter+1","RedNightlessCastle+1","ScarletDevil"],"relics":["ScarletHat","AT_ATBox","NeowsBlessing","AT_DeathDance","FossilizedHelix","HornCleat","AT_GuinsooRageblade","Gremlin Horn","AT_MortalBlade","AT_ForceNature","TungstenRod","AT_ArchangelStaff","AT_SunfireAegis","Philosopher\u0027s Stone","Frozen Eye","Membership Card","Eternal Feather","PreservedInsect"],"acts_visited":["Exordium","TheCity","TheBeyond"],"potions_floor_usage":[],"damage_taken":[{"damage":0.0,"enemies":"Jaw Worm","floor":1.0,"turns":1.0},{"damage":0.0,"enemies":"Small Slimes","floor":2.0,"turns":1.0},{"damage":0.0,"enemies":"Lagavulin","floor":6.0,"turns":2.0},{"damage":0.0,"enemies":"2 Louse","floor":10.0,"turns":2.0},{"damage":0.0,"enemies":"Looter","floor":11.0,"turns":3.0},{"damage":0.0,"enemies":"Blue Slaver","floor":12.0,"turns":3.0},{"damage":0.0,"enemies":"3 Sentries","floor":13.0,"turns":7.0},{"damage":0.0,"enemies":"Lots of Slimes","floor":14.0,"turns":2.0},{"damage":4.0,"enemies":"Slime Boss","floor":16.0,"turns":10.0},{"damage":0.0,"enemies":"3 Byrds","floor":18.0,"turns":1.0},{"damage":0.0,"enemies":"Spheric Guardian","floor":19.0,"turns":2.0},{"damage":0.0,"enemies":"Shelled Parasite and Fungi","floor":21.0,"turns":2.0},{"damage":0.0,"enemies":"Snecko","floor":24.0,"turns":5.0},{"damage":0.0,"enemies":"Slavers","floor":25.0,"turns":3.0},{"damage":0.0,"enemies":"Centurion and Healer","floor":27.0,"turns":1.0},{"damage":6.0,"enemies":"Book of Stabbing","floor":28.0,"turns":5.0},{"damage":0.0,"enemies":"Snake Plant","floor":29.0,"turns":3.0},{"damage":0.0,"enemies":"3 Cultists","floor":31.0,"turns":2.0},{"damage":0.0,"enemies":"Automaton","floor":33.0,"turns":4.0},{"damage":0,"enemies":"3 Darklings","floor":35,"turns":2},{"damage":0,"enemies":"3 Shapes","floor":38,"turns":1},{"damage":0,"enemies":"Jaw Worm Horde","floor":41,"turns":1},{"damage":0,"enemies":"Transient","floor":44,"turns":5},{"damage":0,"enemies":"Reptomancer","floor":46,"turns":3},{"damage":0,"enemies":"Sphere and 2 Shapes","floor":47,"turns":1},{"damage":0,"enemies":"Jaw Worm Horde","floor":48,"turns":1},{"damage":0,"enemies":"Donu and Deca","floor":50,"turns":5}],"seed_played":"9015312067509039269","potions_obtained":[{"floor":6.0,"key":"SpeedPotion"},{"floor":10.0,"key":"ColorlessPotion"},{"floor":11.0,"key":"Block Potion"},{"floor":16.0,"key":"Strength Potion"},{"floor":18.0,"key":"Regen Potion"},{"floor":21.0,"key":"LiquidMemories"},{"floor":25.0,"key":"EntropicBrew"},{"floor":29.0,"key":"FearPotion"},{"floor":31.0,"key":"CultistPotion"},{"floor":35,"key":"EntropicBrew"},{"floor":41,"key":"DuplicationPotion"}],"is_trial":false,"path_per_floor":["M","M","?","$","?","E","?","R","T","M","M","M","E","M","R","B",null,"M","M","?","M","?","R","M","E","T","M","E","M","?","M","R","B",null,"M","$","?","M","$","R","M","$","T","M","R","E","M","M","R","B",null],"character_chosen":"REMILIA","items_purchased":["Frozen Eye","Flash of Steel","BloodHunter","Membership Card","Flash of Steel","MastersStateliness"],"campfire_rested":0,"item_purchase_floors":[36,36,36,39,39,42],"current_hp_per_floor":[75,75,75,75,60,60,60,60,60,60,60,61,61,61,61,58,75,75,75,75,75,75,75,75,75,75,75,70,73,71,71,71,71,75,75,75,75,75,75,75,75,75,75,75,75,75,75,75,75,75],"gold":109,"neow_bonus":"THREE_ENEMY_KILL","is_daily":false,"chose_seed":false,"campfire_upgraded":7,"win_rate":0.0,"timestamp":1612982212,"path_taken":["M","M","?","$","?","E","?","R","T","M","M","M","E","M","R","BOSS","M","M","?","M","?","R","M","E","T","M","E","M","?","M","R","BOSS","M","$","?","M","$","R","?","$","T","M","R","E","M","M","R","BOSS"],"items_purchased_type":["Relic","Card","Card","Relic","Card","Card"],"build_version":"2020-12-22","purchased_purges":2,"victory":true,"max_hp_per_floor":[75,75,75,75,75,75,75,75,75,75,75,75,75,75,75,75,75,75,75,75,75,75,75,75,75,75,75,75,75,75,75,75,75,75,75,75,75,75,75,75,75,75,75,75,75,75,75,75,75,75],"card_choices":[{"not_picked":["VampireKiss","UnderTheZenith"],"picked":"UnstableMagic","floor":1.0},{"not_picked":["ScarletDevil","ScarletDream"],"picked":"ScarletSymphony","floor":2.0},{"not_picked":["KillingBlow","ScarletDevilSign"],"picked":"RedRainbow","floor":6.0},{"not_picked":["UnderTheZenith","ScarletImprint"],"picked":"Stigmanizer","floor":10.0},{"not_picked":["GlobalNightmare","ScarletGensokyo"],"picked":"FavorOfDestiny","floor":11.0},{"not_picked":["RedRainbow","UnderTheZenith"],"picked":"BloodyCatastrophe","floor":12.0},{"not_picked":["CurseOfVladTepes","ScarletGensokyo"],"picked":"ScarletSymphony","floor":13.0},{"not_picked":["VampireKiss","UnstableMagic"],"picked":"LeisurelyOfLord","floor":14.0},{"not_picked":["HellCatastrophe","BloodyHallows"],"picked":"BloodRain","floor":16.0},{"not_picked":["BadLadyScramble+1","Septette"],"picked":"MastersStateliness+1","floor":18.0},{"not_picked":["BloodyTrap","NightLord","StarOfDavid"],"picked":"SKIP","floor":19.0},{"not_picked":["ScarletDevil","Septette","NightDance"],"picked":"SKIP","floor":21.0},{"not_picked":["ScarletDevil","FavorOfDestiny+1"],"picked":"BlasphemousPunishment","floor":24.0},{"not_picked":["RedRainbow","NightDance"],"picked":"KillingBlow","floor":25.0},{"not_picked":["VampirishNight","BloodyTrap","BlasphemousPunishment+1"],"picked":"SKIP","floor":27.0},{"not_picked":["BloodyHallows","BloodyMagicSquare"],"picked":"Stigmanizer+1","floor":28.0},{"not_picked":["RedRainbow","UnderTheZenith"],"picked":"ScarletImprint+1","floor":29.0},{"not_picked":["TwelveNightmare","LeisurelyOfLord"],"picked":"DiffusionOfMisfortune","floor":31.0},{"not_picked":["ReincarnationDial+1","ScarletDevil+1","UnstableMagic"],"picked":"SKIP","floor":35},{"not_picked":["ReincarnationDial+1","ScarletDevil+1","UnstableMagic"],"picked":"SKIP","floor":35},{"not_picked":["LeisurelyOfLord","BlasphemousPunishment+1"],"picked":"EndlessAdversity+1","floor":38},{"not_picked":["BombardNight+1","BloodyTrap+1"],"picked":"MastersStateliness+1","floor":41},{"not_picked":["BlasphemousPunishment","FavorOfDestiny+1","KillingBlow"],"picked":"SKIP","floor":44},{"not_picked":["ForbiddenFruit","HunterOfTheNight+1"],"picked":"BloodHunter+1","floor":46},{"not_picked":["BloodyMagicSquare+1","RedNightlessCastle+1","VampireClaw"],"picked":"SKIP","floor":47},{"not_picked":["BloodyMagicSquare+1","VampireClaw"],"picked":"RedNightlessCastle+1","floor":47},{"not_picked":["RedRainbow+1","BombardNight"],"picked":"ScarletDevil","floor":48}],"player_experience":6308,"relics_obtained":[{"floor":6.0,"key":"AT_DeathDance"},{"floor":9.0,"key":"HornCleat"},{"floor":12.0,"key":"AT_GuinsooRageblade"},{"floor":13.0,"key":"Gremlin Horn"},{"floor":25.0,"key":"TungstenRod"},{"floor":26.0,"key":"AT_ArchangelStaff"},{"floor":28.0,"key":"AT_SunfireAegis"},{"floor":43,"key":"Eternal Feather"},{"floor":46,"key":"PreservedInsect"}],"event_choices":[{"cards_removed":["Defend_RM"],"damage_healed":0.0,"max_hp_gain":0.0,"max_hp_loss":0.0,"gold_gain":0.0,"event_name":"The Cleric","player_choice":"Card Removal","floor":3.0,"gold_loss":50.0,"damage_taken":0.0},{"damage_healed":0.0,"max_hp_gain":0.0,"max_hp_loss":0.0,"gold_gain":0.0,"event_name":"Shining Light","player_choice":"Entered Light","floor":5.0,"gold_loss":0.0,"damage_taken":15.0,"cards_upgraded":["ScarletSymphony","Defend_RM"]},{"damage_healed":0.0,"max_hp_gain":0.0,"max_hp_loss":0.0,"gold_gain":30.0,"event_name":"Dead Adventurer","player_choice":"Searched \u00272\u0027 times","floor":7.0,"gold_loss":0.0,"damage_taken":0.0,"relics_obtained":["FossilizedHelix"]},{"damage_healed":0.0,"max_hp_gain":0.0,"max_hp_loss":0.0,"gold_gain":0.0,"event_name":"Ghosts","player_choice":"Ignored","floor":20.0,"gold_loss":0.0,"damage_taken":0.0},{"damage_healed":0.0,"max_hp_gain":0.0,"max_hp_loss":0.0,"gold_gain":0.0,"event_name":"The Mausoleum","player_choice":"Opened","floor":22.0,"gold_loss":0.0,"damage_taken":0.0,"relics_obtained":["AT_ForceNature"]},{"damage_healed":0.0,"max_hp_gain":0.0,"max_hp_loss":0.0,"gold_gain":0.0,"event_name":"Wheel of Change","player_choice":"Damaged","floor":30.0,"gold_loss":0.0,"damage_taken":7.0},{"cards_removed":["BlasphemousPunishment"],"damage_healed":0,"gold_gain":0,"player_choice":"Upgrade and Remove","damage_taken":0,"max_hp_gain":0,"max_hp_loss":0,"event_name":"Designer","floor":37,"gold_loss":90,"cards_upgraded":["Stigmanizer"]}],"is_beta":false,"boss_relics":[{"not_picked":["Runic Pyramid","Astrolabe"],"picked":"AT_MortalBlade"},{"not_picked":["AT_TrinityForce","Calling Bell"],"picked":"Philosopher\u0027s Stone"}],"items_purged_floors":[36,39],"is_endless":false,"potions_floor_spawned":[6,10,11,13,16,18,21,25,28,31,35,41,44],"ascension_level":0}}