{"host":"dcj2yvrgcvh5dl2s","time":1612954482,"event":{"mods":["BaseMod","Bestiary","Better Note","Block Reminder","Colored Powertips","Curses Come First","DeckTracker","Minty Spire (QoL Compilation)","Quick Restart","Rare Cards Sparkle","Relic Stats","StSLib"],"gold_per_floor":[114,12,29,29,104,136,136,56,56,21,37,77,104,104,104],"floor_reached":14,"language":"ENG","playtime":157,"items_purged":[],"score":242,"play_id":"3e377ef1-1c1a-480a-96c1-1fe9c92cfac4","local_time":"20210210205442","is_ascension_mode":true,"campfire_choices":[],"circlet_count":0,"master_deck":["AscendersBane","Strike_R","Strike_R","Strike_R","Strike_R","Strike_R","Defend_R","Defend_R","Defend_R","Defend_R","Bash","Cleave+1","Shrug It Off","Dropkick","Impervious","Shrug It Off","Flex","Shrug It Off","Flex"],"relics":["Burning Blood","NeowsBlessing","StrikeDummy","Golden Idol","Pen Nib","Anchor","Vajra"],"acts_visited":["Exordium"],"potions_floor_usage":[],"damage_taken":[{"damage":0,"enemies":"Jaw Worm","floor":1,"turns":1},{"damage":0,"enemies":"Small Slimes","floor":3,"turns":1},{"damage":0,"enemies":"Gremlin Nob","floor":6,"turns":1},{"damage":0,"enemies":"2 Louse","floor":11,"turns":2},{"damage":12,"enemies":"Lagavulin","floor":12,"turns":5},{"damage":64,"enemies":"Gremlin Nob","floor":14,"turns":4}],"seed_played":"-101853854209438013","potions_obtained":[{"floor":3,"key":"FearPotion"},{"floor":6,"key":"SteroidPotion"}],"is_trial":false,"path_per_floor":["M","$","M","?","?","E","?","$","T","?","M","E","T","E"],"character_chosen":"IRONCLAD","items_purchased":["Shrug It Off","Dropkick","Flex","Shrug It Off"],"campfire_rested":0,"item_purchase_floors":[2,2,8,8],"current_hp_per_floor":[74,74,75,75,64,70,44,44,44,62,68,62,62,0,0],"gold":104,"neow_bonus":"THREE_ENEMY_KILL","is_daily":false,"chose_seed":false,"campfire_upgraded":0,"win_rate":0.0,"timestamp":1612954482,"path_taken":["M","$","M","?","?","E","?","$","T","?","M","E","?","E"],"items_purchased_type":["Card","Card","Card","Card"],"build_version":"2020-12-22","purchased_purges":0,"victory":false,"max_hp_per_floor":[75,75,75,75,75,75,75,75,75,75,75,75,75,75,75],"relic_stats":{"counters":[6,14],"Golden Idol":11,"Pen Nib":[2],"obtain_stats":[{"Anchor":12,"NeowsBlessing":0,"Golden Idol":7,"Vajra":13,"Pen Nib":9,"StrikeDummy":6,"Burning Blood":0},{"Anchor":5,"NeowsBlessing":0,"Golden Idol":3,"Vajra":5,"Pen Nib":3,"StrikeDummy":3,"Burning Blood":0},{"Anchor":10,"NeowsBlessing":0,"Golden Idol":3,"Vajra":10,"Pen Nib":3,"StrikeDummy":3,"Burning Blood":0}],"Burning Blood":25},"card_choices":[{"not_picked":["Clothesline","Anger"],"picked":"Cleave","floor":1},{"not_picked":["Clothesline","Cleave"],"picked":"Impervious","floor":3},{"not_picked":["Flame Barrier","Spot Weakness"],"picked":"Shrug It Off","floor":6},{"not_picked":["Armaments","Clothesline","Warcry"],"picked":"SKIP","floor":11},{"not_picked":["Cleave","Battle Trance"],"picked":"Flex","floor":12}],"player_experience":2360863,"relics_obtained":[{"floor":6,"key":"StrikeDummy"},{"floor":9,"key":"Pen Nib"},{"floor":12,"key":"Anchor"},{"floor":13,"key":"Vajra"}],"event_choices":[{"damage_healed":0,"gold_gain":0,"player_choice":"Grow","damage_taken":0,"max_hp_gain":0,"max_hp_loss":0,"event_name":"Living Wall","floor":4,"gold_loss":0,"cards_upgraded":["Cleave"]},{"damage_healed":0,"gold_gain":75,"player_choice":"Gather Gold","damage_taken":11,"max_hp_gain":0,"max_hp_loss":0,"event_name":"World of Goop","floor":5,"gold_loss":0},{"damage_healed":0,"gold_gain":0,"player_choice":"Take Damage","damage_taken":26,"relics_obtained":["Golden Idol"],"max_hp_gain":0,"max_hp_loss":0,"event_name":"Golden Idol","floor":7,"gold_loss":0},{"damage_healed":18,"gold_gain":0,"player_choice":"Healed","damage_taken":0,"max_hp_gain":0,"max_hp_loss":0,"event_name":"The Cleric","floor":10,"gold_loss":35}],"is_beta":false,"boss_relics":[],"items_purged_floors":[],"is_endless":false,"potions_floor_spawned":[3,6],"killed_by":"Gremlin Nob","ascension_level":20}}