{"host":"mqhvlr3kpxebko0t","time":1612966048,"event":{"mods":["AchievementEnabler","BaseMod","Colored Map","Colored Powertips","KOR Keyword Fix","Keyboard Shortcuts","Minty Spire (QoL Compilation)","StSLib","SuperFastMode"],"gold_per_floor":[112,128,145,161,161,161,204,204,227,227,242,242,266,284,284,284,284],"floor_reached":16,"language":"KOR","playtime":178,"items_purged":[],"score":208,"play_id":"16253051-644b-4fc7-a9f7-f9e23d5d5d77","local_time":"20210210230728","is_ascension_mode":true,"campfire_choices":[{"data":"Searing Blow","floor":6.0,"key":"SMITH"},{"data":"Searing Blow+1","floor":8.0,"key":"SMITH"},{"data":"Searing Blow+2","floor":10.0,"key":"SMITH"},{"data":"Searing Blow+3","floor":12.0,"key":"SMITH"},{"data":"Searing Blow+4","floor":15,"key":"SMITH"}],"circlet_count":0,"master_deck":["AscendersBane","Strike_R","Strike_R","Strike_R","Strike_R","Strike_R","Defend_R","Defend_R","Defend_R","Defend_R","Bash","Carnage","Searing Blow+5","Second Wind"],"relics":["Burning Blood","Golden Idol","Ancient Tea Set","Akabeko"],"acts_visited":["Exordium"],"potions_floor_usage":[16],"damage_taken":[{"damage":8.0,"enemies":"2 Louse","floor":1.0,"turns":3.0},{"damage":1.0,"enemies":"Small Slimes","floor":2.0,"turns":3.0},{"damage":14.0,"enemies":"Jaw Worm","floor":3.0,"turns":3.0},{"damage":9.0,"enemies":"Exordium Wildlife","floor":4.0,"turns":3.0},{"damage":60.0,"enemies":"Lagavulin","floor":7.0,"turns":6.0},{"damage":0.0,"enemies":"Looter","floor":11.0,"turns":1.0},{"damage":9.0,"enemies":"Red Slaver","floor":13.0,"turns":2.0},{"damage":15,"enemies":"Gremlin Gang","floor":14,"turns":5},{"damage":7,"enemies":"The Guardian","floor":16,"turns":3}],"seed_played":"-450268557481852963","potions_obtained":[{"floor":1.0,"key":"Explosive Potion"},{"floor":2.0,"key":"Dexterity Potion"},{"floor":7.0,"key":"FearPotion"}],"is_trial":false,"path_per_floor":["M","M","M","M","?","R","E","R","T","R","M","R","M","M","R","B"],"character_chosen":"IRONCLAD","items_purchased":[],"campfire_rested":0,"item_purchase_floors":[],"current_hp_per_floor":[73,78,70,67,67,67,13,13,13,13,19,19,16,7,7,0,0],"gold":284,"neow_bonus":"TEN_PERCENT_HP_BONUS","is_daily":false,"chose_seed":false,"campfire_upgraded":5,"win_rate":0.0,"timestamp":1612966048,"path_taken":["M","M","M","M","?","R","E","R","T","R","M","R","M","M","R","BOSS"],"items_purchased_type":[],"build_version":"2020-12-22","purchased_purges":0,"victory":false,"max_hp_per_floor":[82,82,82,82,74,74,74,74,74,74,74,74,74,74,74,74,74],"card_choices":[{"not_picked":["Fire Breathing","Seeing Red"],"picked":"Carnage","floor":1.0},{"not_picked":["Body Slam","Cleave"],"picked":"Searing Blow","floor":2.0},{"not_picked":["Armaments","Fire Breathing","Anger"],"picked":"SKIP","floor":3.0},{"not_picked":["Thunderclap","Dark Embrace","Sever Soul"],"picked":"SKIP","floor":4.0},{"not_picked":["Body Slam","Brutality"],"picked":"Second Wind","floor":7.0},{"not_picked":["Iron Wave","Sentinel","Dark Embrace"],"picked":"SKIP","floor":11.0},{"not_picked":["Clash","Sword Boomerang","Armaments"],"picked":"SKIP","floor":13.0},{"not_picked":["Havoc","True Grit","Second Wind"],"picked":"SKIP","floor":14}],"player_experience":703381,"relics_obtained":[{"floor":7.0,"key":"Ancient Tea Set"},{"floor":9.0,"key":"Akabeko"}],"event_choices":[{"damage_healed":0.0,"max_hp_gain":0.0,"max_hp_loss":8.0,"gold_gain":0.0,"event_name":"Golden Idol","player_choice":"Lose Max HP","floor":5.0,"gold_loss":0.0,"damage_taken":0.0,"relics_obtained":["Golden Idol"]}],"is_beta":false,"boss_relics":[],"items_purged_floors":[],"is_endless":false,"potions_floor_spawned":[1,2,7,11],"killed_by":"The Guardian","ascension_level":20}}