{"host":"m9osufisr3agwk96","time":1612947929,"event":{"mods":["AchievementEnabler","Aspiration","BaseMod","Colored Map","Colored Powertips","Downfall","Friendly Minions","Hermit","Highlight Path","Hubris","Minty Spire (QoL Compilation)","Rare Cards Sparkle","Reliquary","Replay The Spire","Shop Mod","StSLib"],"gold_per_floor":[115,115,115,40,40,90,90,265,290,113,164,164,196,215,215,352,352,380,127,156,156,241,249,249],"floor_reached":23,"language":"ENG","playtime":701,"items_purged":["Doubt"],"score":217,"play_id":"011b5d14-5ea2-43c5-bac0-7adb45cb9321","local_time":"20210210010529","is_ascension_mode":true,"campfire_choices":[{"floor":7,"key":"REST"},{"floor":15,"key":"REST"}],"circlet_count":0,"master_deck":["Strike_R","Strike_R","Strike_R","Strike_R","Strike_R","Defend_R","Defend_R","Defend_R","Bash","ReplayTheSpireMod:Muscle Training","Rage","Combust","Juggernaut","Juggernaut+1","Clothesline","Inflame","Flame Barrier","Impervious","Infernal Blade+1","Inflame","Searing Blow","Power Through"],"relics":["Burning Blood","Replay:Bandana","Golden Idol","hubris:TenFootPole","Blue Doll","Replay:Baseball","Self Forming Clay","bronze:MakeshiftBattery","DollysMirror","SsserpentHead"],"acts_visited":["Exordium","TheCity"],"potions_floor_usage":[11,16,20,20,20,23,23,23],"damage_taken":[{"damage":1,"enemies":"2 Louse","floor":1,"turns":2},{"damage":38,"enemies":"3 Sentries","floor":6,"turns":7},{"damage":20,"enemies":"Lagavulin","floor":11,"turns":6},{"damage":4,"enemies":"Cultist","floor":13,"turns":4},{"damage":1,"enemies":"Small Slimes","floor":14,"turns":2},{"damage":18,"enemies":"Hexaghost","floor":16,"turns":9},{"damage":15,"enemies":"Spheric Guardian","floor":18,"turns":5},{"damage":2,"enemies":"Shell Parasite","floor":20,"turns":2},{"damage":49,"enemies":"Snake Plant","floor":22,"turns":6},{"damage":26,"enemies":"Gremlin Leader","floor":23,"turns":5}],"seed_played":"630581175902449148","potions_obtained":[{"floor":6,"key":"Languid Potion"},{"floor":14,"key":"LiquidBronze"},{"floor":16,"key":"FearPotion"},{"floor":20,"key":"Cursed Concoction"}],"is_trial":false,"path_per_floor":["M","?","?","$","?","E","R","?","T","$","E","$","M","M","R","B",null,"M","$","M","?","M","E"],"character_chosen":"IRONCLAD","items_purchased":["Combust","Juggernaut+1","Self Forming Clay","DollysMirror","EntropicBrew"],"campfire_rested":2,"item_purchase_floors":[4,10,12,19,19],"current_hp_per_floor":[80,73,70,70,70,38,60,60,60,60,46,30,32,37,59,47,74,65,65,69,69,26,0,0],"gold":249,"neow_bonus":"THREE_CARDS","is_daily":false,"chose_seed":false,"campfire_upgraded":0,"win_rate":0.0,"timestamp":1612947929,"path_taken":["M","?","?","$","?","E","R","?","T","$","E","?","M","?","R","BOSS","M","$","M","?","?","E"],"items_purchased_type":["Card","Card","Relic","Relic","Potion"],"build_version":"2020-12-22","purchased_purges":1,"victory":false,"max_hp_per_floor":[80,80,80,80,74,74,74,74,74,74,74,74,74,74,74,74,74,74,74,74,74,74,74,74],"card_choices":[{"not_picked":["Sentinel","Evolve"],"picked":"ReplayTheSpireMod:Muscle Training","floor":0},{"not_picked":["hubris:ReadiedAction","Run Through"],"picked":"Rage","floor":1},{"not_picked":["Replay:Undeath\u0027s Touch","Pommel Strike"],"picked":"Juggernaut","floor":6},{"not_picked":["Sever Soul","ReplayTheSpireMod:Strike From Hell"],"picked":"Clothesline","floor":11},{"not_picked":["Body Slam","ReplayTheSpireMod:Muscle Training"],"picked":"Inflame","floor":13},{"not_picked":["ReplayTheSpireMod:Strike From Hell","Body Slam"],"picked":"Flame Barrier","floor":14},{"not_picked":["Brutality","Demonic Infusion"],"picked":"Impervious","floor":16},{"not_picked":["Second Wind","Run Through"],"picked":"Infernal Blade+1","floor":18},{"not_picked":["Flex+1","Cleave+1"],"picked":"Searing Blow","floor":20},{"not_picked":["Armaments","Perfected Strike"],"picked":"Power Through","floor":22}],"player_experience":447751,"relics_obtained":[{"floor":6,"key":"hubris:TenFootPole"},{"floor":9,"key":"Blue Doll"},{"floor":11,"key":"Replay:Baseball"}],"event_choices":[{"cards_removed":["Defend_R"],"damage_healed":0,"gold_gain":0,"player_choice":"Card Removal","damage_taken":7,"max_hp_gain":0,"max_hp_loss":0,"event_name":"Golden Wing","floor":2,"gold_loss":0},{"damage_healed":0,"gold_gain":0,"player_choice":"Success","damage_taken":3,"relics_obtained":["Replay:Bandana"],"max_hp_gain":0,"max_hp_loss":0,"event_name":"Scrap Ooze","floor":3,"gold_loss":0},{"damage_healed":0,"gold_gain":0,"player_choice":"Lose Max HP","damage_taken":0,"relics_obtained":["Golden Idol"],"max_hp_gain":0,"max_hp_loss":6,"event_name":"Golden Idol","floor":5,"gold_loss":0},{"damage_healed":0,"gold_gain":175,"player_choice":"AGREE","damage_taken":0,"max_hp_gain":0,"max_hp_loss":0,"event_name":"Liars Game","floor":8,"gold_loss":0,"cards_obtained":["Doubt"]},{"damage_healed":0,"gold_gain":0,"player_choice":"Trade","damage_taken":0,"relics_obtained":["SsserpentHead"],"max_hp_gain":0,"max_hp_loss":0,"event_name":"FaceTrader","floor":21,"gold_loss":0}],"is_beta":false,"boss_relics":[{"not_picked":["Replay:Grab Bag","Philosopher\u0027s Stone"],"picked":"bronze:MakeshiftBattery"}],"items_purged_floors":[10],"is_endless":false,"potions_floor_spawned":[6,14,16,20],"killed_by":"Gremlin Leader","ascension_level":2}}