{"host":"7cp3z5w0tcrrm8ys","time":1612922081,"event":{"mods":["AchievementEnabler","BaseMod","DeckTracker","Minty Spire (QoL Compilation)","StSLib","SuperFastMode"],"gold_per_floor":[114,129,149,68,84,84,84,116,139,139,9,41,53,53,53,53,53],"floor_reached":16,"language":"KOR","playtime":351,"items_purged":["Strike_R"],"score":220,"play_id":"30caf711-f3eb-49a1-bcc9-7ca7e6f3a94d","local_time":"20210210105441","is_ascension_mode":true,"campfire_choices":[{"data":"Infernal Blade","floor":6,"key":"SMITH"},{"data":"Blood for Blood","floor":15,"key":"SMITH"}],"circlet_count":0,"master_deck":["AscendersBane","Strike_R+1","Strike_R","Strike_R","Defend_R","Defend_R+1","Defend_R","Defend_R","Bash+1","Infernal Blade+1","Blood for Blood+1","Shrug It Off","Dropkick","Dual Wield","Rage"],"relics":["Burning Blood","Oddly Smooth Stone","Strawberry","Happy Flower"],"acts_visited":["Exordium"],"potions_floor_usage":[8,8,12,12],"damage_taken":[{"damage":6,"enemies":"2 Louse","floor":1,"turns":3},{"damage":2,"enemies":"Jaw Worm","floor":2,"turns":4},{"damage":0,"enemies":"Cultist","floor":3,"turns":2},{"damage":1,"enemies":"Red Slaver","floor":5,"turns":4},{"damage":8,"enemies":"Gremlin Nob","floor":8,"turns":3},{"damage":20,"enemies":"Lagavulin","floor":12,"turns":8},{"damage":3,"enemies":"2 Fungi Beasts","floor":13,"turns":4},{"damage":50,"enemies":"Slime Boss","floor":16,"turns":9}],"seed_played":"4253230298520521504","potions_obtained":[{"floor":3,"key":"Fire Potion"},{"floor":5,"key":"Regen Potion"},{"floor":8,"key":"SkillPotion"},{"floor":12,"key":"FearPotion"}],"is_trial":false,"path_per_floor":["M","M","M","$","M","R","?","E","T","?","$","E","M","$","R","B"],"character_chosen":"IRONCLAD","items_purchased":["Dropkick","Energy Potion"],"campfire_rested":0,"item_purchase_floors":[4,11],"current_hp_per_floor":[68,72,75,75,75,75,52,55,62,55,55,41,44,44,44,0,0],"gold":53,"neow_bonus":"UPGRADE_CARD","is_daily":false,"chose_seed":false,"campfire_upgraded":2,"win_rate":0.0,"timestamp":1612922081,"path_taken":["M","M","M","$","M","R","?","E","T","?","?","E","M","$","R","BOSS"],"items_purchased_type":["Card","Potion"],"build_version":"2020-12-22","purchased_purges":1,"victory":false,"max_hp_per_floor":[75,75,75,75,75,75,75,75,82,82,82,82,82,82,82,82,82],"card_choices":[{"not_picked":["Headbutt","Twin Strike"],"picked":"Infernal Blade","floor":1},{"not_picked":["Entrench","Thunderclap"],"picked":"Blood for Blood","floor":2},{"not_picked":["Ghostly Armor","Thunderclap"],"picked":"Shrug It Off","floor":3},{"not_picked":["Clash","Headbutt","Twin Strike"],"picked":"SKIP","floor":5},{"not_picked":["Clash","Headbutt","Twin Strike"],"picked":"SKIP","floor":5},{"not_picked":["Double Tap","Dark Embrace"],"picked":"Dual Wield","floor":8},{"not_picked":["Entrench","Pommel Strike","Thunderclap"],"picked":"SKIP","floor":12},{"not_picked":["Clothesline","Power Through"],"picked":"Rage","floor":13}],"player_experience":812743,"relics_obtained":[{"floor":8,"key":"Oddly Smooth Stone"},{"floor":9,"key":"Strawberry"},{"floor":12,"key":"Happy Flower"}],"event_choices":[{"damage_healed":0,"gold_gain":0,"player_choice":"Entered Light","damage_taken":23,"max_hp_gain":0,"max_hp_loss":0,"event_name":"Shining Light","floor":7,"gold_loss":0,"cards_upgraded":["Defend_R","Strike_R"]},{"cards_removed":["Strike_R"],"damage_healed":0,"gold_gain":0,"player_choice":"Card Removal","damage_taken":7,"max_hp_gain":0,"max_hp_loss":0,"event_name":"Golden Wing","floor":10,"gold_loss":0}],"is_beta":false,"boss_relics":[],"items_purged_floors":[11],"is_endless":false,"potions_floor_spawned":[3,5,8,12],"killed_by":"Slime Boss","ascension_level":20}}