{"host":"izuk9e9wv4u4y8b4","time":1612969888,"event":{"mods":["A Penny For Your Troubles","BaseMod","Better Debug","Better Third Choice","Curses Come First","Custom Start","Highlight Path","Minty Spire (QoL Compilation)","Permanent Neow","Quick Restart","Relic Sorter","Relic Stats","Reorder Act Four","Shop Mod","Smile Girya","StSLib"],"gold_per_floor":[109,109,109,134,234,234,265,308,308,308,333,374,374,418,430,568,580,617,653,665,677,729,772,815,863,875,914,926,976,988,1000,1043,793,793,924,924,944,944,394,94,109,144,178,211,211,251,251,251,284,284,284,284,285],"floor_reached":54,"language":"ENG","playtime":2870,"items_purged":["Twin Strike"],"score":1297,"play_id":"203d8a7b-325b-4d88-a144-753c3cf7c775","local_time":"20210210151128","daily_mods":["SealedDeck","Heirloom","Flight","DeadlyEvents","Elite Swarm"],"is_ascension_mode":true,"campfire_choices":[{"data":"Armaments","floor":6.0,"key":"SMITH"},{"data":"Flex","floor":10.0,"key":"SMITH"},{"data":"Feed","floor":13.0,"key":"SMITH"},{"data":"Berserk","floor":15.0,"key":"SMITH"},{"data":"Berserk","floor":28,"key":"SMITH"},{"data":"Demon Form","floor":31,"key":"SMITH"},{"data":"Fiend Fire","floor":34,"key":"SMITH"},{"data":"Double Tap","floor":47,"key":"SMITH"},{"data":"Limit Break","floor":50,"key":"SMITH"},{"data":"Feel No Pain","floor":52,"key":"SMITH"}],"circlet_count":0,"master_deck":["Armaments+1","Shrug It Off","Bloodletting","Battle Trance","Flex+1","Spot Weakness","Twin Strike+1","Twin Strike+1","Twin Strike+1","Feed+1","Reaper+1","Brutality","Berserk+1","Exhume","Inflame","Flame Barrier+1","Exhume","Impervious","Exhume","Fiend Fire+1","Berserk+1","Demon Form+1","Impervious","Offering","Corruption","Feel No Pain+1","Limit Break+1","Impervious","Barricade","Barricade","Double Tap+1","Impervious"],"relics":["Burning Blood","MerchantsRug","TungstenRod","Golden Idol","Pear","Self Forming Clay","Orichalcum","Ancient Tea Set","Runic Pyramid","Mango","Sundial","Darkstone Periapt","Ginger","Magic Flower","Charon\u0027s Ashes","Bottled Flame","Lantern","ClockworkSouvenir","Calling Bell","Boot","Singing Bowl","Thread and Needle","Question Card","Pen Nib","Whetstone","Dead Branch","Du-Vu Doll","Art of War","Nunchaku","MealTicket","Bottled Lightning","HornCleat"],"acts_visited":["Exordium","TheCity","TheBeyond"],"potions_floor_usage":[24,35],"damage_taken":[{"damage":2.0,"enemies":"Jaw Worm","floor":1.0,"turns":1.0},{"damage":0.0,"enemies":"2 Louse","floor":4.0,"turns":2.0},{"damage":8.0,"enemies":"Lagavulin","floor":7.0,"turns":3.0},{"damage":4.0,"enemies":"3 Sentries","floor":8.0,"turns":3.0},{"damage":3.0,"enemies":"Cultist","floor":11.0,"turns":4.0},{"damage":8.0,"enemies":"Gremlin Nob","floor":12.0,"turns":3.0},{"damage":0.0,"enemies":"3 Sentries","floor":14.0,"turns":3.0},{"damage":18.0,"enemies":"The Guardian","floor":16.0,"turns":5.0},{"damage":7,"enemies":"Shell Parasite","floor":18,"turns":2},{"damage":4,"enemies":"3 Byrds","floor":19,"turns":4},{"damage":36,"enemies":"Slavers","floor":22,"turns":5},{"damage":8,"enemies":"Book of Stabbing","floor":23,"turns":4},{"damage":15,"enemies":"Slavers","floor":24,"turns":5},{"damage":18,"enemies":"Gremlin Leader","floor":25,"turns":4},{"damage":33,"enemies":"Slavers","floor":29,"turns":4},{"damage":16,"enemies":"Gremlin Leader","floor":32,"turns":4},{"damage":8,"enemies":"Collector","floor":35,"turns":6},{"damage":24,"enemies":"3 Darklings","floor":37,"turns":5},{"damage":7,"enemies":"Orb Walker","floor":41,"turns":2},{"damage":7,"enemies":"Reptomancer","floor":42,"turns":5},{"damage":0,"enemies":"Giant Head","floor":43,"turns":3},{"damage":0,"enemies":"Nemesis","floor":44,"turns":3},{"damage":2,"enemies":"Giant Head","floor":46,"turns":5},{"damage":21,"enemies":"Nemesis","floor":49,"turns":3},{"damage":19,"enemies":"Awakened One","floor":53,"turns":6}],"seed_played":"-7741770960954219372","potions_obtained":[{"floor":1.0,"key":"Ancient Potion"},{"floor":4.0,"key":"BloodPotion"},{"floor":8.0,"key":"DuplicationPotion"},{"floor":12.0,"key":"HeartOfIron"},{"floor":24,"key":"SteroidPotion"},{"floor":35,"key":"LiquidBronze"},{"floor":49,"key":"LiquidMemories"}],"is_trial":true,"path_per_floor":["M","?","?","M","?","R","E","E","T","R","M","E","R","E","R","B",null,"M","M","?","?","E","E","E","E","T","T","R","E","T","R","E","$","R","B",null,"M","?","$","$","M","E","E","E","T","E","R","?","E","R","T","R","B",null],"character_chosen":"IRONCLAD","items_purchased":["MerchantsRug","ClockworkSouvenir","Feel No Pain","Limit Break","Question Card","Pen Nib","Whetstone"],"campfire_rested":0,"item_purchase_floors":[33,33,39,39,39,40,40],"current_hp_per_floor":[80,61,46,52,52,52,60,66,66,66,72,97,97,101,101,93,105,108,117,117,117,135,137,154,155,155,155,155,167,167,167,166,166,166,175,175,166,163,163,163,167,169,178,187,187,187,187,187,175,175,175,175,187],"gold":285,"neow_bonus":"","is_daily":false,"chose_seed":false,"campfire_upgraded":10,"win_rate":0.0,"timestamp":1612969888,"path_taken":["M","?","?","M","?","R","E","E","T","R","M","E","R","E","R","BOSS","M","?","?","?","?","E","E","E","T","T","R","E","?","R","E","$","R","BOSS","M","?","$","$","?","E","E","E","T","E","R","?","E","R","?","R","BOSS"],"items_purchased_type":["Relic","Relic","Card","Card","Relic","Relic","Relic"],"build_version":"2020-12-22","purchased_purges":1,"victory":true,"max_hp_per_floor":[80,80,80,80,80,80,90,94,94,94,97,97,97,101,101,105,105,109,117,117,117,143,147,155,155,155,155,155,167,167,167,171,171,171,175,175,179,185,185,185,187,187,187,187,187,187,187,187,187,187,187,187,187],"relic_stats":{"Darkstone Periapt":0,"Singing Bowl":8,"counters":[25,94],"Golden Idol":187,"Self Forming Clay":[147],"Dead Branch":[118],"Magic Flower":[31],"Charon\u0027s Ashes":[616],"Pen Nib":[2],"Ginger":[10],"Whetstone":["Twin Strike","Reaper"],"Orichalcum":[72],"Boot":[0],"Question Card":7,"Burning Blood":143,"Nunchaku":[1],"Sundial":[2],"MealTicket":0,"Art of War":[6],"obtain_stats":[{"Darkstone Periapt":24,"Lantern":32,"Singing Bowl":36,"Magic Flower":26,"Mango":22,"Ginger":25,"Whetstone":40,"Ancient Tea Set":12,"Boot":36,"Burning Blood":0,"ClockworkSouvenir":33,"Nunchaku":45,"HornCleat":51,"Sundial":23,"MealTicket":46,"Runic Pyramid":17,"MerchantsRug":33,"Pear":7,"Golden Idol":2,"Self Forming Clay":8,"Dead Branch":42,"Thread and Needle":36,"Charon\u0027s Ashes":29,"Pen Nib":40,"Orichalcum":9,"MawBank":14,"Question Card":39,"Calling Bell":36,"Du-Vu Doll":43,"Bottled Flame":30,"Art of War":44,"Bottled Lightning":49,"TungstenRod":0},{"Darkstone Periapt":13,"Lantern":16,"Singing Bowl":17,"Magic Flower":14,"Mango":11,"Ginger":14,"Whetstone":18,"Ancient Tea Set":6,"Boot":17,"Burning Blood":0,"ClockworkSouvenir":16,"Nunchaku":22,"HornCleat":24,"Sundial":12,"MealTicket":23,"Runic Pyramid":8,"MerchantsRug":16,"Pear":3,"Golden Idol":1,"Self Forming Clay":4,"Dead Branch":20,"Thread and Needle":17,"Charon\u0027s Ashes":15,"Pen Nib":18,"Orichalcum":4,"MawBank":7,"Question Card":18,"Calling Bell":17,"Du-Vu Doll":21,"Bottled Flame":15,"Art of War":22,"Bottled Lightning":24,"TungstenRod":0},{"Darkstone Periapt":44,"Lantern":56,"Singing Bowl":62,"Magic Flower":48,"Mango":35,"Ginger":48,"Whetstone":67,"Ancient Tea Set":16,"Boot":62,"Burning Blood":0,"ClockworkSouvenir":56,"Nunchaku":80,"HornCleat":88,"Sundial":39,"MealTicket":85,"Runic Pyramid":24,"MerchantsRug":56,"Pear":6,"Golden Idol":1,"Self Forming Clay":9,"Dead Branch":74,"Thread and Needle":62,"Charon\u0027s Ashes":52,"Pen Nib":67,"Orichalcum":9,"MawBank":19,"Question Card":67,"Calling Bell":62,"Du-Vu Doll":77,"Bottled Flame":52,"Art of War":80,"Bottled Lightning":88,"TungstenRod":0}],"TungstenRod":98},"card_choices":[{"not_picked":["Seeing Red","Wild Strike"],"picked":"Twin Strike","floor":1.0},{"not_picked":["Carnage","Headbutt","Warcry"],"picked":"SKIP","floor":4.0},{"not_picked":["Exhume","Corruption"],"picked":"Feed","floor":7.0},{"not_picked":["Feed","Brutality"],"picked":"Reaper","floor":8.0},{"not_picked":["Heavy Blade","Warcry","Searing Blow"],"picked":"SKIP","floor":11.0},{"not_picked":["Juggernaut","Exhume"],"picked":"Brutality","floor":12.0},{"not_picked":["Reaper","Bludgeon"],"picked":"Berserk","floor":14.0},{"not_picked":["Feed","Barricade"],"picked":"Exhume","floor":16.0},{"not_picked":["Armaments","Flex"],"picked":"Inflame","floor":18},{"not_picked":["Sword Boomerang+1","Sentinel"],"picked":"Flame Barrier+1","floor":19},{"not_picked":["Reaper","Berserk"],"picked":"Impervious","floor":22},{"not_picked":["Corruption","Barricade"],"picked":"Exhume","floor":23},{"not_picked":["Demon Form","Barricade"],"picked":"Fiend Fire","floor":24},{"not_picked":["Double Tap","Immolate"],"picked":"Berserk","floor":25},{"not_picked":["Corruption","Brutality"],"picked":"Demon Form","floor":29},{"not_picked":["Offering","Brutality"],"picked":"Impervious","floor":32},{"not_picked":["Feed","Immolate"],"picked":"Offering","floor":35},{"not_picked":["Sword Boomerang","Clothesline+1"],"picked":"Corruption","floor":37},{"not_picked":["Violence","Madness","Dramatic Entrance"],"picked":"Singing Bowl","floor":38},{"not_picked":["Dark Shackles","Panacea","Madness"],"picked":"Singing Bowl","floor":38},{"not_picked":["Thinking Ahead","Dramatic Entrance","Enlightenment"],"picked":"Singing Bowl","floor":38},{"not_picked":["Iron Wave","Havoc+1","Rampage+1","Uppercut"],"picked":"Singing Bowl","floor":41},{"not_picked":["Juggernaut","Offering","Demon Form"],"picked":"Impervious","floor":42},{"not_picked":["Limit Break","Feed","Fiend Fire"],"picked":"Barricade","floor":43},{"not_picked":["Brutality","Fiend Fire","Juggernaut"],"picked":"Barricade","floor":44},{"not_picked":["Bludgeon","Immolate","Feed"],"picked":"Double Tap","floor":46},{"not_picked":["Offering","Juggernaut","Reaper"],"picked":"Impervious","floor":49}],"player_experience":858275,"relics_obtained":[{"floor":7.0,"key":"Pear"},{"floor":8.0,"key":"Self Forming Clay"},{"floor":9.0,"key":"Orichalcum"},{"floor":12.0,"key":"Ancient Tea Set"},{"floor":14.0,"key":"MawBank"},{"floor":22,"key":"Mango"},{"floor":23,"key":"Sundial"},{"floor":24,"key":"Darkstone Periapt"},{"floor":25,"key":"Ginger"},{"floor":26,"key":"Magic Flower"},{"floor":29,"key":"Charon\u0027s Ashes"},{"floor":30,"key":"Bottled Flame"},{"floor":32,"key":"Lantern"},{"floor":36,"key":"Boot"},{"floor":36,"key":"Singing Bowl"},{"floor":36,"key":"Thread and Needle"},{"floor":42,"key":"Dead Branch"},{"floor":43,"key":"Du-Vu Doll"},{"floor":44,"key":"Art of War"},{"floor":45,"key":"Nunchaku"},{"floor":46,"key":"MealTicket"},{"floor":49,"key":"Bottled Lightning"},{"floor":51,"key":"HornCleat"}],"event_choices":[{"damage_healed":0.0,"max_hp_gain":0.0,"max_hp_loss":0.0,"gold_gain":0.0,"event_name":"Golden Idol","player_choice":"Take Damage","floor":2.0,"gold_loss":0.0,"damage_taken":20.0,"relics_obtained":["Golden Idol"]},{"damage_healed":61.0,"max_hp_gain":0.0,"max_hp_loss":80.0,"gold_gain":0.0,"event_name":"betterThird:BetterShining","player_choice":"Upgrade","floor":3.0,"gold_loss":0.0,"damage_taken":16.0,"cards_upgraded":["Twin Strike","Twin Strike"]},{"damage_healed":0.0,"max_hp_gain":0.0,"max_hp_loss":0.0,"gold_gain":100.0,"event_name":"Golden Shrine","player_choice":"Pray","floor":5.0,"gold_loss":0.0,"damage_taken":0.0},{"damage_healed":0,"gold_gain":0,"player_choice":"Ignored","damage_taken":0,"max_hp_gain":0,"max_hp_loss":0,"event_name":"Ghosts","floor":20,"gold_loss":0},{"damage_healed":0,"gold_gain":0,"player_choice":"Read","damage_taken":0,"max_hp_gain":0,"max_hp_loss":0,"event_name":"The Library","floor":21,"gold_loss":0,"cards_obtained":["Exhume"]},{"damage_healed":0,"gold_gain":0,"player_choice":"Memory 3","damage_taken":10,"max_hp_gain":0,"max_hp_loss":0,"event_name":"SensoryStone","floor":38,"gold_loss":0},{"cards_removed":["Twin Strike"],"damage_healed":0,"gold_gain":0,"player_choice":"Removed Attack","damage_taken":0,"max_hp_gain":0,"max_hp_loss":0,"event_name":"Falling","floor":48,"gold_loss":0}],"is_beta":false,"boss_relics":[{"not_picked":["Snecko Eye","Runic Cube"],"picked":"Runic Pyramid"},{"not_picked":["Philosopher\u0027s Stone","Fusion Hammer"],"picked":"Calling Bell"}],"items_purged_floors":[39],"is_endless":false,"potions_floor_spawned":[1,4,8,12,14,19,24,29,35,41,42,43,49],"ascension_level":1}}