{"host":"kpyoctgc7jne3jiy","time":1612971641,"event":{"mods":["AchievementEnabler","BaseMod","Minty Spire (QoL Compilation)","Relic Stats"],"gold_per_floor":[112,62,62,74,24,56,56,72,124,200,217,217,229,229,229],"floor_reached":14,"language":"ENG","playtime":603,"items_purged":[],"score":140,"play_id":"6d845ec9-1234-4776-a700-f8f30c32c62c","local_time":"20210210164041","is_ascension_mode":true,"campfire_choices":[{"floor":7,"key":"REST"},{"data":"Neutralize","floor":12,"key":"SMITH"}],"circlet_count":0,"master_deck":["AscendersBane","Strike_G","Strike_G","Defend_G","Defend_G","Defend_G","Defend_G","Survivor","Neutralize+1","Backflip+1","Skewer+1","Well Laid Plans+1","Outmaneuver","Bullet Time","Leg Sweep","PiercingWail"],"relics":["Astrolabe","Smiling Mask","Anchor","Art of War"],"acts_visited":["Exordium"],"potions_floor_usage":[13,14],"damage_taken":[{"damage":0.0,"enemies":"Jaw Worm","floor":1.0,"turns":4.0},{"damage":7.0,"enemies":"Small Slimes","floor":4.0,"turns":4.0},{"damage":44,"enemies":"3 Sentries","floor":6,"turns":14},{"damage":0,"enemies":"Cultist","floor":8,"turns":3},{"damage":0,"enemies":"Blue Slaver","floor":11,"turns":4},{"damage":11,"enemies":"Large Slime","floor":13,"turns":6},{"damage":34,"enemies":"Gremlin Nob","floor":14,"turns":4}],"seed_played":"5602910043973661848","potions_obtained":[{"floor":8,"key":"Dexterity Potion"},{"floor":11,"key":"SkillPotion"}],"is_trial":false,"path_per_floor":["M","?","?","M","?","E","R","M","T","?","M","R","M","E"],"character_chosen":"THE_SILENT","items_purchased":[],"campfire_rested":1,"item_purchase_floors":[],"current_hp_per_floor":[63,63,68,61,61,17,39,39,39,39,39,39,28,0,0],"gold":229,"neow_bonus":"BOSS_RELIC","is_daily":false,"chose_seed":false,"campfire_upgraded":1,"win_rate":0.0,"timestamp":1612971641,"path_taken":["M","?","?","M","?","E","R","?","T","?","M","R","M","E"],"items_purchased_type":[],"build_version":"2020-12-22","purchased_purges":0,"victory":false,"max_hp_per_floor":[70,70,75,75,75,75,75,75,75,75,75,75,75,75,75],"relic_stats":{"counters":[7,39],"Astrolabe":["Backflip","Skewer","Well Laid Plans"],"Art of War":[3],"Smiling Mask":0,"obtain_stats":[{"Anchor":6,"Astrolabe":0,"Art of War":9,"Smiling Mask":5,"Ring of the Snake":0},{"Anchor":3,"Astrolabe":0,"Art of War":4,"Smiling Mask":2,"Ring of the Snake":0},{"Anchor":22,"Astrolabe":0,"Art of War":25,"Smiling Mask":8,"Ring of the Snake":0}]},"card_choices":[{"not_picked":["Backflip","Blade Dance","Prepared"],"picked":"SKIP","floor":1.0},{"not_picked":["Dodge and Roll","Accuracy"],"picked":"Outmaneuver","floor":4},{"not_picked":["Poisoned Stab","Quick Slash"],"picked":"Bullet Time","floor":6},{"not_picked":["Skewer","Outmaneuver","Cloak And Dagger"],"picked":"SKIP","floor":8},{"not_picked":["Outmaneuver","Poisoned Stab"],"picked":"Leg Sweep","floor":11},{"not_picked":["Sucker Punch","Storm of Steel"],"picked":"PiercingWail","floor":13}],"player_experience":355563,"relics_obtained":[{"floor":6,"key":"Anchor"},{"floor":9,"key":"Art of War"}],"event_choices":[{"cards_removed":["Strike_G"],"damage_healed":0.0,"max_hp_gain":0.0,"max_hp_loss":0.0,"gold_gain":0.0,"event_name":"The Cleric","player_choice":"Card Removal","floor":2.0,"gold_loss":50.0,"damage_taken":0.0},{"damage_healed":0.0,"max_hp_gain":5.0,"max_hp_loss":0.0,"gold_gain":0.0,"event_name":"Big Fish","player_choice":"Donut","floor":3.0,"gold_loss":0.0,"damage_taken":0.0},{"damage_healed":0,"gold_gain":0,"player_choice":"Paid Gold","damage_taken":0,"relics_obtained":["Smiling Mask"],"max_hp_gain":0,"max_hp_loss":0,"event_name":"WeMeetAgain","floor":5,"gold_loss":50},{"damage_healed":0,"gold_gain":76,"player_choice":"Gained Gold","damage_taken":0,"max_hp_gain":0,"max_hp_loss":0,"event_name":"Golden Wing","floor":10,"gold_loss":0}],"is_beta":false,"boss_relics":[],"items_purged_floors":[],"is_endless":false,"potions_floor_spawned":[8,11],"killed_by":"Gremlin Nob","ascension_level":11}}