{"host":"je4rgfex33y123xe","time":1612935137,"event":{"mods":["BaseMod","Minty Spire (QoL Compilation)","StSLib"],"gold_per_floor":[217,227,244,244,264,289,289,320,344,344,344,362,396,414,414,509,509,523,523,135,177,79,79,79],"floor_reached":23,"language":"ENG","playtime":34085,"items_purged":["Decay"],"score":264,"play_id":"e9539b13-2f25-411d-8e51-927748fa2d2b","local_time":"20210209233217","is_ascension_mode":true,"campfire_choices":[{"data":"TalkToTheHand","floor":7,"key":"SMITH"},{"floor":10,"key":"REST"},{"floor":15,"key":"REST"}],"circlet_count":0,"master_deck":["Strike_P","Strike_P","Strike_P","Defend_P","Defend_P","Defend_P","Defend_P","Eruption","Vigilance+1","TalkToTheHand+1","CutThroughFate","EmptyFist","FlurryOfBlows","BattleHymn","WaveOfTheHand","MasterReality","LessonLearned","DevaForm","Wish","Discovery"],"relics":["HolyWater","Kunai","Lantern","Vajra","Dream Catcher","TungstenRod"],"acts_visited":["Exordium","TheCity"],"potions_floor_usage":[18,21,23],"damage_taken":[{"damage":8.0,"enemies":"Jaw Worm","floor":1.0,"turns":3.0},{"damage":0.0,"enemies":"Cultist","floor":2.0,"turns":2.0},{"damage":1.0,"enemies":"2 Louse","floor":3.0,"turns":3.0},{"damage":0,"enemies":"Large Slime","floor":5,"turns":4},{"damage":26,"enemies":"Gremlin Nob","floor":6,"turns":5},{"damage":17,"enemies":"3 Sentries","floor":8,"turns":5},{"damage":5,"enemies":"2 Fungi Beasts","floor":12,"turns":3},{"damage":13,"enemies":"Lagavulin","floor":13,"turns":6},{"damage":12,"enemies":"Exordium Wildlife","floor":14,"turns":3},{"damage":26,"enemies":"Slime Boss","floor":16,"turns":8},{"damage":33,"enemies":"3 Byrds","floor":18,"turns":6},{"damage":0,"enemies":"Spheric Guardian","floor":21,"turns":3},{"damage":30,"enemies":"Gremlin Leader","floor":23,"turns":7}],"seed_played":"6462921302474193923","potions_obtained":[{"floor":1.0,"key":"GamblersBrew"},{"floor":3.0,"key":"SpeedPotion"},{"floor":5,"key":"Ambrosia"},{"floor":13,"key":"EntropicBrew"},{"floor":18,"key":"LiquidBronze"},{"floor":21,"key":"FearPotion"}],"is_trial":false,"path_per_floor":["M","M","M","?","M","E","R","E","T","R","?","M","E","M","R","B",null,"M","?","$","M","$","E"],"character_chosen":"WATCHER","items_purchased":["TungstenRod","Discovery"],"campfire_rested":2,"item_purchase_floors":[20,22],"current_hp_per_floor":[64,64,63,63,63,37,37,20,20,41,46,41,28,16,39,13,61,28,28,28,28,28,0,0],"gold":79,"neow_bonus":"HUNDRED_GOLD","is_daily":false,"chose_seed":false,"campfire_upgraded":1,"win_rate":0.0,"timestamp":1612935137,"path_taken":["M","M","M","?","?","E","R","E","T","R","?","M","E","M","R","BOSS","M","?","$","M","$","E"],"items_purchased_type":["Relic","Card"],"build_version":"2020-12-22","purchased_purges":1,"victory":false,"max_hp_per_floor":[72,72,72,72,72,72,72,72,72,72,77,77,77,77,77,77,77,77,77,77,77,77,77,77],"card_choices":[{"not_picked":["FlurryOfBlows","CutThroughFate"],"picked":"TalkToTheHand","floor":1.0},{"not_picked":["Weave","Perseverance"],"picked":"CutThroughFate","floor":2.0},{"not_picked":["Study","Protect"],"picked":"EmptyFist","floor":3.0},{"not_picked":["Sanctity","SandsOfTime"],"picked":"FlurryOfBlows","floor":5},{"not_picked":["Consecrate","WindmillStrike"],"picked":"BattleHymn","floor":6},{"not_picked":["CrushJoints","EmptyBody"],"picked":"WaveOfTheHand","floor":8},{"not_picked":["CrushJoints","Prostrate"],"picked":"MasterReality","floor":12},{"not_picked":["FollowUp","FlyingSleeves"],"picked":"LessonLearned","floor":13},{"not_picked":["Protect","CarveReality","Crescendo"],"picked":"SKIP","floor":14},{"not_picked":["Scrawl","Omniscience"],"picked":"DevaForm","floor":16},{"not_picked":["FlyingSleeves","SashWhip","JustLucky"],"picked":"SKIP","floor":18},{"not_picked":["BowlingBash","WreathOfFlame+1","CrushJoints"],"picked":"SKIP","floor":21}],"player_experience":400233,"relics_obtained":[{"floor":6,"key":"Kunai"},{"floor":8,"key":"Lantern"},{"floor":9,"key":"Vajra"},{"floor":13,"key":"Dream Catcher"}],"event_choices":[{"damage_healed":0,"gold_gain":0,"player_choice":"Cursed","damage_taken":0,"max_hp_gain":0,"max_hp_loss":0,"event_name":"Wheel of Change","floor":4,"gold_loss":0,"cards_obtained":["Decay"]},{"damage_healed":0,"gold_gain":0,"player_choice":"Donut","damage_taken":0,"max_hp_gain":5,"max_hp_loss":0,"event_name":"Big Fish","floor":11,"gold_loss":0},{"damage_healed":0,"gold_gain":0,"cards_transformed":["Strike_P"],"player_choice":"Transformed","damage_taken":0,"max_hp_gain":0,"max_hp_loss":0,"event_name":"Transmorgrifier","floor":19,"gold_loss":0,"cards_obtained":["Wish"]}],"is_beta":false,"boss_relics":[{"not_picked":["Empty Cage","VioletLotus"],"picked":"HolyWater"}],"items_purged_floors":[20],"is_endless":false,"potions_floor_spawned":[1,3,5,12,13,18,21],"killed_by":"Gremlin Leader","ascension_level":5}}