{"host":"fff5e1uasnm04x18","time":1612981154,"event":{"mods":["BaseMod","Highlight Path","Minty Spire (QoL Compilation)","StSLib"],"gold_per_floor":[144,319,319,319,69,159,159,249,249,294,339,304,394,394,394,694,694,739,784,829,829,874,874,874],"floor_reached":23,"language":"ENG","playtime":1782,"items_purged":[],"score":234,"play_id":"80c53821-9727-4953-b5f0-f7f7d24d8c8d","local_time":"20210210131914","daily_mods":["SealedDeck","Purple Cards","Midas"],"is_ascension_mode":false,"campfire_choices":[{"floor":7.0,"key":"REST"},{"floor":15.0,"key":"REST"}],"circlet_count":0,"master_deck":["Evaluate","Backflip","Backflip","Cloak And Dagger","InnerPeace","Vengeance","Riddle With Holes","FearNoEvil","BattleHymn","Infinite Blades","Alpha","LikeWater","Adrenaline","SandsOfTime+1","LikeWater","Endless Agony+1"],"relics":["Ring of the Snake","CultistMask","Singing Bowl","Snake Skull","Vajra","Centennial Puzzle","PreservedInsect","Eternal Feather","WristBlade"],"acts_visited":["Exordium","TheCity"],"potions_floor_usage":[22],"damage_taken":[{"damage":4.0,"enemies":"Jaw Worm","floor":1.0,"turns":4.0},{"damage":14.0,"enemies":"Gremlin Nob","floor":6.0,"turns":4.0},{"damage":19.0,"enemies":"Lagavulin","floor":8.0,"turns":7.0},{"damage":9.0,"enemies":"Small Slimes","floor":10.0,"turns":4.0},{"damage":0.0,"enemies":"Cultist","floor":11.0,"turns":3.0},{"damage":7.0,"enemies":"3 Sentries","floor":13.0,"turns":4.0},{"damage":70.0,"enemies":"Slime Boss","floor":16.0,"turns":5.0},{"damage":28.0,"enemies":"3 Byrds","floor":18.0,"turns":3.0},{"damage":19.0,"enemies":"2 Thieves","floor":19.0,"turns":3.0},{"damage":26.0,"enemies":"Snake Plant","floor":20.0,"turns":5.0},{"damage":1,"enemies":"Chosen and Byrds","floor":22,"turns":4},{"damage":9,"enemies":"Slavers","floor":23,"turns":1}],"seed_played":"-5810517303651203205","potions_obtained":[{"floor":1.0,"key":"PowerPotion"},{"floor":10.0,"key":"Strength Potion"},{"floor":16.0,"key":"Ancient Potion"},{"floor":22,"key":"Fire Potion"}],"is_trial":false,"path_per_floor":["M","?","?","?","$","E","R","E","T","M","M","?","E","?","R","B",null,"M","M","M","?","M","E"],"character_chosen":"THE_SILENT","items_purchased":["Singing Bowl"],"campfire_rested":2,"item_purchase_floors":[5],"current_hp_per_floor":[66,66,59,59,59,45,66,49,49,42,42,60,55,48,76,6,76,50,33,7,7,6,0,0],"gold":874,"neow_bonus":"","is_daily":true,"chose_seed":false,"campfire_upgraded":0,"win_rate":0.0,"timestamp":1612981154,"path_taken":["M","?","?","?","$","E","R","E","T","?","M","?","E","?","R","BOSS","M","M","M","?","?","E"],"items_purchased_type":["Relic"],"build_version":"2020-12-22","purchased_purges":0,"victory":false,"max_hp_per_floor":[70,70,70,70,70,70,70,72,72,74,74,74,76,76,76,76,76,78,80,80,80,80,80,80],"card_choices":[{"not_picked":["EmptyBody","FollowUp","Dagger Throw"],"picked":"SKIP","floor":1.0},{"not_picked":["Deflect","Poisoned Stab"],"picked":"Alpha","floor":6.0},{"not_picked":["CarveReality","Pray","Evaluate"],"picked":"Singing Bowl","floor":8.0},{"not_picked":["FlyingSleeves","Wallop","Dagger Throw"],"picked":"Singing Bowl","floor":10.0},{"not_picked":["EmptyBody","Underhanded Strike"],"picked":"LikeWater","floor":11.0},{"not_picked":["Protect","Acrobatics","Riddle With Holes"],"picked":"Singing Bowl","floor":13.0},{"not_picked":["Ragnarok","Envenom"],"picked":"Adrenaline","floor":16.0},{"not_picked":["EmptyMind","WindmillStrike","FlyingSleeves"],"picked":"Singing Bowl","floor":18.0},{"not_picked":["Reflex","FlurryOfBlows","Noxious Fumes+1"],"picked":"Singing Bowl","floor":19.0},{"not_picked":["BowlingBash","Cloak And Dagger+1"],"picked":"SandsOfTime+1","floor":20.0},{"not_picked":["PiercingWail","Blade Dance"],"picked":"Endless Agony+1","floor":22}],"player_experience":561171,"relics_obtained":[{"floor":6.0,"key":"Snake Skull"},{"floor":8.0,"key":"Vajra"},{"floor":9.0,"key":"Centennial Puzzle"},{"floor":13.0,"key":"PreservedInsect"}],"event_choices":[{"damage_healed":0.0,"max_hp_gain":0.0,"max_hp_loss":0.0,"gold_gain":175.0,"event_name":"Liars Game","player_choice":"AGREE","floor":2.0,"gold_loss":0.0,"damage_taken":0.0,"cards_obtained":["Doubt"]},{"cards_removed":["Doubt"],"damage_healed":0.0,"max_hp_gain":0.0,"max_hp_loss":0.0,"gold_gain":0.0,"event_name":"Golden Wing","player_choice":"Card Removal","floor":3.0,"gold_loss":0.0,"damage_taken":7.0},{"damage_healed":0.0,"max_hp_gain":0.0,"max_hp_loss":0.0,"gold_gain":0.0,"event_name":"FaceTrader","player_choice":"Trade","floor":4.0,"gold_loss":0.0,"damage_taken":0.0,"relics_obtained":["CultistMask"]},{"damage_healed":18.0,"max_hp_gain":0.0,"max_hp_loss":0.0,"gold_gain":0.0,"event_name":"The Cleric","player_choice":"Healed","floor":12.0,"gold_loss":35.0,"damage_taken":0.0},{"damage_healed":0.0,"max_hp_gain":0.0,"max_hp_loss":0.0,"gold_gain":0.0,"event_name":"Scrap Ooze","player_choice":"Success","floor":14.0,"gold_loss":0.0,"damage_taken":7.0,"relics_obtained":["Eternal Feather"]},{"damage_healed":0.0,"max_hp_gain":0.0,"max_hp_loss":0.0,"gold_gain":0.0,"event_name":"Duplicator","player_choice":"Copied","floor":21.0,"gold_loss":0.0,"damage_taken":0.0,"cards_obtained":["LikeWater"]}],"is_beta":false,"boss_relics":[{"not_picked":["Ring of the Serpent","Philosopher\u0027s Stone"],"picked":"WristBlade"}],"items_purged_floors":[],"is_endless":false,"potions_floor_spawned":[1,10,16,18,22],"killed_by":"Slavers","ascension_level":0}}