{"host":"v4tuy5ykrbdcm9o9","time":1612922805,"event":{"mods":["BaseMod","Duelist Mod","Minty Spire (QoL Compilation)","Replay The Spire","StSLib"],"gold_per_floor":[118,118,133,147,38,66,16,16,16],"floor_reached":8,"language":"ENG","playtime":786,"items_purged":[],"score":78,"play_id":"fe26e57c-6a12-4a32-a287-5ef564e6c80b","local_time":"20210209210645","is_ascension_mode":true,"campfire_choices":[],"circlet_count":0,"master_deck":["Strike_B","Strike_B","Strike_B","Strike_B","Defend_B","Defend_B","Defend_B","Defend_B","Zap","Dualcast+1","Conserve Battery","Rebound","Auto Shields","Self Repair","Leap+1","Aggregate"],"relics":["Cracked Core","Prayer Wheel","Centennial Puzzle"],"acts_visited":["Exordium"],"potions_floor_usage":[8,8,8],"damage_taken":[{"damage":2,"enemies":"Jaw Worm","floor":1,"turns":3},{"damage":0,"enemies":"Cultist","floor":3,"turns":3},{"damage":0,"enemies":"2 Louse","floor":4,"turns":2},{"damage":60,"enemies":"Gremlin Nob","floor":6,"turns":6},{"damage":15,"enemies":"3 Sentries","floor":8,"turns":6}],"seed_played":"3892826070524837763","potions_obtained":[{"floor":6,"key":"EntropicBrew"}],"is_trial":false,"path_per_floor":["M","?","M","M","$","E","?","E"],"character_chosen":"DEFECT","items_purchased":["Self Repair","Leap+1"],"campfire_rested":0,"item_purchase_floors":[5,5],"current_hp_per_floor":[73,73,73,73,73,20,20,5,5],"gold":16,"neow_bonus":"TEN_PERCENT_HP_BONUS","is_daily":false,"chose_seed":false,"campfire_upgraded":0,"win_rate":0.0,"timestamp":1612922805,"path_taken":["M","?","?","M","?","E","?","E"],"items_purchased_type":["Card","Card"],"build_version":"2020-12-22","purchased_purges":0,"victory":false,"max_hp_per_floor":[82,82,82,82,82,82,82,82,82],"card_choices":[{"not_picked":["Leap","Cold Snap"],"picked":"Conserve Battery","floor":1},{"not_picked":["ReplayTheSpireMod:GoodbyeWorld","Streamline"],"picked":"Rebound","floor":3},{"not_picked":["Force Field","Reprogram"],"picked":"Auto Shields","floor":4},{"not_picked":["ReplayGash","Force Field"],"picked":"Aggregate","floor":6}],"player_experience":820221,"relics_obtained":[{"floor":6,"key":"Prayer Wheel"}],"event_choices":[{"damage_healed":0,"gold_gain":0,"player_choice":"Forge","damage_taken":0,"max_hp_gain":0,"max_hp_loss":0,"event_name":"Accursed Blacksmith","floor":2,"gold_loss":0,"cards_upgraded":["Dualcast"]},{"damage_healed":0,"gold_gain":0,"player_choice":"Paid Gold","damage_taken":0,"relics_obtained":["Centennial Puzzle"],"max_hp_gain":0,"max_hp_loss":0,"event_name":"WeMeetAgain","floor":7,"gold_loss":50}],"is_beta":false,"boss_relics":[],"items_purged_floors":[],"is_endless":false,"potions_floor_spawned":[6],"killed_by":"3 Sentries","ascension_level":8}}