{"host":"cj3w8v5z0njuqga9","time":1612945507,"event":{"mods":["BaseMod","BetterRewards","Card Forge","Colored Powertips","Custom Start","Minty Spire (QoL Compilation)","Permanent Neow","Relic Stats","Shop Mod","StSLib","Treasure Hunter"],"gold_per_floor":[124,124,137,137,157,157,183,183,207,134,146,321,18,53,53,129,129,145,145,15,29,49,76,76,76,76],"floor_reached":25,"language":"ENG","playtime":977,"items_purged":[],"score":474,"play_id":"21f97c60-6852-44e5-b4d9-963c06014a96","local_time":"20210210022507","is_ascension_mode":true,"campfire_choices":[{"floor":6,"key":"REST"},{"floor":8,"key":"REST"},{"floor":15,"key":"REST"}],"circlet_count":0,"master_deck":["AscendersBane","Strike_B","Strike_B+1","Strike_B+1","Strike_B","Defend_B","Defend_B","Defend_B+1","Defend_B+1","Zap","Dualcast","Echo Form","Ball Lightning","Go for the Eyes+1","TH:TreasureMap+1","Conserve Battery","TH:TreasureMap","Leap","Static Discharge","Fission","Defragment+1","Glacier+1","Self Repair","Rainbow","Lockon","Biased Cognition","Defragment","Loop","Loop","Conserve Battery+1"],"relics":["Cracked Core","Hammer of Thor","Seething Fire","Anvil of the Gods","The Courier","Bronze Scales","Smiling Mask","Vajra","Membership Card","Oddly Smooth Stone","DataDisk","Busted Crown","Ice Cream","Regal Pillow"],"acts_visited":["Exordium","TheCity"],"potions_floor_usage":[14,21,21,23,23,23],"damage_taken":[{"damage":9,"enemies":"Cultist","floor":1,"turns":5},{"damage":13,"enemies":"2 Louse","floor":3,"turns":3},{"damage":9,"enemies":"Jaw Worm","floor":5,"turns":3},{"damage":10,"enemies":"Lagavulin","floor":7,"turns":5},{"damage":2,"enemies":"2 Fungi Beasts","floor":11,"turns":3},{"damage":13,"enemies":"3 Sentries","floor":14,"turns":6},{"damage":0,"enemies":"Hexaghost","floor":16,"turns":8},{"damage":1,"enemies":"Spheric Guardian","floor":18,"turns":5},{"damage":25,"enemies":"2 Thieves","floor":21,"turns":4},{"damage":15,"enemies":"Chosen and Byrds","floor":22,"turns":6},{"damage":39,"enemies":"Gremlin Leader","floor":23,"turns":8},{"damage":31,"enemies":"Slavers","floor":25,"turns":1}],"seed_played":"1164666499754957231","potions_obtained":[{"floor":7,"key":"EssenceOfSteel"},{"floor":11,"key":"AttackPotion"},{"floor":14,"key":"AttackPotion"},{"floor":21,"key":"PotionOfCapacity"},{"floor":22,"key":"EntropicBrew"}],"is_trial":false,"path_per_floor":["M","T","M","?","M","R","E","R","T","$","M","?","$","E","R","B",null,"M","?","$","M","M","E","?","E"],"character_chosen":"DEFECT","items_purchased":["Leap","Static Discharge","Membership Card","Defragment","Glacier","Self Repair","Oddly Smooth Stone","Rainbow","Ice Cream","Loop"],"campfire_rested":3,"item_purchase_floors":[10,10,13,13,13,13,13,13,20,20],"current_hp_per_floor":[37,37,24,24,15,36,26,47,47,47,45,45,45,39,60,67,70,71,71,71,53,52,20,20,0,0],"gold":76,"neow_bonus":"THREE_RARE_CARDS","is_daily":false,"chose_seed":false,"campfire_upgraded":0,"win_rate":0.0,"timestamp":1612945507,"path_taken":["M","?","?","?","M","R","E","R","T","?","M","?","$","E","R","BOSS","M","?","$","M","M","E","?","E"],"items_purchased_type":["Card","Card","Relic","Card","Card","Card","Relic","Card","Relic","Card"],"build_version":"2020-12-22","purchased_purges":0,"victory":false,"max_hp_per_floor":[71,71,71,71,71,71,71,71,71,71,71,71,71,71,71,71,71,71,71,71,71,71,71,71,71,71],"relic_stats":{"Regal Pillow":0,"Busted Crown":12,"counters":[12,57],"Bronze Scales":[170],"Smiling Mask":0,"obtain_stats":[{"Ice Cream":20,"Regal Pillow":23,"Vajra":9,"Oddly Smooth Stone":13,"Hammer of Thor":0,"The Courier":2,"Seething Fire":0,"Smiling Mask":7,"DataDisk":14,"Busted Crown":17,"Anvil of the Gods":0,"Bronze Scales":4,"Membership Card":13,"Cracked Core":0},{"Ice Cream":8,"Regal Pillow":11,"Vajra":4,"Oddly Smooth Stone":5,"Hammer of Thor":0,"The Courier":1,"Seething Fire":0,"Smiling Mask":4,"DataDisk":6,"Busted Crown":7,"Anvil of the Gods":0,"Bronze Scales":2,"Membership Card":5,"Cracked Core":0},{"Ice Cream":38,"Regal Pillow":56,"Vajra":16,"Oddly Smooth Stone":19,"Hammer of Thor":0,"The Courier":5,"Seething Fire":0,"Smiling Mask":16,"DataDisk":25,"Busted Crown":33,"Anvil of the Gods":0,"Bronze Scales":8,"Membership Card":19,"Cracked Core":0}]},"card_choices":[{"not_picked":["Thunder Strike","Fission"],"picked":"Echo Form","floor":0},{"not_picked":["Coolheaded","Barrage"],"picked":"Ball Lightning","floor":1},{"not_picked":["TH:PixieDust"],"picked":"TH:Mimic","floor":2},{"not_picked":["Melter","Double Energy"],"picked":"Go for the Eyes","floor":3},{"not_picked":["Consume","BootSequence","Hologram"],"picked":"SKIP","floor":5},{"not_picked":["TH:DeckOfManyThings"],"picked":"TH:TreasureMap","floor":7},{"not_picked":["Chill","Aggregate"],"picked":"Conserve Battery","floor":7},{"not_picked":["TH:PixieDust"],"picked":"TH:TreasureMap","floor":9},{"not_picked":["Turbo","Double Energy"],"picked":"Fission","floor":11},{"not_picked":["Rebound","Ball Lightning"],"picked":"Lockon","floor":14},{"not_picked":["TH:CursedSword","TH:EnergyPotion"],"picked":"SKIP","floor":14},{"not_picked":["Meteor Strike","Echo Form"],"picked":"Biased Cognition","floor":16},{"not_picked":["Hologram"],"picked":"SKIP","floor":18},{"not_picked":[],"picked":"Loop","floor":21},{"not_picked":[],"picked":"Conserve Battery+1","floor":22},{"not_picked":["TH:EnergyPotion"],"picked":"SKIP","floor":23},{"not_picked":["Aggregate"],"picked":"SKIP","floor":23}],"player_experience":383202,"relics_obtained":[{"floor":2,"key":"The Courier"},{"floor":7,"key":"Smiling Mask"},{"floor":9,"key":"Vajra"},{"floor":14,"key":"DataDisk"},{"floor":23,"key":"Regal Pillow"}],"event_choices":[{"damage_healed":0,"gold_gain":0,"player_choice":"Box","damage_taken":0,"relics_obtained":["Bronze Scales"],"max_hp_gain":0,"max_hp_loss":0,"event_name":"Big Fish","floor":4,"gold_loss":0,"cards_obtained":["Regret"]},{"damage_healed":0,"gold_gain":175,"player_choice":"AGREE","damage_taken":0,"max_hp_gain":0,"max_hp_loss":0,"event_name":"Liars Game","floor":12,"gold_loss":0,"cards_obtained":["Doubt"]},{"damage_healed":0,"gold_gain":0,"player_choice":"Read","damage_taken":0,"max_hp_gain":0,"max_hp_loss":0,"event_name":"The Library","floor":19,"gold_loss":0,"cards_obtained":["Defragment"]},{"cards_removed":["TH:Mimic"],"damage_healed":0,"gold_gain":0,"player_choice":"Elegance","damage_taken":0,"max_hp_gain":0,"max_hp_loss":0,"event_name":"Back to Basics","floor":24,"gold_loss":0}],"is_beta":false,"boss_relics":[{"not_picked":["Sozu","Ectoplasm"],"picked":"Busted Crown"}],"items_purged_floors":[],"is_endless":false,"potions_floor_spawned":[7,11,14,21,22],"killed_by":"Slavers","ascension_level":14}}