{"host":"ypzb5vvnu9f3ii1t","time":1612965305,"event":{"mods":["AchievementEnabler","BaseMod","Colored Map","DeckTracker","Keyboard Shortcuts","Minty Spire (QoL Compilation)","Permanent Neow","Quick Restart","SuperFastMode"],"gold_per_floor":[118,118,68,80,255,255,283,283,362,382,129,151,183,183,183,183,183],"floor_reached":16,"language":"KOR","playtime":468,"items_purged":["Doubt"],"score":183,"play_id":"c4be1d68-f13c-4ae7-9118-a99ef0f6f0b8","local_time":"20210210225505","is_ascension_mode":true,"campfire_choices":[{"data":"Footwork","floor":6,"key":"SMITH"},{"data":"Footwork","floor":8,"key":"SMITH"},{"floor":15,"key":"REST"}],"circlet_count":0,"master_deck":["Strike_G","Strike_G","Strike_G","Strike_G","Defend_G","Defend_G","Defend_G","Defend_G","Survivor","Neutralize","Backflip","Footwork+1","Footwork+1","Dagger Spray","Blade Dance","PiercingWail"],"relics":["Ring of the Snake","NeowsBlessing","Matryoshka","InkBottle","White Beast Statue","Sling","Odd Mushroom","Singing Bowl"],"acts_visited":["Exordium"],"potions_floor_usage":[12,13,16],"damage_taken":[{"damage":0,"enemies":"Small Slimes","floor":1,"turns":1},{"damage":0,"enemies":"2 Louse","floor":4,"turns":1},{"damage":0,"enemies":"Gremlin Nob","floor":7,"turns":1},{"damage":0,"enemies":"Cultist","floor":10,"turns":8},{"damage":12,"enemies":"The Mushroom Lair","floor":12,"turns":3},{"damage":5,"enemies":"3 Sentries","floor":13,"turns":6},{"damage":19,"enemies":"The Guardian","floor":16,"turns":9}],"seed_played":"5191192901810833433","potions_obtained":[{"floor":4,"key":"EssenceOfSteel"},{"floor":10,"key":"DistilledChaos"},{"floor":12,"key":"Fire Potion"},{"floor":13,"key":"LiquidBronze"}],"is_trial":false,"path_per_floor":["M","?","?","M","?","R","E","R","T","M","$","?","E","?","R","B"],"character_chosen":"THE_SILENT","items_purchased":["Sling","Blade Dance"],"campfire_rested":1,"item_purchase_floors":[11,11],"current_hp_per_floor":[63,68,68,68,68,68,68,68,68,68,68,56,53,46,69,50,50],"gold":183,"neow_bonus":"THREE_ENEMY_KILL","is_daily":false,"chose_seed":false,"campfire_upgraded":2,"win_rate":0.0,"timestamp":1612965305,"path_taken":["M","?","?","M","?","R","E","R","T","M","$","?","E","?","R","BOSS"],"items_purchased_type":["Relic","Card"],"build_version":"2020-12-22","purchased_purges":1,"victory":false,"max_hp_per_floor":[70,75,75,75,75,75,75,75,75,75,75,75,77,77,77,77,77],"card_choices":[{"not_picked":["Dagger Throw","PiercingWail"],"picked":"Backflip","floor":1},{"not_picked":["Backstab","Quick Slash"],"picked":"Footwork","floor":4},{"not_picked":["All Out Attack","Phantasmal Killer"],"picked":"Footwork","floor":7},{"not_picked":["Dagger Spray","Caltrops","Underhanded Strike"],"picked":"SKIP","floor":10},{"not_picked":["Caltrops","Underhanded Strike"],"picked":"Dagger Spray","floor":10},{"not_picked":["Well Laid Plans","Sucker Punch"],"picked":"PiercingWail","floor":12},{"not_picked":["Concentrate","Heel Hook","Underhanded Strike"],"picked":"Singing Bowl","floor":13}],"player_experience":202188,"relics_obtained":[{"floor":7,"key":"Matryoshka"},{"floor":9,"key":"InkBottle"},{"floor":9,"key":"White Beast Statue"},{"floor":12,"key":"Odd Mushroom"},{"floor":13,"key":"Singing Bowl"}],"event_choices":[{"damage_healed":0,"gold_gain":0,"player_choice":"Donut","damage_taken":0,"max_hp_gain":5,"max_hp_loss":0,"event_name":"Big Fish","floor":2,"gold_loss":0},{"cards_removed":["Defend_G"],"damage_healed":0,"gold_gain":0,"player_choice":"Card Removal","damage_taken":0,"max_hp_gain":0,"max_hp_loss":0,"event_name":"The Cleric","floor":3,"gold_loss":50},{"damage_healed":0,"gold_gain":175,"player_choice":"AGREE","damage_taken":0,"max_hp_gain":0,"max_hp_loss":0,"event_name":"Liars Game","floor":5,"gold_loss":0,"cards_obtained":["Doubt"]},{"damage_healed":0,"gold_gain":0,"player_choice":"Fought Mushrooms","damage_taken":0,"max_hp_gain":0,"max_hp_loss":0,"event_name":"Mushrooms","floor":12,"gold_loss":0},{"cards_removed":["Strike_G"],"damage_healed":0,"gold_gain":0,"player_choice":"Card Removal","damage_taken":7,"max_hp_gain":0,"max_hp_loss":0,"event_name":"Golden Wing","floor":14,"gold_loss":0}],"is_beta":false,"boss_relics":[],"items_purged_floors":[11],"is_endless":false,"potions_floor_spawned":[4,10,12,13],"killed_by":"The Guardian","ascension_level":8}}