{"host":"2l3i55whvwk76mom","time":1612923834,"event":{"mods":["BaseMod","Googly Eyes","Hermit","Hubris","Minty Spire (QoL Compilation)","Replay The Spire","StSLib","The Cursed","The Disciple","The Hierophant","The Jungle"],"gold_per_floor":[114,114,124,74,74,118,118,156,156,82,122,122,163,14,14,144,144,162,182,66,66,66],"floor_reached":21,"language":"ENG","playtime":891,"items_purged":["Strike_G"],"score":274,"play_id":"2b933bfa-e5e5-41ea-8a39-f81efa376747","local_time":"20210209182354","is_ascension_mode":true,"campfire_choices":[{"data":"Accuracy","floor":7,"key":"SMITH"},{"floor":12,"key":"REST"}],"circlet_count":0,"master_deck":["Strike_G+1","Strike_G","Strike_G","Strike_G","Strike_G","Defend_G","Defend_G","Defend_G","Defend_G","Defend_G","Survivor","Neutralize","Dagger Spray","Flying Knee","Blade Dance","Accuracy+1","Die Die Die","Accuracy","Escape Plan","Night Terror","Fluid Movement+1","PiercingWail+1","ReplayTheSpireMod:Scrap Shanks+1"],"relics":["Ring of the Snake","NeowsBlessing","Golden Idol","Prayer Wheel","hubris:AncientText","Singing Bowl","Vajra","Blue Doll","Anchor","Runic Pyramid"],"acts_visited":["Exordium","TheCity"],"potions_floor_usage":[11,13,16],"damage_taken":[{"damage":0,"enemies":"Jaw Worm","floor":1,"turns":1},{"damage":0,"enemies":"Cultist","floor":3,"turns":1},{"damage":0,"enemies":"Gremlin Nob","floor":6,"turns":1},{"damage":17,"enemies":"Lagavulin","floor":8,"turns":5},{"damage":21,"enemies":"Gremlin Nob","floor":11,"turns":4},{"damage":35,"enemies":"Lagavulin","floor":13,"turns":4},{"damage":18,"enemies":"Fading Forest","floor":16,"turns":11},{"damage":30,"enemies":"Chosen","floor":18,"turns":5},{"damage":18,"enemies":"2 Thieves","floor":19,"turns":5},{"damage":26,"enemies":"Sentry and Sphere","floor":21,"turns":5}],"seed_played":"5862643647829341849","potions_obtained":[{"floor":3,"key":"Strength Potion"},{"floor":8,"key":"ColorlessPotion"},{"floor":13,"key":"SkillPotion"},{"floor":19,"key":"Weak Potion"}],"is_trial":false,"path_per_floor":["M","?","M","?","?","E","R","E","T","$","E","R","E","$","R","B",null,"M","M","$","M"],"character_chosen":"THE_SILENT","items_purchased":["Accuracy","Anchor","ReplayTheSpireMod:Scrap Shanks+1"],"campfire_rested":1,"item_purchase_floors":[10,14,20],"current_hp_per_floor":[70,70,70,70,65,65,65,48,48,48,27,46,13,13,13,3,67,39,23,23,0,0],"gold":66,"neow_bonus":"THREE_ENEMY_KILL","is_daily":false,"chose_seed":false,"campfire_upgraded":1,"win_rate":0.0,"timestamp":1612923834,"path_taken":["M","?","?","?","?","E","R","E","T","$","E","R","E","$","R","BOSS","M","M","$","M"],"items_purchased_type":["Card","Relic","Card"],"build_version":"2020-12-22","purchased_purges":1,"victory":false,"max_hp_per_floor":[70,70,70,70,65,65,65,65,65,65,65,65,67,67,67,67,67,69,71,71,71,71],"card_choices":[{"not_picked":["Outmaneuver","Prepared"],"picked":"Dagger Spray","floor":1},{"not_picked":["Poisoned Stab","Cloak And Dagger"],"picked":"Blade Dance","floor":3},{"not_picked":["Deflect","Terror"],"picked":"Accuracy","floor":6},{"not_picked":["Prepared","ReplayTheSpireMod:Speed Training"],"picked":"Die Die Die","floor":8},{"not_picked":["Outmaneuver","Sucker Punch"],"picked":"Escape Plan","floor":11},{"not_picked":["Slice","Flying Knee","Fluid Movement"],"picked":"Singing Bowl","floor":13},{"not_picked":["Glass Knife","Tools of the Trade"],"picked":"Night Terror","floor":16},{"not_picked":["hubris:TrickCloak","Escape Plan","Backflip"],"picked":"Singing Bowl","floor":18},{"not_picked":["Poisoned Stab","Slice","Fluid Movement+1"],"picked":"SKIP","floor":18},{"not_picked":["Poisoned Stab","Slice"],"picked":"Fluid Movement+1","floor":18},{"not_picked":["Distraction","Riddle With Holes"],"picked":"PiercingWail+1","floor":19},{"not_picked":["Hidden Blade","Backflip","Replay:Poison Smokescreen"],"picked":"Singing Bowl","floor":19}],"player_experience":362128,"relics_obtained":[{"floor":6,"key":"Prayer Wheel"},{"floor":8,"key":"hubris:AncientText"},{"floor":9,"key":"Singing Bowl"},{"floor":11,"key":"Vajra"},{"floor":13,"key":"Blue Doll"}],"event_choices":[{"damage_healed":0,"gold_gain":0,"player_choice":"2 cards matched","damage_taken":0,"max_hp_gain":0,"max_hp_loss":0,"event_name":"Match and Keep!","floor":2,"gold_loss":0,"cards_obtained":["Setup","Flying Knee"]},{"cards_removed":["Setup"],"damage_healed":0,"gold_gain":0,"player_choice":"Card Removal","damage_taken":0,"max_hp_gain":0,"max_hp_loss":0,"event_name":"The Cleric","floor":4,"gold_loss":50},{"damage_healed":0,"gold_gain":0,"player_choice":"Lose Max HP","damage_taken":0,"relics_obtained":["Golden Idol"],"max_hp_gain":0,"max_hp_loss":5,"event_name":"Golden Idol","floor":5,"gold_loss":0}],"is_beta":false,"boss_relics":[{"not_picked":["Busted Crown","Snecko Eye"],"picked":"Runic Pyramid"}],"items_purged_floors":[20],"is_endless":false,"potions_floor_spawned":[3,8,13,19],"killed_by":"Sentry and Sphere","ascension_level":4}}