{"host":"b7j598ve05halrwk","time":1612931741,"event":{"mods":["2.2 Compatiblity","BaseMod","Block Reminder","DeckTracker","Minty Spire (QoL Compilation)","Relic Stats","Slay the Relics Exporter","StSLib","ojb\u0027s Better Paths Mod","ojb\u0027s Info Mod"],"gold_per_floor":[109,129,0,15,30,57,68,143,143,143,162,188,188,188,188],"floor_reached":14,"language":"ENG","playtime":578,"items_purged":["Parasite"],"score":204,"play_id":"77daa5a4-5867-4dd0-b79e-053281f9e896","local_time":"20210209233541","is_ascension_mode":true,"campfire_choices":[{"data":"Sweeping Beam","floor":10,"key":"SMITH"}],"circlet_count":0,"master_deck":["AscendersBane","Strike_B","Strike_B","Strike_B","Strike_B","Defend_B","Defend_B","Defend_B","Defend_B","Zap","Dualcast","Beam Cell","Compile Driver","Steam","Ball Lightning","Reboot","Sweeping Beam+1","Lockon"],"relics":["Cracked Core","TungstenRod","Sundial","Pantograph","Dream Catcher","Golden Idol"],"acts_visited":["Exordium"],"potions_floor_usage":[6,6],"damage_taken":[{"damage":0,"enemies":"Cultist","floor":1,"turns":3},{"damage":0,"enemies":"Small Slimes","floor":2,"turns":3},{"damage":2,"enemies":"2 Louse","floor":4,"turns":3},{"damage":5,"enemies":"Large Slime","floor":5,"turns":5},{"damage":7,"enemies":"Gremlin Nob","floor":6,"turns":3},{"damage":2,"enemies":"Blue Slaver","floor":7,"turns":4},{"damage":5,"enemies":"Looter","floor":11,"turns":2},{"damage":26,"enemies":"3 Sentries","floor":12,"turns":5},{"damage":8,"enemies":"Gremlin Nob","floor":14,"turns":2}],"seed_played":"-624398174288192500","potions_obtained":[{"floor":2,"key":"SteroidPotion"},{"floor":7,"key":"SpeedPotion"}],"is_trial":false,"path_per_floor":["M","M","$","M","M","E","M","?","T","R","M","E","?","E"],"character_chosen":"DEFECT","items_purchased":["Explosive Potion"],"campfire_rested":0,"item_purchase_floors":[3],"current_hp_per_floor":[64,64,64,62,57,50,48,38,38,38,33,7,7,0,0],"gold":188,"neow_bonus":"ONE_RARE_RELIC","is_daily":false,"chose_seed":false,"campfire_upgraded":1,"win_rate":0.0,"timestamp":1612931741,"path_taken":["M","M","$","M","M","E","M","?","T","R","M","E","?","E"],"items_purchased_type":["Potion"],"build_version":"2020-12-22","purchased_purges":1,"victory":false,"max_hp_per_floor":[71,71,68,68,68,68,68,68,68,68,68,68,62,62,62],"relic_stats":{"Dream Catcher":0,"counters":[9,30],"Sundial":[2],"Golden Idol":0,"Pantograph":0,"obtain_stats":[{"Dream Catcher":12,"Sundial":6,"Golden Idol":13,"Pantograph":9,"Cracked Core":0,"TungstenRod":0},{"Dream Catcher":8,"Sundial":5,"Golden Idol":8,"Pantograph":6,"Cracked Core":0,"TungstenRod":0},{"Dream Catcher":28,"Sundial":17,"Golden Idol":28,"Pantograph":21,"Cracked Core":0,"TungstenRod":0}],"TungstenRod":13},"card_choices":[{"not_picked":["Tempest","Stack"],"picked":"Beam Cell","floor":1},{"not_picked":["Auto Shields","Stack"],"picked":"Compile Driver","floor":2},{"not_picked":["Leap","Redo"],"picked":"Steam","floor":4},{"not_picked":["Stack","Hologram"],"picked":"Ball Lightning","floor":5},{"not_picked":["Loop","Sweeping Beam"],"picked":"Reboot","floor":6},{"not_picked":["Hello World","Darkness"],"picked":"Sweeping Beam","floor":7},{"not_picked":["Sweeping Beam","Tempest"],"picked":"Lockon","floor":11},{"not_picked":["Reprogram","Beam Cell","Stack"],"picked":"SKIP","floor":12}],"player_experience":1135001,"relics_obtained":[{"floor":6,"key":"Sundial"},{"floor":9,"key":"Pantograph"},{"floor":12,"key":"Dream Catcher"}],"event_choices":[{"damage_healed":0,"gold_gain":75,"player_choice":"Gather Gold","damage_taken":11,"max_hp_gain":0,"max_hp_loss":0,"event_name":"World of Goop","floor":8,"gold_loss":0},{"damage_healed":0,"gold_gain":0,"player_choice":"Lose Max HP","damage_taken":0,"relics_obtained":["Golden Idol"],"max_hp_gain":0,"max_hp_loss":6,"event_name":"Golden Idol","floor":13,"gold_loss":0}],"is_beta":false,"boss_relics":[],"items_purged_floors":[3],"is_endless":false,"potions_floor_spawned":[2,5,7],"killed_by":"Gremlin Nob","ascension_level":20}}