{"host":"z609fbm6pkeriks8","time":1612920060,"event":{"mods":["AchievementEnabler","BaseMod","Colored Map","Colored Powertips","Highlight Path","Minty Spire (QoL Compilation)","StSLib"],"gold_per_floor":[115,128,138,158,158,191,205,53,80,90,90,90,119,132,132,235,235,245,245,256,256,256,290,215,215,215,233,250,12,12,26,26,123,123,136,152,171,182,182,182],"floor_reached":39,"language":"ZHS","playtime":1626,"items_purged":["Strike_R","Strike_R"],"score":585,"play_id":"95949d73-3fca-44cf-a017-2cb1d0695a23","local_time":"20210210092100","is_ascension_mode":true,"campfire_choices":[{"data":"Armaments","floor":12,"key":"SMITH"},{"data":"Barricade","floor":15,"key":"SMITH"},{"data":"Fire Breathing","floor":25,"key":"SMITH"},{"data":"Second Wind","floor":32,"key":"SMITH"}],"circlet_count":0,"master_deck":["Defend_R","Bash","Cleave+1","Power Through","Armaments+1","Sword Boomerang","Barricade+1","Fire Breathing+1","Sever Soul","Parasite","Impervious","Exhume","Feel No Pain","Hemokinesis","Shrug It Off","Body Slam+1","Second Wind+1","Feed","Entrench+1","Juggernaut","Demon Form","Battle Trance","Heavy Blade"],"relics":["Burning Blood","Strawberry","Blood Vial","PreservedInsect","Velvet Choker","Whetstone","Singing Bowl","Bottled Tornado","Mark of Pain"],"acts_visited":["Exordium","TheCity","TheBeyond"],"potions_floor_usage":[27,31,33,33,35],"damage_taken":[{"damage":6,"enemies":"2 Louse","floor":1,"turns":3},{"damage":1,"enemies":"Cultist","floor":2,"turns":3},{"damage":2,"enemies":"Jaw Worm","floor":3,"turns":3},{"damage":11,"enemies":"Blue Slaver","floor":4,"turns":5},{"damage":35,"enemies":"3 Sentries","floor":6,"turns":8},{"damage":21,"enemies":"Large Slime","floor":7,"turns":5},{"damage":13,"enemies":"3 Louse","floor":10,"turns":4},{"damage":0,"enemies":"Lagavulin","floor":13,"turns":9},{"damage":11,"enemies":"Looter","floor":14,"turns":4},{"damage":28,"enemies":"Slime Boss","floor":16,"turns":10},{"damage":17,"enemies":"3 Byrds","floor":18,"turns":6},{"damage":11,"enemies":"Chosen","floor":20,"turns":7},{"damage":31,"enemies":"Slavers","floor":23,"turns":6},{"damage":2,"enemies":"Snake Plant","floor":27,"turns":6},{"damage":40,"enemies":"Chosen and Byrds","floor":28,"turns":5},{"damage":2,"enemies":"3 Cultists","floor":31,"turns":9},{"damage":8,"enemies":"Collector","floor":33,"turns":9},{"damage":0,"enemies":"3 Shapes","floor":35,"turns":6},{"damage":0,"enemies":"Orb Walker","floor":36,"turns":4},{"damage":15,"enemies":"Jaw Worm Horde","floor":37,"turns":5},{"damage":36,"enemies":"Transient","floor":38,"turns":5},{"damage":84,"enemies":"2 Orb Walkers","floor":39,"turns":3}],"seed_played":"8937777446976532530","potions_obtained":[{"floor":2,"key":"EntropicBrew"},{"floor":4,"key":"PowerPotion"},{"floor":6,"key":"Block Potion"},{"floor":10,"key":"Swift Potion"},{"floor":14,"key":"BloodPotion"},{"floor":27,"key":"BloodPotion"},{"floor":33,"key":"SkillPotion"},{"floor":36,"key":"Weak Potion"}],"is_trial":false,"path_per_floor":["M","M","M","M","?","E","M","$","T","M","?","R","E","M","R","B",null,"M","?","M","?","?","E","?","R","T","M","M","$","T","M","R","B",null,"M","M","M","M","?"],"character_chosen":"IRONCLAD","items_purchased":["Fire Breathing","Juggernaut"],"campfire_rested":0,"item_purchase_floors":[8,29],"current_hp_per_floor":[56,61,65,60,60,38,23,23,23,18,39,39,47,44,44,24,87,76,76,73,73,73,50,50,50,50,73,43,43,43,72,72,72,94,94,96,89,61,0,0],"gold":182,"neow_bonus":"REMOVE_TWO","is_daily":false,"chose_seed":false,"campfire_upgraded":4,"win_rate":0.0,"timestamp":1612920060,"path_taken":["M","M","M","M","?","E","M","$","T","?","?","R","E","M","R","BOSS","M","?","M","?","?","E","?","R","T","M","M","$","?","M","R","BOSS","M","M","M","M","?"],"items_purchased_type":["Card","Card"],"build_version":"2020-12-22","purchased_purges":2,"victory":false,"max_hp_per_floor":[80,80,80,80,80,87,87,87,87,87,87,87,87,87,87,87,87,87,87,87,87,87,87,87,87,87,87,89,89,89,94,94,94,94,94,96,98,98,98,98],"card_choices":[{"not_picked":["Sword Boomerang","Wild Strike"],"picked":"Cleave","floor":1},{"not_picked":["Dual Wield","Clash"],"picked":"Power Through","floor":2},{"not_picked":["Twin Strike","Dark Embrace"],"picked":"Armaments","floor":3},{"not_picked":["Anger","Warcry"],"picked":"Sword Boomerang","floor":4},{"not_picked":["Shockwave","Pommel Strike"],"picked":"Barricade","floor":6},{"not_picked":["Shockwave","Anger","Pommel Strike"],"picked":"SKIP","floor":7},{"not_picked":["True Grit","Clash"],"picked":"Sever Soul","floor":10},{"not_picked":["Infernal Blade","Searing Blow"],"picked":"Impervious","floor":13},{"not_picked":["Pommel Strike","Rage","Body Slam"],"picked":"SKIP","floor":14},{"not_picked":["Offering","Brutality"],"picked":"Exhume","floor":16},{"not_picked":["True Grit","Heavy Blade"],"picked":"Feel No Pain","floor":18},{"not_picked":["Warcry","Perfected Strike+1"],"picked":"Body Slam","floor":20},{"not_picked":["Warcry+1","Iron Wave+1"],"picked":"Feed","floor":23},{"not_picked":["Iron Wave","Body Slam"],"picked":"Entrench+1","floor":27},{"not_picked":["Perfected Strike","Pommel Strike+1","Corruption"],"picked":"Singing Bowl","floor":28},{"not_picked":["Body Slam","Havoc","Blood for Blood"],"picked":"Singing Bowl","floor":31},{"not_picked":["Brutality","Fiend Fire"],"picked":"Demon Form","floor":33},{"not_picked":["Carnage","Flame Barrier"],"picked":"Battle Trance","floor":35},{"not_picked":["Warcry+1","Uppercut+1","Combust"],"picked":"Singing Bowl","floor":36},{"not_picked":["Flex","Thunderclap+1","Clothesline"],"picked":"Singing Bowl","floor":37},{"not_picked":["Inflame","Iron Wave+1"],"picked":"Heavy Blade","floor":38}],"player_experience":51597,"relics_obtained":[{"floor":6,"key":"Strawberry"},{"floor":9,"key":"Blood Vial"},{"floor":13,"key":"PreservedInsect"},{"floor":23,"key":"Whetstone"},{"floor":26,"key":"Singing Bowl"},{"floor":30,"key":"Bottled Tornado"}],"event_choices":[{"cards_removed":["Defend_R"],"damage_healed":0,"gold_gain":0,"player_choice":"Offered Basic","damage_taken":0,"max_hp_gain":0,"max_hp_loss":0,"event_name":"Bonfire Elementals","floor":5,"gold_loss":0},{"damage_healed":21,"gold_gain":0,"player_choice":"Healed and dodged fight","damage_taken":0,"max_hp_gain":0,"max_hp_loss":0,"event_name":"Mushrooms","floor":11,"gold_loss":0,"cards_obtained":["Parasite"]},{"damage_healed":0,"gold_gain":0,"cards_transformed":["Defend_R","Strike_R"],"player_choice":"Became Test Subject","damage_taken":0,"max_hp_gain":0,"max_hp_loss":0,"event_name":"Drug Dealer","floor":19,"gold_loss":0,"cards_obtained":["Hemokinesis","Shrug It Off"]},{"damage_healed":0,"gold_gain":0,"player_choice":"Ignored","damage_taken":0,"max_hp_gain":0,"max_hp_loss":0,"event_name":"Ghosts","floor":21,"gold_loss":0},{"damage_healed":0,"gold_gain":0,"player_choice":"Read","damage_taken":0,"max_hp_gain":0,"max_hp_loss":0,"event_name":"The Library","floor":22,"gold_loss":0,"cards_obtained":["Second Wind"]},{"cards_removed":["Defend_R"],"damage_healed":0,"gold_gain":0,"player_choice":"Gave Gold","damage_taken":0,"max_hp_gain":0,"max_hp_loss":0,"event_name":"Beggar","floor":24,"gold_loss":75},{"damage_healed":0,"gold_gain":0,"player_choice":"Fight","damage_taken":0,"max_hp_gain":0,"max_hp_loss":0,"event_name":"Mysterious Sphere","floor":39,"gold_loss":0}],"is_beta":false,"boss_relics":[{"not_picked":["Fusion Hammer","SacredBark"],"picked":"Velvet Choker"},{"not_picked":["Runic Dome","Snecko Eye"],"picked":"Mark of Pain"}],"items_purged_floors":[8,29],"is_endless":false,"potions_floor_spawned":[2,4,6,10,14,27,33,36],"killed_by":"2 Orb Walkers","ascension_level":4}}