{"host":"9kesdg97wkrx2bva","time":1612937822,"event":{"mods":["AchievementEnabler","BaseMod","Colored Map","GifTheSpireLib","Infinite Spire","Minty Spire (QoL Compilation)","Replay The Spire","StSLib"],"gold_per_floor":[359,359,372,386,116,146,146,146,146,146,160,181,201,13,13,106,106,121,134,134,134],"floor_reached":20,"language":"ENG","playtime":514,"items_purged":["Strike_B","Strike_B"],"score":429,"play_id":"4837103c-bea0-4216-bb5f-1f9dd4fe3798","local_time":"20210210001702","is_ascension_mode":true,"campfire_choices":[{"data":"Zap","floor":7,"key":"SMITH"},{"floor":15,"key":"REST"}],"circlet_count":0,"master_deck":["AscendersBane","Strike_B","Strike_B","Defend_B","Defend_B","Defend_B","Defend_B","Zap+1","Dualcast","Strike_G","Sunder","Melter+1","Defragment","Beam Cell","Streamline","Scrape","Scrape+1","Loop","Go for the Eyes+1","Echo Form","Conserve Battery"],"relics":["Cracked Core","Membership Card","Molten Egg 2","Golden Idol","infinitespire:Eraser","Replay:Bottled Snecko","Busted Crown"],"acts_visited":["Exordium","TheCity"],"potions_floor_usage":[6,6,13,16,16,18,19],"damage_taken":[{"damage":14,"enemies":"Jaw Worm","floor":1,"turns":4},{"damage":10,"enemies":"Small Slimes","floor":3,"turns":3},{"damage":0,"enemies":"2 Louse","floor":4,"turns":2},{"damage":10,"enemies":"3 Sentries","floor":6,"turns":4},{"damage":14,"enemies":"Red Slaver","floor":11,"turns":2},{"damage":8,"enemies":"Blue Slaver","floor":12,"turns":2},{"damage":2,"enemies":"Looter","floor":13,"turns":2},{"damage":0,"enemies":"Slime Boss","floor":16,"turns":5},{"damage":12,"enemies":"Chosen","floor":18,"turns":3},{"damage":11,"enemies":"Shell Parasite","floor":19,"turns":2},{"damage":40,"enemies":"Cultist and Chosen","floor":20,"turns":4}],"seed_played":"8097820544308707649","potions_obtained":[{"floor":3,"key":"SkillPotion"},{"floor":4,"key":"AttackPotion"},{"floor":10,"key":"EssenceOfSteel"},{"floor":10,"key":"SteroidPotion"},{"floor":11,"key":"Ancient Potion"},{"floor":13,"key":"Milkshake"},{"floor":16,"key":"Adrenaline Potion"},{"floor":18,"key":"LiquidMemories"}],"is_trial":false,"path_per_floor":["M","?","M","M","$","E","R","?","T","?","M","M","M","$","R","B",null,"M","M","M"],"character_chosen":"DEFECT","items_purchased":["Membership Card","Streamline","Scrape","Replay:Bottled Snecko"],"campfire_rested":1,"item_purchase_floors":[5,5,5,14],"current_hp_per_floor":[50,50,40,40,40,30,30,30,30,30,16,8,6,6,25,25,54,42,31,0,0],"gold":134,"neow_bonus":"TWO_FIFTY_GOLD","is_daily":false,"chose_seed":false,"campfire_upgraded":1,"win_rate":0.0,"timestamp":1612937822,"path_taken":["M","?","M","M","$","E","R","?","T","?","?","M","M","?","R","BOSS","M","M","M"],"items_purchased_type":["Relic","Card","Card","Relic"],"build_version":"2020-12-22","purchased_purges":2,"victory":false,"max_hp_per_floor":[71,71,71,71,71,71,71,64,64,64,64,64,64,64,64,64,64,64,64,64,64],"card_choices":[{"not_picked":["FTL","BasicCrystalCard"],"picked":"Sunder","floor":1},{"not_picked":["Leap","Chill"],"picked":"Defragment","floor":3},{"not_picked":["Leap","Fusion"],"picked":"Beam Cell","floor":4},{"not_picked":["Amplify","Doom and Gloom+1","Darkness"],"picked":"SKIP","floor":6},{"not_picked":["Stack","Panic Button"],"picked":"Scrape+1","floor":11},{"not_picked":["Darkness","Leap"],"picked":"Loop","floor":12},{"not_picked":["Cold Snap+1","Hello World"],"picked":"Go for the Eyes+1","floor":13},{"not_picked":["All For One+1","Hyperbeam+1"],"picked":"Echo Form","floor":16},{"not_picked":["FIFO Queue+1"],"picked":"SKIP","floor":18},{"not_picked":[],"picked":"Conserve Battery","floor":19}],"player_experience":1020734,"relics_obtained":[{"floor":6,"key":"Molten Egg 2"},{"floor":9,"key":"infinitespire:Eraser"}],"event_choices":[{"damage_healed":0,"gold_gain":0,"player_choice":"Lose Max HP","damage_taken":0,"relics_obtained":["Golden Idol"],"max_hp_gain":0,"max_hp_loss":7,"event_name":"Golden Idol","floor":8,"gold_loss":0},{"damage_healed":0,"gold_gain":0,"player_choice":"Got Potions","damage_taken":0,"max_hp_gain":0,"max_hp_loss":0,"event_name":"Lab","floor":10,"gold_loss":0}],"is_beta":false,"boss_relics":[{"not_picked":["ReplayTheSpireMod:DimensionalGlitch","Honey Jar"],"picked":"Busted Crown"}],"items_purged_floors":[5,14],"is_endless":false,"potions_floor_spawned":[3,4,11,13,16,18],"killed_by":"Cultist and Chosen","ascension_level":18}}