{"host":"siu98xj5u8nq6xdu","time":1612935730,"event":{"mods":["AchievementEnabler","BaseMod","Colored Map","Colored Powertips","Minty Spire (QoL Compilation)"],"gold_per_floor":[110,127,127,138,204,204,233,233,233,245,265,315,315,328,328,424,424,435,446,496,511,511,511],"floor_reached":22,"language":"ENG","playtime":2123,"items_purged":[],"score":295,"play_id":"daecbb09-f907-489d-a129-454bdb3cea43","local_time":"20210210004210","is_ascension_mode":true,"campfire_choices":[{"data":"Genetic Algorithm","floor":6.0,"key":"SMITH"},{"floor":8.0,"key":"REST"},{"floor":13.0,"key":"REST"},{"data":"Chaos","floor":15.0,"key":"SMITH"}],"circlet_count":0,"master_deck":["AscendersBane","Strike_B","Strike_B","Strike_B","Defend_B","Defend_B","Defend_B","Defend_B","Zap","Dualcast","Genetic Algorithm+1","Chaos+1","Ball Lightning","Capacitor","Fusion+1","Conserve Battery","Melter","Hologram","Rainbow","Conserve Battery+1","Compile Driver"],"relics":["FrozenCore","Lizard Tail","SsserpentHead","Pantograph","Bottled Lightning"],"acts_visited":["Exordium","TheCity"],"potions_floor_usage":[22],"damage_taken":[{"damage":0.0,"enemies":"Small Slimes","floor":1.0,"turns":4.0},{"damage":1.0,"enemies":"Cultist","floor":2.0,"turns":3.0},{"damage":7.0,"enemies":"2 Louse","floor":4.0,"turns":3.0},{"damage":13.0,"enemies":"Exordium Thugs","floor":5.0,"turns":4.0},{"damage":38.0,"enemies":"Gremlin Nob","floor":7.0,"turns":5.0},{"damage":6.0,"enemies":"Large Slime","floor":10.0,"turns":4.0},{"damage":17.0,"enemies":"Exordium Wildlife","floor":11.0,"turns":4.0},{"damage":11.0,"enemies":"Lots of Slimes","floor":14.0,"turns":3.0},{"damage":15.0,"enemies":"Slime Boss","floor":16.0,"turns":9.0},{"damage":13.0,"enemies":"Shell Parasite","floor":18.0,"turns":5.0},{"damage":0,"enemies":"Spheric Guardian","floor":19,"turns":3},{"damage":24,"enemies":"Snecko","floor":21,"turns":7},{"damage":69,"enemies":"Centurion and Healer","floor":22,"turns":11}],"seed_played":"-8454594345170340506","potions_obtained":[{"floor":1.0,"key":"SpeedPotion"},{"floor":7.0,"key":"PowerPotion"},{"floor":10.0,"key":"FearPotion"},{"floor":11.0,"key":"SteroidPotion"},{"floor":19,"key":"SpeedPotion"},{"floor":21,"key":"Block Potion"}],"is_trial":false,"path_per_floor":["M","M","?","M","M","R","E","R","T","M","M","?","R","M","R","B",null,"M","M","?","M","M"],"character_chosen":"DEFECT","items_purchased":[],"campfire_rested":2,"item_purchase_floors":[],"current_hp_per_floor":[68,67,67,60,47,47,9,29,29,23,6,6,26,15,15,25,57,44,44,44,20,0,0],"gold":511,"neow_bonus":"ONE_RARE_RELIC","is_daily":false,"chose_seed":false,"campfire_upgraded":2,"win_rate":0.0,"timestamp":1612935730,"path_taken":["M","M","?","M","?","R","E","R","T","M","M","?","R","M","R","BOSS","M","M","?","M","M"],"items_purchased_type":[],"build_version":"2020-12-22","purchased_purges":0,"victory":false,"max_hp_per_floor":[68,68,68,68,68,68,68,68,68,68,68,68,68,68,68,68,68,68,68,68,68,68,68],"card_choices":[{"not_picked":["Rip and Tear","Force Field"],"picked":"Genetic Algorithm","floor":1.0},{"not_picked":["Barrage","FTL"],"picked":"Chaos","floor":2.0},{"not_picked":["Gash","Tempest"],"picked":"Ball Lightning","floor":4.0},{"not_picked":["Steam","Redo"],"picked":"Capacitor","floor":5.0},{"not_picked":["Redo","Go for the Eyes"],"picked":"Fusion","floor":7.0},{"not_picked":["Cold Snap","Turbo"],"picked":"Conserve Battery","floor":10.0},{"not_picked":["Tempest","Skim"],"picked":"Melter","floor":11.0},{"not_picked":["Aggregate","Reprogram"],"picked":"Hologram","floor":14.0},{"not_picked":["Multi-Cast","Amplify"],"picked":"Rainbow","floor":16.0},{"not_picked":["BootSequence","Leap"],"picked":"Conserve Battery+1","floor":18.0},{"not_picked":["Hello World","Gash","Coolheaded"],"picked":"SKIP","floor":19},{"not_picked":["Beam Cell","Barrage"],"picked":"Compile Driver","floor":21}],"player_experience":741024,"relics_obtained":[{"floor":7.0,"key":"Pantograph"},{"floor":9.0,"key":"Bottled Lightning"}],"event_choices":[{"damage_healed":0.0,"max_hp_gain":0.0,"max_hp_loss":0.0,"gold_gain":0.0,"event_name":"FaceTrader","player_choice":"Trade","floor":3.0,"gold_loss":0.0,"damage_taken":0.0,"relics_obtained":["SsserpentHead"]},{"damage_healed":0.0,"max_hp_gain":0.0,"max_hp_loss":0.0,"gold_gain":0.0,"event_name":"Upgrade Shrine","player_choice":"Upgraded","floor":12.0,"gold_loss":0.0,"damage_taken":0.0,"cards_upgraded":["Fusion"]},{"cards_removed":["Strike_B"],"damage_healed":0,"gold_gain":0,"player_choice":"Elegance","damage_taken":0,"max_hp_gain":0,"max_hp_loss":0,"event_name":"Back to Basics","floor":20,"gold_loss":0}],"is_beta":false,"boss_relics":[{"not_picked":["Tiny House","Runic Pyramid"],"picked":"FrozenCore"}],"items_purged_floors":[],"is_endless":false,"potions_floor_spawned":[1,7,10,11,19,21],"killed_by":"Centurion and Healer","ascension_level":11}}