{"host":"fnndj664xgd3vavt","time":1612975173,"event":{"mods":["AchievementEnabler","BaseMod","Colored Powertips","DeckTracker","Downfall","Highlight Path","Infinite Spire","Marisa????????","Minty Spire (QoL Compilation)","Quick Restart","Random Character Button","Replay The Spire","StSLib","The Servant 0.9.4"],"gold_per_floor":[99,113,113,113,133,146,200,200,210,210,241,256,274,304,317,317,317,317],"floor_reached":16,"language":"ENG","playtime":821,"items_purged":[],"score":139,"play_id":"907201f3-9f59-46be-876b-c1aa493d8e15","local_time":"20210210113933","is_ascension_mode":false,"campfire_choices":[{"data":"Slimebound:Split","floor":1,"key":"SMITH"},{"data":"infinitespire:Punishment","floor":8,"key":"SMITH"}],"circlet_count":0,"master_deck":["Slimebound:Strike_Slimebound","Slimebound:Strike_Slimebound","Slimebound:Strike_Slimebound","Slimebound:Tackle","Slimebound:Defend_Slimebound","Slimebound:Defend_Slimebound","Slimebound:Defend_Slimebound+1","Slimebound:Defend_Slimebound","Slimebound:Split+1","Slimebound:CorrosiveSpit","Slimebound:SamplingLick+1","Slimebound:PressTheAttack+1","infinitespire:Punishment+1","Slimebound:MegaLick","Slimebound:PressTheAttack","Slimebound:SamplingLick","downfall:Malfunctioning","Slimebound:LeechingTouch","Slimebound:LeadByExample","Slimebound:LevelUp","Slimebound:RallyTheTroops","Slimebound:SplitAcid"],"relics":["Slimebound:AbsorbEndCombat","infinitespire:Beetle Shell","Blue Candle","Replay:Bottled Flurry"],"acts_visited":["Exordium"],"potions_floor_usage":[16,16],"damage_taken":[{"damage":4,"enemies":"Jaw Worm","floor":2,"turns":3},{"damage":5,"enemies":"Small Slimes","floor":5,"turns":3},{"damage":6,"enemies":"2 Louse","floor":6,"turns":2},{"damage":9,"enemies":"Blue Slaver","floor":9,"turns":3},{"damage":25,"enemies":"Gremlin Nob","floor":11,"turns":4},{"damage":2,"enemies":"2 Fungi Beasts","floor":12,"turns":3},{"damage":16,"enemies":"Lots of Slimes","floor":13,"turns":3},{"damage":0,"enemies":"3 Sentries","floor":14,"turns":3},{"damage":16,"enemies":"3 Louse","floor":15,"turns":3},{"damage":17,"enemies":"DF_ARCHETYPE_STREAMLINE","floor":16,"turns":3}],"seed_played":"167490710451539029","potions_obtained":[{"floor":2,"key":"FearPotion"},{"floor":5,"key":"Languid Potion"},{"floor":9,"key":"EssenceOfSteel"}],"is_trial":false,"path_per_floor":["R","M","?","?","M","M","T","R","M","?","E","M","M","E","M","B"],"character_chosen":"SLIMEBOUND","items_purchased":[],"campfire_rested":0,"item_purchase_floors":[],"current_hp_per_floor":[65,64,48,48,47,43,43,43,40,40,21,21,11,19,9,0,0,0],"gold":317,"neow_bonus":"THREE_CARDS","is_daily":false,"chose_seed":false,"campfire_upgraded":2,"win_rate":0.0,"timestamp":1612975173,"path_taken":["R","M","?","?","M","M","T","R","M","?","E","M","M","E","M","BOSS"],"items_purchased_type":[],"build_version":"2020-12-22","purchased_purges":0,"victory":false,"max_hp_per_floor":[65,65,65,65,65,65,65,65,65,65,65,65,65,65,65,65,65,65],"card_choices":[{"not_picked":["Slimebound:LivingWall","Slimebound:SplitLeeching"],"picked":"Slimebound:SamplingLick","floor":0},{"not_picked":["Slimebound:ComboTackle","Slimebound:ViciousTackle"],"picked":"Slimebound:PressTheAttack","floor":2},{"not_picked":["infinitespire:Execution","ReplayTheSpireMod:Echoes of Time"],"picked":"infinitespire:Punishment","floor":3},{"not_picked":["Slimebound:LevelUp","Slimebound:RainOfGoop"],"picked":"Slimebound:MegaLick","floor":5},{"not_picked":["Slimebound:ItLooksTasty","Slimebound:SplitLeeching"],"picked":"Slimebound:PressTheAttack","floor":6},{"not_picked":["Slimebound:SlimeTap","Slimebound:Schlurp"],"picked":"Slimebound:SamplingLick","floor":9},{"not_picked":["Slimebound:Prepare","Slimebound:ItLooksTasty"],"picked":"Slimebound:LeechingTouch","floor":11},{"not_picked":["Slimebound:SplitLeeching","Slimebound:ComboTackle"],"picked":"Slimebound:LeadByExample","floor":12},{"not_picked":["Slimebound:FinishingTackle","Slimebound:Repurpose"],"picked":"Slimebound:LevelUp","floor":13},{"not_picked":["Slimebound:RejuvenatingLick","Slimebound:SplitMire"],"picked":"Slimebound:RallyTheTroops","floor":14},{"not_picked":["Slimebound:SplitBruiser","Slimebound:ComboTackle"],"picked":"Slimebound:SplitAcid","floor":15}],"player_experience":280971,"relics_obtained":[{"floor":7,"key":"infinitespire:Beetle Shell"},{"floor":11,"key":"Blue Candle"},{"floor":14,"key":"Replay:Bottled Flurry"}],"event_choices":[],"is_beta":false,"boss_relics":[],"items_purged_floors":[],"is_endless":false,"potions_floor_spawned":[2,5,9,14,15],"killed_by":"DF_ARCHETYPE_STREAMLINE","ascension_level":0}}