{"host":"mr1ctipv0dcr6y8g","time":1612989911,"event":{"mods":["BaseMod","Beaked The Cultist","DeckTracker","Downfall","Energized Spire","Minty Spire (QoL Compilation)","READ ME - Guardian Mod","Shop Mod","StSLib","The Construct"],"gold_per_floor":[118,128,142,158,233,233,265,8,8,34,47,47,77,137,137,233,233,249,249,102,27,43,77,109,109,156,156,156,156,189,206,206,206,206,206],"floor_reached":33,"language":"ENG","playtime":4392,"items_purged":["champ:Strike"],"score":371,"play_id":"c6e099e7-072d-46d8-8cec-c8000f376a8f","local_time":"20210210134511","daily_mods":["Heirloom","Time Dilation","Flight"],"is_ascension_mode":false,"campfire_choices":[{"data":"1","floor":6,"key":"LIFT"},{"data":"2","floor":12,"key":"LIFT"},{"floor":15,"key":"REST"},{"data":"champ:SteelEdge","floor":25,"key":"SMITH"},{"data":"3","floor":29,"key":"LIFT"},{"data":"champ:ShieldWall","floor":32,"key":"SMITH"}],"circlet_count":0,"master_deck":["champ:Defend","champ:Defend","champ:Defend","champ:Defend","champ:Execute","champ:Taunt","champ:FanOfKnives","champ:DeathBlow","champ:DefensiveShout","champ:SkillfulDodge","champ:EnGarde","champ:StanceDance","champ:Parry","champ:CrownThrow","Necronomicurse","champ:ShieldWall+1","champ:StanceDance+1","champ:Endure","champ:SteelEdge+1","Slimebound:Tackle+1","Slimebound:Tackle+1","Slimebound:Tackle+1","RitualDagger"],"relics":["champ:ChampionCrown","Girya","Unceasing Top","Mummified Hand","White Beast Statue","Gremlin Horn","Blood Vial","expansioncontent:StudyCardRelic","Necronomicon","Happy Flower","Lantern","Matryoshka"],"acts_visited":["Exordium","TheCity"],"potions_floor_usage":[10,13,16,24,33,33],"damage_taken":[{"damage":10,"enemies":"Cultist","floor":1,"turns":3},{"damage":20,"enemies":"Jaw Worm","floor":2,"turns":5},{"damage":20,"enemies":"Small Slimes","floor":3,"turns":3},{"damage":20,"enemies":"2 Fungi Beasts","floor":4,"turns":3},{"damage":31,"enemies":"3 Sentries","floor":7,"turns":5},{"damage":28,"enemies":"Lagavulin","floor":10,"turns":7},{"damage":11,"enemies":"Exordium Wildlife","floor":11,"turns":4},{"damage":29,"enemies":"Gremlin Nob","floor":13,"turns":4},{"damage":52,"enemies":"Slime Boss","floor":16,"turns":10},{"damage":29,"enemies":"Spheric Guardian","floor":18,"turns":4},{"damage":10,"enemies":"Shell Parasite","floor":22,"turns":2},{"damage":30,"enemies":"Gremlin Leader","floor":23,"turns":4},{"damage":37,"enemies":"Slavers","floor":24,"turns":3},{"damage":20,"enemies":"Book of Stabbing","floor":30,"turns":4},{"damage":20,"enemies":"Snake Plant","floor":31,"turns":2},{"damage":75,"enemies":"Champ","floor":33,"turns":11}],"seed_played":"-4864939860938578134","potions_obtained":[{"floor":1,"key":"Strength Potion"},{"floor":7,"key":"PowerPotion"},{"floor":10,"key":"hexamod:SoulburnPotion"},{"floor":11,"key":"sneckomod:MuddlingPotion"},{"floor":13,"key":"champ:UltimateStancePotion"},{"floor":16,"key":"ColorlessPotion"},{"floor":18,"key":"SpeedPotion"},{"floor":23,"key":"Regen Potion"},{"floor":24,"key":"champ:OpenerPotion"},{"floor":30,"key":"Dexterity Potion"}],"is_trial":true,"path_per_floor":["M","M","M","M","?","R","E","$","T","E","M","R","E","?","R","B",null,"M","?","$","?","M","E","E","R","T","?","?","R","E","M","R","B"],"character_chosen":"THE_CHAMP","items_purchased":["Mummified Hand","champ:ShieldWall"],"campfire_rested":1,"item_purchase_floors":[8,20],"current_hp_per_floor":[90,80,80,80,71,71,65,65,65,52,51,51,37,37,64,49,90,81,65,65,65,67,69,63,63,63,63,57,57,69,71,71,0,0,0],"gold":206,"neow_bonus":"","is_daily":false,"chose_seed":false,"campfire_upgraded":2,"win_rate":0.0,"timestamp":1612989911,"path_taken":["M","?","M","?","?","R","E","$","T","E","?","R","E","?","R","BOSS","M","?","$","?","M","E","E","R","T","?","?","R","E","M","R","BOSS"],"items_purchased_type":["Relic","Card"],"build_version":"2020-12-22","purchased_purges":1,"victory":false,"max_hp_per_floor":[90,90,90,90,90,90,90,90,90,90,90,90,90,90,90,90,90,90,90,90,90,90,90,90,90,90,90,90,90,90,90,90,90,90,90],"card_choices":[{"not_picked":["champ:RapidStrikes","champ:PreciseThrust"],"picked":"champ:FanOfKnives","floor":1},{"not_picked":["champ:PreciseThrust","champ:HeartStrike"],"picked":"champ:DeathBlow","floor":2},{"not_picked":["champ:Haymaker","champ:FlashCut"],"picked":"champ:DefensiveShout","floor":3},{"not_picked":["champ:CalledShot","champ:HeartStrike"],"picked":"champ:SkillfulDodge","floor":4},{"not_picked":["champ:AdrenalArmor","champ:IgnorePain"],"picked":"champ:EnGarde","floor":7},{"not_picked":["champ:PerfectedStrike","champ:Shatter","champ:BerserkersShout"],"picked":"SKIP","floor":10},{"not_picked":["champ:PerfectedStrike","champ:IronFortress"],"picked":"champ:StanceDance","floor":11},{"not_picked":["champ:Circumvent","champ:StanceDance"],"picked":"champ:Parry","floor":13},{"not_picked":["champ:Circumvent","champ:PerfectedStrike"],"picked":"champ:CrownThrow","floor":18},{"not_picked":["champ:FanOfKnives","champ:CrownThrow"],"picked":"champ:StanceDance+1","floor":22},{"not_picked":["champ:Backstep","champ:PreemptiveStrike+1"],"picked":"champ:Endure","floor":23},{"not_picked":["champ:ShieldWall","champ:BringItOn"],"picked":"champ:SteelEdge","floor":24},{"not_picked":["champ:FaceSlap","champ:SetATrap+1","champ:EnGarde"],"picked":"SKIP","floor":30},{"not_picked":["champ:EndlessRage","champ:Circumvent","champ:RisingSlash+1"],"picked":"SKIP","floor":31}],"player_experience":1676445,"relics_obtained":[{"floor":7,"key":"Unceasing Top"},{"floor":9,"key":"White Beast Statue"},{"floor":10,"key":"Gremlin Horn"},{"floor":13,"key":"Blood Vial"},{"floor":19,"key":"Necronomicon"},{"floor":23,"key":"Happy Flower"},{"floor":24,"key":"Lantern"},{"floor":30,"key":"Matryoshka"}],"event_choices":[{"damage_healed":0,"gold_gain":75,"player_choice":"Touch","damage_taken":9,"max_hp_gain":0,"max_hp_loss":0,"event_name":"FaceTrader","floor":5,"gold_loss":0},{"damage_healed":0,"gold_gain":60,"player_choice":"Gained Gold","damage_taken":0,"max_hp_gain":0,"max_hp_loss":0,"event_name":"Golden Wing","floor":14,"gold_loss":0},{"damage_healed":0,"gold_gain":0,"player_choice":"Obtained Book","damage_taken":16,"max_hp_gain":0,"max_hp_loss":0,"event_name":"Cursed Tome","floor":19,"gold_loss":0},{"cards_removed":["champ:Strike"],"damage_healed":0,"gold_gain":0,"player_choice":"Gave Gold","damage_taken":0,"max_hp_gain":0,"max_hp_loss":0,"event_name":"Beggar","floor":21,"gold_loss":75},{"damage_healed":0,"gold_gain":0,"player_choice":"Joined the Cult","damage_taken":6,"max_hp_gain":0,"max_hp_loss":0,"event_name":"Nest","floor":28,"gold_loss":0,"cards_obtained":["RitualDagger"]}],"is_beta":false,"boss_relics":[{"not_picked":["Coffee Dripper","SacredBark"],"picked":"expansioncontent:StudyCardRelic"}],"items_purged_floors":[20],"is_endless":false,"potions_floor_spawned":[1,7,10,11,13,16,18,22,23,24,30,31],"killed_by":"Champ","ascension_level":0}}