{"host":"627up2rvtmm0cf0r","time":1612953487,"event":{"mods":["ATMod(°¢èªMod)","Act Like it!","BaseMod","Better Vampires","Bossed Relics","CapriCore","Card Filter","Card Forge","Colored Powertips","DeckTracker","Dota2Spire","Downfall","Energized Spire","Friendly Minions","Highlight Path","Infinite Spire","Jedi Mod","Minty Spire (QoL Compilation)","MostiFishMod","Permanent Neow","Practice Mode","Quick Restart","Relic Stats","Reliquary","Shop Mod","Spicy Shops","StSLib","SuperFastMode","TestMod","¡¾ÒÅÎï¿¨ÅÆ¡¿REMEMod","óô»ðÖ¸ÄÏ"],"gold_per_floor":[99,113,124,34,34,96,123,123,141,141,155,165,239,259,272,369,369,369,387,787,787,799,459,459,479,479,508,468,468,468,493,508,611,611,611,622,622,622,633,666,666,681,692,692,715,715,728,-972,-961,-961],"floor_reached":51,"language":"ZHS","playtime":1524,"items_purged":["sneckomod:Strike","sneckomod:Defend","sneckomod:Strike","sneckomod:Defend","Regret","sneckomod:Strike+1"],"score":974,"play_id":"2e7a394f-c7fd-40c5-b114-0f4a9a06aa44","local_time":"20210210183807","is_ascension_mode":true,"campfire_choices":[{"data":"champ:TripleStrike","floor":8,"key":"SMITH"},{"data":"sneckomod:UnknownClassINFINITE_BLACK","floor":18,"key":"SMITH"},{"data":"sneckomod:UnknownRareAttack","floor":30,"key":"SMITH"},{"data":"sneckomod:UnknownBoss","floor":35,"key":"SMITH"}],"circlet_count":0,"master_deck":["sneckomod:TailWhip","sneckomod:SnekBite","sneckomod:Unknown","sneckomod:DangerNoodle","sneckomod:UnknownBoss+1","champ:TripleStrike+1","sneckomod:UnknownUncommonPower","sneckomod:UnknownClassINFINITE_BLACK+1","sneckomod:UnknownRareAttack+1","sneckomod:UnknownRareAttack+1"],"relics":["sneckomod:SneckoSoul","Hammer of Thor","Seething Fire","Anvil of the Gods","DaveBox","testmod-TestBox","REME_ComplimentaryCards","RhineSuit","testmod-Mahjong","Matryoshka","Dota2Spire:AghanimScepter","Potion Belt","Bottled Lightning","Thread and Needle","Thread and Needle","infinitespire:Bottled Soul","SacredBark","Juzu Bracelet","Slimebound:StickyStick","AT_ForceNature","reliquary:ExpiredCoupon","infinitespire:EmpoweringShard","Dota2Spire:PowerTreads","bronze:BronzeIdol","DiscerningMonocle","AT_Kusabimaru","Toolbox","Lantern","Happy Flower","REME_LowDesire","Tiny Chest","jedi:crownofsimplicity","Dota2Spire:LotusOrb","REME_HourglassOfDeath","testmod-Justice","reliquary:PurpleTingedLeaf","Dodecahedron","jedi:arcanewood","jedi:heavyjacket","Regal Pillow","TimeFreeze","Dota2Spire:Desolator","reliquary:IridiumChain","jedi:matchstick","Guardian:BottledAnomaly","Dota2Spire:Dagon","SynthV:MejaisSoulstealer"],"acts_visited":["Exordium","TheCity","TheBeyond"],"potions_floor_usage":[39],"damage_taken":[{"damage":0.0,"enemies":"Cultist","floor":2.0,"turns":2.0},{"damage":0.0,"enemies":"2 Louse","floor":3.0,"turns":1.0},{"damage":5.0,"enemies":"downfall:FleeingMerchant","floor":4.0,"turns":4.0},{"damage":0.0,"enemies":"Gremlin Nob","floor":6.0,"turns":2.0},{"damage":0,"enemies":"Small Slimes","floor":9,"turns":2},{"damage":0,"enemies":"3 Louse","floor":11,"turns":2},{"damage":0,"enemies":"Exordium Thugs","floor":12,"turns":2},{"damage":0,"enemies":"2 Fungi Beasts","floor":14,"turns":2},{"damage":0,"enemies":"Large Slime","floor":15,"turns":2},{"damage":0,"enemies":"SI_SHIV_ARCHETYPE","floor":16,"turns":4},{"damage":0,"enemies":"3 Byrds","floor":19,"turns":4},{"damage":0,"enemies":"Chosen","floor":22,"turns":3},{"damage":7,"enemies":"downfall:FleeingMerchant","floor":23,"turns":4},{"damage":8,"enemies":"Snake Plant","floor":25,"turns":3},{"damage":8,"enemies":"Nightmare","floor":27,"turns":5},{"damage":0,"enemies":"downfall:FleeingMerchant","floor":28,"turns":1},{"damage":24,"enemies":"Slavers","floor":31,"turns":2},{"damage":0,"enemies":"Centurion and Healer","floor":32,"turns":3},{"damage":33,"enemies":"DF_ARCHETYPE_CLAW","floor":33,"turns":4},{"damage":0,"enemies":"3 Shapes","floor":36,"turns":2},{"damage":0,"enemies":"3 Darklings","floor":39,"turns":2},{"damage":0,"enemies":"Reptomancer","floor":40,"turns":2},{"damage":23,"enemies":"Spire Growth","floor":42,"turns":3},{"damage":29,"enemies":"Writhing Mass","floor":43,"turns":2},{"damage":0,"enemies":"Jaw Worm Horde","floor":47,"turns":2},{"damage":0,"enemies":"Transient","floor":49,"turns":4},{"damage":0,"enemies":"WA_ARCHETYPE_DIVINITY","floor":50,"turns":2}],"seed_played":"4750994309278686708","potions_obtained":[{"floor":6.0,"key":"EssenceOfSteel"},{"floor":9,"key":"Energy Potion"},{"floor":12,"key":"Ancient Potion"},{"floor":16,"key":"DistilledChaos"},{"floor":23,"key":"SteroidPotion"},{"floor":25,"key":"PowerPotion"},{"floor":39,"key":"REME_GoldPotion"},{"floor":40,"key":"Block Potion"}],"is_trial":false,"path_per_floor":["R","M","M","$","?","?","T","R","M","?","M","M","T","M","M","B",null,"R","M","?","?","M","$","T","M","AVR","NM","$","?","R","E","M","B",null,"R","M","?","?","M","E","T","M","M","$","T","AVR","M","$","M","B",null],"character_chosen":"THE_SNECKO","items_purchased":["Juzu Bracelet","Slimebound:StickyStick","Dota2Spire:PowerTreads","bronze:BronzeIdol","DiscerningMonocle","AT_Kusabimaru","Toolbox","Lantern","testmod-Justice","reliquary:PurpleTingedLeaf","Dodecahedron","jedi:arcanewood","jedi:heavyjacket","Dota2Spire:Desolator","reliquary:IridiumChain","jedi:matchstick","Guardian:BottledAnomaly","Dota2Spire:Dagon","SynthV:MejaisSoulstealer"],"campfire_rested":0,"item_purchase_floors":[23,23,28,28,28,28,28,28,44,44,44,44,44,48,48,48,48,48,48],"current_hp_per_floor":[90,90,90,90,90,90,90,90,90,78,79,79,79,79,79,79,90,90,90,90,90,90,83,83,75,75,67,67,67,67,43,43,10,90,90,90,90,90,90,90,90,67,74,74,74,74,74,74,74,74],"gold":-961,"neow_bonus":"ONE_RANDOM_RARE_CARD","is_daily":false,"chose_seed":false,"campfire_upgraded":4,"win_rate":0.0,"timestamp":1612953487,"path_taken":["R","M","M","$","?","?","T","R","M","?","M","M","?","M","M","BOSS","R","M","?","?","?","$","T","M","AVR","NM","$","?","R","E","M","BOSS","R","M","?","?","M","E","T","M","M","?","?","AVR","M","?","M","BOSS"],"items_purchased_type":["Relic","Relic","Relic","Relic","Relic","Relic","Relic","Relic","Relic","Relic","Relic","Relic","Relic","Relic","Relic","Relic","Relic","Relic","Relic"],"build_version":"2020-12-22","purchased_purges":6,"victory":true,"max_hp_per_floor":[90,90,90,90,90,90,90,90,90,90,90,90,90,90,90,90,90,90,90,90,90,90,90,90,90,90,90,90,90,90,90,90,90,90,90,90,90,90,90,90,90,90,90,90,90,90,90,90,90,90],"relic_stats":{"Regal Pillow":0,"Happy Flower":[8],"counters":[27,71],"Tiny Chest":1,"Juzu Bracelet":0,"obtain_stats":[{"Dota2Spire:PowerTreads":28,"Lantern":28,"Regal Pillow":45,"AT_ATBox":0,"DaveBox":0,"DiscerningMonocle":28,"SacredBark":17,"RhineSuit":0,"Hammer of Thor":0,"Juzu Bracelet":23,"sneckomod:SneckoSoul":0,"Dota2Spire:LotusOrb":40,"Matryoshka":5,"AT_Kusabimaru":28,"testmod-Mahjong":0,"infinitespire:Bottled Soul":13,"Slimebound:StickyStick":23,"Toolbox":28,"Tiny Chest":34,"jedi:matchstick":48,"REME_LowDesire":34,"Guardian:BottledAnomaly":48,"Potion Belt":7,"AT_ForceNature":24,"testmod-TestBox":0,"SynthV:MejaisSoulstealer":48,"Happy Flower":31,"Dodecahedron":44,"Dota2Spire:Dagon":48,"Thread and Needle":10,"Seething Fire":0,"jedi:crownofsimplicity":34,"testmod-Justice":44,"TimeFreeze":46,"reliquary:IridiumChain":48,"bronze:BronzeIdol":28,"reliquary:ExpiredCoupon":26,"jedi:heavyjacket":44,"Dota2Spire:AghanimScepter":6,"REME_HourglassOfDeath":41,"Anvil of the Gods":0,"reliquary:SculptingSteel":13,"infinitespire:EmpoweringShard":27,"Bottled Lightning":7,"jedi:arcanewood":44,"reliquary:PurpleTingedLeaf":44,"REME_ComplimentaryCards":0,"Dota2Spire:Desolator":48},{"Dota2Spire:PowerTreads":16,"Lantern":16,"Regal Pillow":24,"AT_ATBox":0,"DaveBox":0,"DiscerningMonocle":16,"SacredBark":10,"RhineSuit":0,"Hammer of Thor":0,"Juzu Bracelet":13,"sneckomod:SneckoSoul":0,"Dota2Spire:LotusOrb":22,"Matryoshka":3,"AT_Kusabimaru":16,"testmod-Mahjong":0,"infinitespire:Bottled Soul":7,"Slimebound:StickyStick":13,"Toolbox":16,"Tiny Chest":19,"jedi:matchstick":25,"REME_LowDesire":19,"Guardian:BottledAnomaly":25,"Potion Belt":4,"AT_ForceNature":13,"testmod-TestBox":0,"SynthV:MejaisSoulstealer":25,"Happy Flower":17,"Dodecahedron":24,"Dota2Spire:Dagon":25,"Thread and Needle":5,"Seething Fire":0,"jedi:crownofsimplicity":19,"testmod-Justice":24,"TimeFreeze":24,"reliquary:IridiumChain":25,"bronze:BronzeIdol":16,"reliquary:ExpiredCoupon":14,"jedi:heavyjacket":24,"Dota2Spire:AghanimScepter":3,"REME_HourglassOfDeath":22,"Anvil of the Gods":0,"reliquary:SculptingSteel":7,"infinitespire:EmpoweringShard":15,"Bottled Lightning":4,"jedi:arcanewood":24,"reliquary:PurpleTingedLeaf":24,"REME_ComplimentaryCards":0,"Dota2Spire:Desolator":25},{"Dota2Spire:PowerTreads":43,"Lantern":43,"Regal Pillow":63,"AT_ATBox":0,"DaveBox":0,"DiscerningMonocle":43,"SacredBark":23,"RhineSuit":0,"Hammer of Thor":0,"Juzu Bracelet":34,"sneckomod:SneckoSoul":0,"Dota2Spire:LotusOrb":58,"Matryoshka":7,"AT_Kusabimaru":43,"testmod-Mahjong":0,"infinitespire:Bottled Soul":15,"Slimebound:StickyStick":34,"Toolbox":43,"Tiny Chest":52,"jedi:matchstick":65,"REME_LowDesire":52,"Guardian:BottledAnomaly":65,"Potion Belt":9,"AT_ForceNature":34,"testmod-TestBox":0,"SynthV:MejaisSoulstealer":65,"Happy Flower":45,"Dodecahedron":63,"Dota2Spire:Dagon":65,"Thread and Needle":11,"Seething Fire":0,"jedi:crownofsimplicity":52,"testmod-Justice":63,"TimeFreeze":63,"reliquary:IridiumChain":65,"bronze:BronzeIdol":43,"reliquary:ExpiredCoupon":37,"jedi:heavyjacket":63,"Dota2Spire:AghanimScepter":7,"REME_HourglassOfDeath":58,"Anvil of the Gods":0,"reliquary:SculptingSteel":15,"infinitespire:EmpoweringShard":42,"Bottled Lightning":9,"jedi:arcanewood":63,"reliquary:PurpleTingedLeaf":63,"REME_ComplimentaryCards":0,"Dota2Spire:Desolator":65}]},"card_choices":[{"not_picked":["sneckomod:SnakeSap","sneckomod:DiceCrush","sneckomod:Unknown1Cost"],"picked":"SKIP","floor":2.0},{"not_picked":["sneckomod:Nope","sneckomod:WideSting"],"picked":"sneckomod:UnknownUncommonPower","floor":3.0},{"not_picked":["sneckomod:SoulDraw","sneckomod:UnknownUncommonSkill","sneckomod:UnknownDraw"],"picked":"SKIP","floor":4.0},{"not_picked":["sneckomod:UnknownWeak","sneckomod:UnknownExhaust","sneckomod:UnknownBlock"],"picked":"SKIP","floor":9},{"not_picked":["sneckomod:RainOfDice","sneckomod:Nope","sneckomod:SoulExchange"],"picked":"SKIP","floor":11},{"not_picked":["sneckomod:UnknownClassTHE_CHAMP_GRAY","sneckomod:SoulDraw"],"picked":"sneckomod:UnknownClassINFINITE_BLACK","floor":12},{"not_picked":["sneckomod:RainOfDice","sneckomod:WideSting","sneckomod:SoulRoll"],"picked":"SKIP","floor":14},{"not_picked":["sneckomod:QuickMove","sneckomod:Restock","sneckomod:UnknownCommonAttack"],"picked":"SKIP","floor":15},{"not_picked":["sneckomod:UnknownBoss","sneckomod:UnknownRarePower"],"picked":"sneckomod:UnknownRareAttack","floor":16},{"not_picked":["sneckomod:DefensiveFlair","sneckomod:SoulCleanse","sneckomod:QuickMove"],"picked":"SKIP","floor":19},{"not_picked":["sneckomod:UnknownUncommonAttack","sneckomod:QuickBite","sneckomod:SoulDraw"],"picked":"SKIP","floor":22},{"not_picked":["sneckomod:DiceBoulder","sneckomod:PureSnecko","sneckomod:SoulRoll"],"picked":"SKIP","floor":23},{"not_picked":["sneckomod:SnakeSap","sneckomod:QuickMove","sneckomod:IronFang"],"picked":"SKIP","floor":25},{"not_picked":["sneckomod:SerpentIdol","sneckomod:Nope","sneckomod:UnknownBoss"],"picked":"SKIP","floor":27},{"not_picked":["sneckomod:IronFang","sneckomod:MorePower","sneckomod:UnknownCommonSkill"],"picked":"SKIP","floor":28},{"not_picked":["sneckomod:ImprovisedAttack","sneckomod:UnknownCommonSkill","sneckomod:SoulRoll"],"picked":"SKIP","floor":31},{"not_picked":["sneckomod:Unknown1Cost","sneckomod:RainOfDice+1","sneckomod:QuickMove"],"picked":"SKIP","floor":32},{"not_picked":["sneckomod:Unknown3Cost","sneckomod:UnknownBoss"],"picked":"sneckomod:UnknownRareAttack","floor":33},{"not_picked":["sneckomod:WideSting+1","sneckomod:UnknownClassHEXA_GHOST_PURPLE","sneckomod:UnknownCommonAttack","testmod-PerfectCombo+1"],"picked":"SKIP","floor":36},{"not_picked":["sneckomod:UnknownClassTHE_CHAMP_GRAY","sneckomod:QuickBite+1","sneckomod:QuickMove","AT_TearsDenial"],"picked":"SKIP","floor":39},{"not_picked":["sneckomod:DiceCrush+1","sneckomod:UnknownStrike","sneckomod:DangerNoodle","testmod-WeaknessCounterattack"],"picked":"SKIP","floor":40},{"not_picked":["sneckomod:UnknownClassINFINITE_BLACK+1","sneckomod:SoulRoll+1","sneckomod:QuickMove+1","testmod-ShutDown"],"picked":"SKIP","floor":42},{"not_picked":["sneckomod:SoulRoll+1","sneckomod:MasterEye","sneckomod:UnknownCommonSkill+1","testmod-PulseDistributor"],"picked":"SKIP","floor":43},{"not_picked":["sneckomod:DiceCrush","sneckomod:SnekBeam","sneckomod:Unknown0Cost+1","testmod-AdversityCounterattack"],"picked":"SKIP","floor":47},{"not_picked":["sneckomod:SoulRoll+1","sneckomod:SerpentIdol","sneckomod:WideSting+1","MostiFishMod:MusicBox"],"picked":"SKIP","floor":49}],"player_experience":155180,"relics_obtained":[{"floor":5.0,"key":"Matryoshka"},{"floor":7.0,"key":"Potion Belt"},{"floor":7.0,"key":"Bottled Lightning"},{"floor":13,"key":"reliquary:SculptingSteel"},{"floor":13,"key":"infinitespire:Bottled Soul"},{"floor":24,"key":"AT_ForceNature"},{"floor":27,"key":"infinitespire:EmpoweringShard"},{"floor":31,"key":"Happy Flower"},{"floor":34,"key":"Tiny Chest"},{"floor":34,"key":"jedi:crownofsimplicity"},{"floor":40,"key":"Dota2Spire:LotusOrb"},{"floor":41,"key":"REME_HourglassOfDeath"},{"floor":45,"key":"Regal Pillow"}],"event_choices":[{"damage_healed":0,"gold_gain":0,"player_choice":"Success","damage_taken":12,"relics_obtained":["Thread and Needle"],"max_hp_gain":0,"max_hp_loss":0,"event_name":"Scrap Ooze","floor":10,"gold_loss":0},{"damage_healed":0,"gold_gain":400,"player_choice":"Sell","damage_taken":0,"max_hp_gain":0,"max_hp_loss":0,"event_name":"¶÷ÂåË¹µÄÅÌ×Ó","floor":20,"relics_lost":["AT_ATBox"],"gold_loss":0},{"cards_removed":["sneckomod:Defend"],"damage_healed":0,"gold_gain":0,"player_choice":"Offered Basic","damage_taken":0,"max_hp_gain":0,"max_hp_loss":0,"event_name":"Bonfire Elementals","floor":21,"gold_loss":0}],"is_beta":false,"boss_relics":[{"not_picked":["bronze:MakeshiftBattery","MoonlightInvasionPlan"],"picked":"SacredBark"},{"not_picked":["Coffee Dripper","testmod-Nine"],"picked":"REME_LowDesire"}],"items_purged_floors":[4,23,26,28,44,46],"is_endless":false,"potions_floor_spawned":[6,9,12,16,25,31,32,33,39,40,43,49],"ascension_level":1}}