{"host":"6febr6iklru1ag3j","time":1612992712,"event":{"mods":["BaseMod","Better Note","DeckTracker","Hubris","Minty Spire (QoL Compilation)","Replay The Spire","Shop Mod","StSLib","slay the spire mod where everything is the same but ironclad has a cowboy hat"],"gold_per_floor":[113,38,138,155,170,170,198,213,213,288,301,317,61,78,78,174,174,194,44,20,34,46,71,71,71,94,94,112,130,130,130,130,227,277,294,389,289,334,352,352,352],"floor_reached":40,"language":"ENG","playtime":1632,"items_purged":["Defend_R","ReplayTheSpireMod:Splinters"],"score":617,"play_id":"e5b85aac-ea2b-4a32-98fd-e56959b13fa3","local_time":"20210210163152","is_ascension_mode":true,"campfire_choices":[{"data":"Flex","floor":6.0,"key":"SMITH"},{"floor":15,"key":"REST"},{"floor":24,"key":"REST"},{"floor":27,"key":"REST"},{"data":"Limit Break","floor":30,"key":"SMITH"},{"floor":32,"key":"REST"}],"circlet_count":0,"master_deck":["Strike_R+1","Strike_R+1","Strike_R","Strike_R","Strike_R+1","Defend_R","Defend_R","Defend_R","Bash","Flex+1","Warcry+1","Shrug It Off","Twin Strike+1","Limit Break+1","Double Tap","Disarm+1","Shrug It Off","ReplayTheSpireMod:Muscle Training+1","Sword Boomerang+1"],"relics":["Burning Blood","NeowsBlessing","PreservedInsect","hubris:IronBody","Busted Crown","MerchantsRug","Tiny Chest","Gremlin Food","Tiny House","Omamori","Whetstone"],"acts_visited":["Exordium","TheCity","TheBeyond"],"potions_floor_usage":[7,7,12,16,16,21,22,33,40,40],"damage_taken":[{"damage":0.0,"enemies":"Cultist","floor":1.0,"turns":1.0},{"damage":0.0,"enemies":"2 Louse","floor":4.0,"turns":1.0},{"damage":0.0,"enemies":"Small Slimes","floor":5.0,"turns":1.0},{"damage":26,"enemies":"Replay:BlueRogue","floor":7,"turns":5},{"damage":13,"enemies":"Looter","floor":8,"turns":4},{"damage":0,"enemies":"3 Louse","floor":11,"turns":4},{"damage":11,"enemies":"Exordium Thugs","floor":12,"turns":5},{"damage":0,"enemies":"2 Fungi Beasts","floor":14,"turns":3},{"damage":43,"enemies":"The Guardian","floor":16,"turns":11},{"damage":9,"enemies":"2 Thieves","floor":18,"turns":3},{"damage":11,"enemies":"3 Byrds","floor":21,"turns":6},{"damage":42,"enemies":"Centurion and Healer","floor":22,"turns":9},{"damage":19,"enemies":"Book of Stabbing","floor":23,"turns":5},{"damage":5,"enemies":"Snake Plant","floor":28,"turns":4},{"damage":9,"enemies":"Snecko","floor":29,"turns":4},{"damage":64,"enemies":"Collector","floor":33,"turns":9},{"damage":53,"enemies":"3 Darklings","floor":35,"turns":6},{"damage":5,"enemies":"Orb Walker","floor":39,"turns":3},{"damage":41,"enemies":"R_Hoarder","floor":40,"turns":7}],"seed_played":"7523815609411249226","potions_obtained":[{"floor":1.0,"key":"PowerPotion"},{"floor":4.0,"key":"SteroidPotion"},{"floor":11,"key":"BloodPotion"},{"floor":12,"key":"Block Potion"},{"floor":14,"key":"ColorlessPotion"},{"floor":18,"key":"Fire Potion"},{"floor":21,"key":"Dexterity Potion"},{"floor":29,"key":"Doom Potion"},{"floor":34,"key":"Strength Potion"},{"floor":39,"key":"FearPotion"}],"is_trial":false,"path_per_floor":["M","$","?","M","M","R","E","M","T","?","M","M","$","M","R","B",null,"M","$","$","M","M","E","R","$","T","R","M","M","R","?","R","B",null,"M","?","$","T","M","E"],"character_chosen":"IRONCLAD","items_purchased":["hubris:IronBody","MerchantsRug","Disarm+1","Shrug It Off"],"campfire_rested":4,"item_purchase_floors":[13,19,19,20],"current_hp_per_floor":[78,78,78,80,80,80,60,53,53,45,51,62,62,68,80,43,71,68,68,68,63,27,14,38,38,38,62,63,60,60,45,70,12,72,25,25,25,25,26,0,0],"gold":352,"neow_bonus":"THREE_ENEMY_KILL","is_daily":false,"chose_seed":false,"campfire_upgraded":2,"win_rate":0.0,"timestamp":1612992712,"path_taken":["M","$","?","M","?","R","E","M","T","?","M","M","$","M","R","BOSS","M","?","$","M","M","E","R","$","T","R","M","?","R","?","R","BOSS","M","?","$","?","M","E"],"items_purchased_type":["Relic","Relic","Card","Card"],"build_version":"2020-12-22","purchased_purges":2,"victory":false,"max_hp_per_floor":[80,80,80,80,80,80,80,80,80,80,80,80,80,80,80,80,80,80,80,80,80,80,80,80,80,80,80,80,80,80,85,85,85,90,90,90,90,90,90,90,90],"card_choices":[{"not_picked":["Combust","Rage"],"picked":"Flex","floor":1.0},{"not_picked":["Feel No Pain","Havoc"],"picked":"Warcry","floor":4.0},{"not_picked":["Body Slam","ReplayTheSpireMod:Strike From Hell"],"picked":"Shrug It Off","floor":5.0},{"not_picked":["Warcry","Shockwave","ReplayReversal"],"picked":"SKIP","floor":7},{"not_picked":["hubris:CleavingFinish","Cleave","Blood for Blood"],"picked":"SKIP","floor":8},{"not_picked":["Flex","Heavy Blade","Reckless Charge"],"picked":"SKIP","floor":11},{"not_picked":["Flex","Evolve"],"picked":"Twin Strike","floor":12},{"not_picked":["Wild Strike","Seeing Red"],"picked":"Limit Break","floor":14},{"not_picked":["Corruption","Juggernaut"],"picked":"Double Tap","floor":16},{"not_picked":["Pommel Strike"],"picked":"SKIP","floor":18},{"not_picked":[],"picked":"ReplayTheSpireMod:Muscle Training+1","floor":21},{"not_picked":["Perfected Strike"],"picked":"SKIP","floor":22},{"not_picked":[],"picked":"Sword Boomerang+1","floor":23},{"not_picked":["Flame Barrier"],"picked":"SKIP","floor":28},{"not_picked":["Feel No Pain+1"],"picked":"SKIP","floor":29},{"not_picked":["True Grit+1"],"picked":"SKIP","floor":35},{"not_picked":["Twin Strike+1"],"picked":"SKIP","floor":39}],"player_experience":443902,"relics_obtained":[{"floor":7,"key":"PreservedInsect"},{"floor":9,"key":"hubris:CrystalStatue"},{"floor":23,"key":"Tiny Chest"},{"floor":26,"key":"Gremlin Food"},{"floor":36,"key":"Omamori"},{"floor":38,"key":"Whetstone"}],"event_choices":[{"damage_healed":0.0,"max_hp_gain":0.0,"max_hp_loss":0.0,"gold_gain":100.0,"event_name":"Wheel of Change","player_choice":"Gold","floor":3.0,"gold_loss":0.0,"damage_taken":0.0},{"damage_healed":0,"gold_gain":75,"player_choice":"Touch","damage_taken":8,"max_hp_gain":0,"max_hp_loss":0,"event_name":"FaceTrader","floor":10,"gold_loss":0},{"damage_healed":0,"gold_gain":0,"player_choice":"Shed Blood","damage_taken":20,"max_hp_gain":5,"max_hp_loss":0,"event_name":"Forgotten Altar","floor":31,"gold_loss":0}],"is_beta":false,"boss_relics":[{"not_picked":["hubris:Stopwatch","Pandora\u0027s Box"],"picked":"Busted Crown"},{"not_picked":["Replay:Drink Me","Cursed Key"],"picked":"Tiny House"}],"items_purged_floors":[2,37],"is_endless":false,"potions_floor_spawned":[1,4,11,12,14,18,21,29,39],"killed_by":"R_Hoarder","ascension_level":9}}