{"host":"FirstDane","time":1612932761,"event":{"mods":["BaseMod","Bestiary","Highlight Path","Minty Spire (QoL Compilation)","Relic Stats","Slay the Relics Exporter","StSLib"],"gold_per_floor":[12,24,37,56,56,56,90,90,136,166,178,207,218,218,218,292,292,306,231,249,96,96,130,147,147,229,229,255,270,280,26,26,100,100,112,127,147,197,217,217,217],"floor_reached":40,"language":"ENG","playtime":1417,"items_purged":["Dagger Spray","Sucker Punch"],"score":950,"play_id":"2d846cc0-052e-4095-afbb-eff2e8017c6f","local_time":"20210209225241","is_ascension_mode":true,"campfire_choices":[{"data":"Catalyst","floor":6,"key":"SMITH"},{"data":"Deadly Poison","floor":8,"key":"SMITH"},{"floor":15,"key":"REST"},{"data":"Catalyst","floor":25,"key":"SMITH"},{"floor":27,"key":"REST"},{"data":"Burst","floor":32,"key":"SMITH"}],"circlet_count":0,"master_deck":["AscendersBane","Survivor","Neutralize","Corpse Explosion","Catalyst+1","Deadly Poison+1","Bane","Noxious Fumes","Malaise","Masterful Stab","Masterful Stab","Quick Slash","Noxious Fumes","Bane","Corpse Explosion","Night Terror","Catalyst+1","Deadly Poison+1","Burst+1","Catalyst","Deflect+1","Well Laid Plans"],"relics":["Ring of the Snake","White Beast Statue","Lantern","Art of War","Ancient Tea Set","Bag of Marbles","Pandora\u0027s Box","MealTicket","Pantograph","Mercury Hourglass","Runic Dome"],"acts_visited":["Exordium","TheCity","TheBeyond"],"potions_floor_usage":[7,10,12,13,16,20,28,30,40],"damage_taken":[{"damage":1,"enemies":"Cultist","floor":1,"turns":5},{"damage":0,"enemies":"2 Louse","floor":2,"turns":3},{"damage":7,"enemies":"Jaw Worm","floor":3,"turns":7},{"damage":12,"enemies":"Exordium Wildlife","floor":4,"turns":3},{"damage":10,"enemies":"Gremlin Nob","floor":7,"turns":3},{"damage":7,"enemies":"3 Sentries","floor":10,"turns":3},{"damage":4,"enemies":"Looter","floor":11,"turns":3},{"damage":3,"enemies":"Gremlin Nob","floor":12,"turns":3},{"damage":0,"enemies":"Lots of Slimes","floor":13,"turns":1},{"damage":6,"enemies":"The Guardian","floor":16,"turns":6},{"damage":1,"enemies":"Chosen","floor":18,"turns":3},{"damage":0,"enemies":"Spheric Guardian","floor":20,"turns":2},{"damage":27,"enemies":"Book of Stabbing","floor":23,"turns":4},{"damage":0,"enemies":"3 Cultists","floor":24,"turns":2},{"damage":24,"enemies":"Slavers","floor":28,"turns":2},{"damage":12,"enemies":"Snecko","floor":29,"turns":3},{"damage":0,"enemies":"Shelled Parasite and Fungi","floor":30,"turns":2},{"damage":29,"enemies":"Collector","floor":33,"turns":3},{"damage":4,"enemies":"3 Shapes","floor":35,"turns":2},{"damage":0,"enemies":"Orb Walker","floor":36,"turns":1},{"damage":39,"enemies":"Writhing Mass","floor":37,"turns":3},{"damage":29,"enemies":"Jaw Worm Horde","floor":39,"turns":2},{"damage":33,"enemies":"Reptomancer","floor":40,"turns":2}],"seed_played":"5106583118525407675","potions_obtained":[{"floor":1,"key":"Swift Potion"},{"floor":4,"key":"ColorlessPotion"},{"floor":10,"key":"ColorlessPotion"},{"floor":11,"key":"GamblersBrew"},{"floor":12,"key":"GamblersBrew"},{"floor":13,"key":"LiquidMemories"},{"floor":16,"key":"FearPotion"},{"floor":20,"key":"FairyPotion"},{"floor":24,"key":"Poison Potion"},{"floor":28,"key":"Fire Potion"},{"floor":30,"key":"Fire Potion"},{"floor":33,"key":"PowerPotion"},{"floor":36,"key":"FairyPotion"},{"floor":39,"key":"DuplicationPotion"}],"is_trial":false,"path_per_floor":["M","M","M","M","?","R","E","R","T","E","M","E","M","T","R","B",null,"M","?","M","$","?","E","M","R","T","R","E","M","M","$","R","B",null,"M","M","M","?","M","E"],"character_chosen":"THE_SILENT","items_purchased":["Catalyst","Burst","Catalyst"],"campfire_rested":2,"item_purchase_floors":[21,31,31],"current_hp_per_floor":[58,58,51,39,39,39,29,29,29,22,18,15,15,15,34,28,57,56,56,56,56,47,20,20,20,20,39,15,3,3,18,18,14,53,49,49,10,10,7,0,0],"gold":217,"neow_bonus":"THREE_RARE_CARDS","is_daily":false,"chose_seed":false,"campfire_upgraded":4,"win_rate":0.0,"timestamp":1612932761,"path_taken":["M","?","M","M","?","R","E","R","T","E","?","E","M","?","R","BOSS","M","?","M","$","?","E","M","R","T","R","E","M","?","?","R","BOSS","M","M","M","?","?","E"],"items_purchased_type":["Card","Card","Card"],"build_version":"2020-12-18","purchased_purges":2,"victory":false,"max_hp_per_floor":[66,66,66,66,66,66,66,66,66,66,66,66,66,66,66,66,66,66,66,66,66,66,66,66,66,66,66,66,66,66,66,66,66,66,66,66,66,66,66,66,66],"relic_stats":{"counters":[23,68],"Pantograph":25,"Pandora\u0027s Box":["Masterful Stab","Grand Finale","Masterful Stab","Quick Slash","Noxious Fumes","Dagger Spray","Bane","Corpse Explosion","Night Terror"],"MealTicket":15,"Art of War":[10],"obtain_stats":[{"Runic Dome":34,"Lantern":9,"Pantograph":26,"Pandora\u0027s Box":17,"MealTicket":23,"Art of War":10,"Bag of Marbles":14,"Ancient Tea Set":12,"White Beast Statue":7,"Ring of the Snake":0,"Mercury Hourglass":28},{"Runic Dome":18,"Lantern":5,"Pantograph":14,"Pandora\u0027s Box":10,"MealTicket":13,"Art of War":6,"Bag of Marbles":9,"Ancient Tea Set":8,"White Beast Statue":5,"Ring of the Snake":0,"Mercury Hourglass":15},{"Runic Dome":58,"Lantern":21,"Pantograph":48,"Pandora\u0027s Box":37,"MealTicket":46,"Art of War":24,"Bag of Marbles":31,"Ancient Tea Set":30,"White Beast Statue":21,"Ring of the Snake":0,"Mercury Hourglass":50}],"Ring of the Snake":[46],"Mercury Hourglass":[83]},"card_choices":[{"not_picked":["A Thousand Cuts","Malaise"],"picked":"Corpse Explosion","floor":0},{"not_picked":["Endless Agony","Skewer"],"picked":"Catalyst","floor":1},{"not_picked":["Dodge and Roll","Underhanded Strike"],"picked":"Sucker Punch","floor":2},{"not_picked":["Flying Knee","Dodge and Roll"],"picked":"Deadly Poison","floor":3},{"not_picked":["Outmaneuver","Acrobatics"],"picked":"Bane","floor":4},{"not_picked":["Choke","A Thousand Cuts","Sucker Punch"],"picked":"SKIP","floor":7},{"not_picked":["Distraction","All Out Attack","Blur"],"picked":"SKIP","floor":10},{"not_picked":["Skewer","Choke","Bane"],"picked":"SKIP","floor":11},{"not_picked":["Bane","Backstab"],"picked":"Noxious Fumes","floor":12},{"not_picked":["Sucker Punch","Choke","Terror"],"picked":"SKIP","floor":13},{"not_picked":["Bullet Time","Envenom"],"picked":"Malaise","floor":16},{"not_picked":["Expertise","Flying Knee+1","Caltrops"],"picked":"SKIP","floor":18},{"not_picked":["Dagger Spray","Skewer","Acrobatics"],"picked":"SKIP","floor":20},{"not_picked":["Poisoned Stab","Deflect+1"],"picked":"Deadly Poison+1","floor":23},{"not_picked":["Choke","Noxious Fumes","Dodge and Roll"],"picked":"SKIP","floor":24},{"not_picked":["Accuracy","Slice","Poisoned Stab"],"picked":"SKIP","floor":28},{"not_picked":["Outmaneuver","Skewer+1","Heel Hook"],"picked":"SKIP","floor":29},{"not_picked":["Dagger Spray+1","Escape Plan","Deadly Poison"],"picked":"SKIP","floor":30},{"not_picked":["Dagger Spray+1","Escape Plan","Deadly Poison"],"picked":"SKIP","floor":30},{"not_picked":["Terror","Blur","Sucker Punch"],"picked":"SKIP","floor":35},{"not_picked":["Sucker Punch","Escape Plan"],"picked":"Deflect+1","floor":36},{"not_picked":["Heel Hook","Dagger Spray+1","Blade Dance"],"picked":"SKIP","floor":37},{"not_picked":["Endless Agony","Underhanded Strike"],"picked":"Well Laid Plans","floor":39}],"player_experience":4085857,"relics_obtained":[{"floor":7,"key":"White Beast Statue"},{"floor":9,"key":"Lantern"},{"floor":10,"key":"Art of War"},{"floor":12,"key":"Ancient Tea Set"},{"floor":14,"key":"Bag of Marbles"},{"floor":23,"key":"MealTicket"},{"floor":26,"key":"Pantograph"},{"floor":28,"key":"Mercury Hourglass"}],"event_choices":[{"cards_removed":["Strike_G"],"damage_healed":0,"gold_gain":0,"player_choice":"Purged","damage_taken":0,"max_hp_gain":0,"max_hp_loss":0,"event_name":"Purifier","floor":5,"gold_loss":0},{"cards_removed":["Grand Finale"],"damage_healed":0,"gold_gain":0,"player_choice":"Gave Gold","damage_taken":0,"max_hp_gain":0,"max_hp_loss":0,"event_name":"Beggar","floor":19,"gold_loss":75},{"damage_healed":0,"gold_gain":0,"player_choice":"Damaged","damage_taken":9,"max_hp_gain":0,"max_hp_loss":0,"event_name":"Wheel of Change","floor":22,"gold_loss":0},{"damage_healed":0,"gold_gain":50,"player_choice":"Pray","damage_taken":0,"max_hp_gain":0,"max_hp_loss":0,"event_name":"Golden Shrine","floor":38,"gold_loss":0}],"is_beta":true,"boss_relics":[{"not_picked":["Fusion Hammer","SacredBark"],"picked":"Pandora\u0027s Box"},{"not_picked":["Snecko Eye","Sozu"],"picked":"Runic Dome"}],"items_purged_floors":[21,31],"is_endless":false,"potions_floor_spawned":[1,4,10,11,12,13,16,18,20,23,24,28,29,30,33,35,36,37,39],"killed_by":"Reptomancer","ascension_level":20}}