{"host":"aqym1xxr3lb31d9m","time":1612949056,"event":{"mods":["BaseMod","Block Reminder","Colored Map","Colored Powertips","DeckTracker","Highlight Path","Minty Spire (QoL Compilation)","Quick Restart","Random Character Button","StSLib","SuperFastMode","UnlockEverythingMod"],"gold_per_floor":[112,112,132,207,18,51,62,90,90,90,90,15,28,53,53,125,125,140,140,155,155,165,199,199,234,234,252,265,283,283,683,683,758,758,775,775,368,384,395,426,426,443,443,476,476,490,196,216,216,216,216,216,216,36,64,64,64],"floor_reached":56,"language":"JPN","playtime":2616,"items_purged":["Regret","Strike_R","Strike_R"],"score":2184,"play_id":"ca28e41e-f350-465f-b3e7-f06f5c21fc5f","local_time":"20210210182415","is_ascension_mode":true,"campfire_choices":[{"data":"Uppercut","floor":11.0,"key":"SMITH"},{"data":"Inflame","floor":15.0,"key":"SMITH"},{"data":"Fiend Fire","floor":24.0,"key":"SMITH"},{"data":"Whirlwind","floor":30.0,"key":"SMITH"},{"floor":32.0,"key":"REST"},{"data":"True Grit","floor":41.0,"key":"SMITH"},{"floor":45.0,"key":"RECALL"},{"data":"Feel No Pain","floor":49.0,"key":"SMITH"},{"data":"Dark Embrace","floor":53.0,"key":"SMITH"}],"circlet_count":0,"master_deck":["AscendersBane","Strike_R","Strike_R","Defend_R","Defend_R","Defend_R","Defend_R","Bash","Uppercut+1","Inflame+1","Clothesline","Sword Boomerang","Thunderclap","Wild Strike","Dropkick","Shrug It Off","Fiend Fire+1","Twin Strike+1","Combust+1","Pommel Strike","Whirlwind+1","Shrug It Off","Fiend Fire+1","True Grit+1","Shockwave","Rage","Fiend Fire+1","Shrug It Off","Double Tap","Power Through","Bloodletting+1","Seeing Red","Body Slam+1","Havoc","Fiend Fire+1","Feel No Pain+1","Shrug It Off","Disarm","Shockwave","Dark Embrace+1","Seeing Red+1","Reaper+1","Battle Trance","Feel No Pain+1","Dark Embrace+1"],"relics":["Burning Blood","NeowsBlessing","Red Skull","Orichalcum","Question Card","Eternal Feather","InkBottle","Boot","Darkstone Periapt","SlaversCollar","Pen Nib","Molten Egg 2","Charon\u0027s Ashes","Old Coin","White Beast Statue","Runic Pyramid","Membership Card","Strawberry","Dead Branch","PreservedInsect","Mummified Hand","Orrery","DollysMirror","StrikeDummy"],"acts_visited":["Exordium","TheCity","TheBeyond","TheEnding"],"potions_floor_usage":[56,56],"damage_taken":[{"damage":0.0,"enemies":"Cultist","floor":1.0,"turns":1.0},{"damage":0.0,"enemies":"2 Louse","floor":3.0,"turns":1.0},{"damage":0.0,"enemies":"3 Sentries","floor":6.0,"turns":2.0},{"damage":1.0,"enemies":"Small Slimes","floor":7.0,"turns":3.0},{"damage":18.0,"enemies":"Lagavulin","floor":8.0,"turns":5.0},{"damage":2.0,"enemies":"Looter","floor":13.0,"turns":2.0},{"damage":16.0,"enemies":"3 Sentries","floor":14.0,"turns":5.0},{"damage":36.0,"enemies":"Hexaghost","floor":16.0,"turns":8.0},{"damage":23.0,"enemies":"Shell Parasite","floor":18.0,"turns":3.0},{"damage":27.0,"enemies":"2 Thieves","floor":20.0,"turns":4.0},{"damage":13.0,"enemies":"Snecko","floor":22.0,"turns":3.0},{"damage":35.0,"enemies":"Gremlin Leader","floor":23.0,"turns":6.0},{"damage":33.0,"enemies":"Book of Stabbing","floor":25.0,"turns":3.0},{"damage":6.0,"enemies":"Cultist and Chosen","floor":27.0,"turns":4.0},{"damage":3.0,"enemies":"Centurion and Healer","floor":28.0,"turns":3.0},{"damage":4.0,"enemies":"3 Cultists","floor":29.0,"turns":3.0},{"damage":7.0,"enemies":"Colosseum Slavers","floor":31.0,"turns":2.0},{"damage":3.0,"enemies":"Colosseum Nobs","floor":31.0,"turns":3.0},{"damage":27.0,"enemies":"Automaton","floor":33.0,"turns":6.0},{"damage":5.0,"enemies":"Orb Walker","floor":35.0,"turns":2.0},{"damage":15.0,"enemies":"3 Shapes","floor":38.0,"turns":5.0},{"damage":0.0,"enemies":"Jaw Worm Horde","floor":39.0,"turns":2.0},{"damage":4.0,"enemies":"Giant Head","floor":40.0,"turns":4.0},{"damage":4.0,"enemies":"4 Shapes","floor":42.0,"turns":4.0},{"damage":3.0,"enemies":"Nemesis","floor":44.0,"turns":3.0},{"damage":10.0,"enemies":"Writhing Mass","floor":46.0,"turns":3.0},{"damage":0.0,"enemies":"Maw","floor":48.0,"turns":3.0},{"damage":33.0,"enemies":"Donu and Deca","floor":50.0,"turns":3.0},{"damage":6.0,"enemies":"Time Eater","floor":51.0,"turns":5.0},{"damage":68.0,"enemies":"Shield and Spear","floor":55.0,"turns":6.0},{"damage":63,"enemies":"The Heart","floor":56,"turns":3}],"seed_played":"4239991283984038915","potions_obtained":[{"floor":1.0,"key":"Regen Potion"},{"floor":3.0,"key":"CultistPotion"},{"floor":14.0,"key":"Explosive Potion"},{"floor":16.0,"key":"PowerPotion"},{"floor":23.0,"key":"BloodPotion"},{"floor":25.0,"key":"Swift Potion"},{"floor":27.0,"key":"GamblersBrew"},{"floor":29.0,"key":"Regen Potion"},{"floor":31.0,"key":"SneckoOil"},{"floor":33.0,"key":"BlessingOfTheForge"},{"floor":35.0,"key":"DistilledChaos"},{"floor":38.0,"key":"EssenceOfSteel"},{"floor":39.0,"key":"ElixirPotion"},{"floor":40.0,"key":"ColorlessPotion"},{"floor":46.0,"key":"SteroidPotion"},{"floor":55.0,"key":"Swift Potion"}],"is_trial":false,"path_per_floor":["M","?","M","?","$","E","M","E","T","?","R","$","M","E","R","B",null,"M","?","M","?","M","E","R","E","T","M","M","M","R","?","R","B",null,"M","?","$","M","M","E","R","M","T","E","R","M","$","M","R","B","B",null,"R","$","E","B"],"character_chosen":"IRONCLAD","items_purchased":["Orichalcum","Clothesline","Membership Card","Shrug It Off","Strawberry","Double Tap","Mummified Hand","Orrery","Dark Embrace","Reaper+1","Battle Trance","DollysMirror"],"campfire_rested":1,"item_purchase_floors":[5,5,37,37,37,37,47,47,47,54,54,54],"current_hp_per_floor":[74,63,69,58,58,64,69,57,57,57,66,66,70,60,69,39,66,49,49,28,28,21,7,19,7,7,7,10,12,27,34,71,50,69,70,70,77,68,74,76,82,82,82,82,82,78,78,82,82,55,55,75,82,82,33,0,0],"gold":64,"neow_bonus":"THREE_ENEMY_KILL","is_daily":false,"chose_seed":false,"campfire_upgraded":7,"win_rate":0.0,"timestamp":1612949055,"path_taken":["M","?","M","?","$","E","M","E","T","?","R","$","M","E","R","BOSS","M","?","M","?","?","E","R","E","T","M","M","?","R","?","R","BOSS","M","?","$","M","M","E","R","M","T","E","R","?","$","M","R","BOSS","BOSS","R","$","E","BOSS"],"items_purchased_type":["Relic","Card","Relic","Card","Relic","Card","Relic","Relic","Card","Card","Card","Relic"],"build_version":"2020-12-22","purchased_purges":3,"victory":false,"max_hp_per_floor":[75,75,75,75,75,75,75,75,75,75,75,75,75,75,75,75,75,75,75,75,75,75,75,75,75,75,75,75,75,75,75,75,75,75,75,75,82,82,82,82,82,82,82,82,82,82,82,82,82,82,82,82,82,82,82,82,82],"card_choices":[{"not_picked":["Sentinel","Twin Strike"],"picked":"Uppercut","floor":1.0},{"not_picked":["Thunderclap","Iron Wave"],"picked":"Inflame","floor":3.0},{"not_picked":["Shrug It Off","Berserk"],"picked":"Sword Boomerang","floor":6.0},{"not_picked":["Evolve","Perfected Strike","Sever Soul"],"picked":"Thunderclap","floor":7.0},{"not_picked":["Second Wind","Havoc","Warcry"],"picked":"Wild Strike","floor":8.0},{"not_picked":["Sever Soul","Seeing Red","Sentinel"],"picked":"Dropkick","floor":13.0},{"not_picked":["Cleave","Clash","Pommel Strike"],"picked":"Shrug It Off","floor":14.0},{"not_picked":["Bludgeon","Corruption","Brutality"],"picked":"Fiend Fire","floor":16.0},{"not_picked":["Bloodletting","Intimidate","Shrug It Off"],"picked":"Twin Strike+1","floor":18.0},{"not_picked":["Dark Embrace","Heavy Blade","Anger"],"picked":"Combust+1","floor":20.0},{"not_picked":["Clothesline","Heavy Blade","Bloodletting"],"picked":"Pommel Strike","floor":22.0},{"not_picked":["Fire Breathing","Reckless Charge","Iron Wave"],"picked":"Whirlwind","floor":23.0},{"not_picked":["Immolate+1","Anger+1","Warcry"],"picked":"Shrug It Off","floor":25.0},{"not_picked":["Sword Boomerang+1","Entrench","Warcry"],"picked":"Fiend Fire+1","floor":27.0},{"not_picked":["Sentinel","Headbutt+1","Infernal Blade"],"picked":"True Grit","floor":28.0},{"not_picked":["Cleave+1","Iron Wave+1","Clothesline+1"],"picked":"Shockwave","floor":29.0},{"not_picked":["Flex+1","Searing Blow+1","Clash+1"],"picked":"Rage","floor":31.0},{"not_picked":["Impervious","Juggernaut","Immolate+1"],"picked":"Fiend Fire+1","floor":33.0},{"not_picked":["Sword Boomerang+1","Perfected Strike+1","Wild Strike+1","Twin Strike+1"],"picked":"SKIP","floor":35.0},{"not_picked":["Evolve","Inflame","Thunderclap+1"],"picked":"Power Through","floor":38.0},{"not_picked":["Warcry","Heavy Blade+1","Shrug It Off"],"picked":"Bloodletting+1","floor":39.0},{"not_picked":["Headbutt+1","Entrench+1","Wild Strike+1"],"picked":"Seeing Red","floor":40.0},{"not_picked":["Sentinel","Iron Wave+1","Juggernaut"],"picked":"Body Slam+1","floor":42.0},{"not_picked":["Clash+1","Intimidate","Body Slam+1"],"picked":"Havoc","floor":44.0},{"not_picked":["Bloodletting","True Grit","Perfected Strike+1"],"picked":"Fiend Fire+1","floor":46.0},{"not_picked":["Intimidate","Fire Breathing","Bloodletting"],"picked":"Feel No Pain","floor":47.0},{"not_picked":["Sentinel","Entrench","Sword Boomerang+1"],"picked":"Shrug It Off","floor":47.0},{"not_picked":["Thunderclap+1","Perfected Strike+1","Power Through"],"picked":"Disarm","floor":47.0},{"not_picked":["Fire Breathing","Pommel Strike+1","Anger+1"],"picked":"Shockwave","floor":47.0},{"not_picked":["Reckless Charge+1","Power Through","Flame Barrier"],"picked":"Seeing Red+1","floor":48.0},{"not_picked":["Shrug It Off","Battle Trance","Combust"],"picked":"Dark Embrace+1","floor":55.0}],"player_experience":4197495,"relics_obtained":[{"floor":6.0,"key":"Question Card"},{"floor":8.0,"key":"Eternal Feather"},{"floor":9.0,"key":"InkBottle"},{"floor":14.0,"key":"Darkstone Periapt"},{"floor":23.0,"key":"Pen Nib"},{"floor":25.0,"key":"Molten Egg 2"},{"floor":26.0,"key":"Charon\u0027s Ashes"},{"floor":31.0,"key":"Old Coin"},{"floor":31.0,"key":"White Beast Statue"},{"floor":40.0,"key":"Dead Branch"},{"floor":44.0,"key":"PreservedInsect"},{"floor":55.0,"key":"StrikeDummy"}],"event_choices":[{"damage_healed":0.0,"max_hp_gain":0.0,"max_hp_loss":0.0,"gold_gain":0.0,"event_name":"Scrap Ooze","player_choice":"Success","floor":2.0,"gold_loss":0.0,"damage_taken":11.0,"relics_obtained":["Red Skull"]},{"damage_healed":0.0,"max_hp_gain":0.0,"max_hp_loss":0.0,"gold_gain":75.0,"event_name":"World of Goop","player_choice":"Gather Gold","floor":4.0,"gold_loss":0.0,"damage_taken":11.0},{"damage_healed":0.0,"max_hp_gain":0.0,"max_hp_loss":0.0,"gold_gain":0.0,"event_name":"Big Fish","player_choice":"Box","floor":10.0,"gold_loss":0.0,"damage_taken":0.0,"relics_obtained":["Boot"],"cards_obtained":["Regret"]},{"damage_healed":0.0,"max_hp_gain":0.0,"max_hp_loss":0.0,"gold_gain":0.0,"event_name":"Vampires","player_choice":"Ignored","floor":19.0,"gold_loss":0.0,"damage_taken":0.0},{"cards_removed":["Strike_R"],"damage_healed":0.0,"max_hp_gain":0.0,"max_hp_loss":0.0,"gold_gain":0.0,"event_name":"Wheel of Change","player_choice":"Card Removal","floor":21.0,"gold_loss":0.0,"damage_taken":0.0},{"damage_healed":0.0,"max_hp_gain":0.0,"max_hp_loss":0.0,"gold_gain":0.0,"event_name":"Colosseum","player_choice":"Fight","floor":31.0,"gold_loss":0.0,"damage_taken":0.0},{"damage_healed":0.0,"max_hp_gain":0.0,"max_hp_loss":0.0,"gold_gain":0.0,"event_name":"Colosseum","player_choice":"Fought Nobs","floor":31.0,"gold_loss":0.0,"damage_taken":0.0},{"damage_healed":0.0,"max_hp_gain":0.0,"max_hp_loss":0.0,"gold_gain":0.0,"event_name":"SecretPortal","player_choice":"Ignored","floor":36.0,"gold_loss":0.0,"damage_taken":0.0}],"is_beta":false,"boss_relics":[{"not_picked":["Ectoplasm","Runic Dome"],"picked":"SlaversCollar"},{"not_picked":["SacredBark","Velvet Choker"],"picked":"Runic Pyramid"}],"items_purged_floors":[12,37,47],"is_endless":false,"potions_floor_spawned":[1,3,14,16,23,25,27,29,31,33,35,38,39,40,42,44,46,48,55],"killed_by":"The Heart","ascension_level":20}}