{"host":"sygfylmorsvdndbx","time":1612976968,"event":{"mods":["AchievementEnabler","BaseMod","Bestiary","Highlight Path","Minty Spire (QoL Compilation)","Permanent Neow","Quick Restart","Relic Stats"],"gold_per_floor":[18,18,36,49,49,63,63,15,85,117,117,145,145,156,156,258,258,273,273,285,305,316,316,97,124,124,165,177,224,236,262,274,387,399,431,443,467,494,506,553,565,577,589,611,185,213,227,240,240,240,240,240,51,83,83],"floor_reached":56,"language":"ENG","playtime":7477,"items_purged":["Strike_P","Clumsy"],"score":1753,"play_id":"4e6fe15c-bbbe-4a2e-b578-89831815fa58","local_time":"20210210120928","is_ascension_mode":true,"campfire_choices":[{"data":"Eruption","floor":7.0,"key":"SMITH"},{"data":"Tantrum","floor":13.0,"key":"SMITH"},{"data":"FearNoEvil","floor":15.0,"key":"SMITH"},{"floor":23.0,"key":"REST"},{"data":"Ragnarok","floor":28,"key":"SMITH"},{"data":"Strike_P","floor":30,"key":"PURGE"},{"data":"Halt","floor":32,"key":"SMITH"},{"floor":42,"key":"RECALL"},{"data":"Strike_P+1","floor":49,"key":"PURGE"},{"data":"LessonLearned+1","floor":52,"key":"PURGE"}],"circlet_count":0,"master_deck":["AscendersBane","Defend_P+1","Defend_P+1","Defend_P+1","Eruption+1","Vigilance+1","Violence+1","Tantrum+1","FearNoEvil+1","Halt+1","Weave+1","FlurryOfBlows+1","EmptyBody+1","Ragnarok+1","ClearTheMind+1","MentalFortress+1","Consecrate+1","ClearTheMind+1","ThirdEye+1","Scrawl+1","Protect+1","Tantrum+1","ClearTheMind+1","EmptyFist+1","Evaluate+1","Adaptation+1","Vault+1","JustLucky+1","Wireheading","Master of Strategy+1","InnerPeace+1","CrushJoints+1"],"relics":["PureWater","War Paint","Letter Opener","Mummified Hand","Peace Pipe","Black Star","ClockworkSouvenir","Juzu Bracelet","Toxic Egg 2","MawBank","Boot","Eternal Feather","TungstenRod","Bronze Scales","Cursed Key","PreservedInsect","Bottled Flame","Membership Card","Bottled Tornado","Akabeko","Mercury Hourglass","Orichalcum","Happy Flower","Pantograph"],"acts_visited":["Exordium","TheCity","TheBeyond","TheEnding"],"potions_floor_usage":[25,29,37,50,55,55],"damage_taken":[{"damage":2.0,"enemies":"Jaw Worm","floor":1.0,"turns":3.0},{"damage":0.0,"enemies":"Cultist","floor":3.0,"turns":2.0},{"damage":0.0,"enemies":"2 Louse","floor":4.0,"turns":1.0},{"damage":0.0,"enemies":"Blue Slaver","floor":6.0,"turns":4.0},{"damage":5.0,"enemies":"3 Sentries","floor":10.0,"turns":4.0},{"damage":8.0,"enemies":"Gremlin Nob","floor":12.0,"turns":3.0},{"damage":0.0,"enemies":"Gremlin Gang","floor":14.0,"turns":3.0},{"damage":14.0,"enemies":"Hexaghost","floor":16.0,"turns":6.0},{"damage":0.0,"enemies":"Shell Parasite","floor":18.0,"turns":1.0},{"damage":0.0,"enemies":"3 Byrds","floor":20.0,"turns":2.0},{"damage":0.0,"enemies":"Cultist and Chosen","floor":21.0,"turns":3.0},{"damage":18.0,"enemies":"Shelled Parasite and Fungi","floor":22.0,"turns":3.0},{"damage":26,"enemies":"Book of Stabbing","floor":25,"turns":3},{"damage":0,"enemies":"Gremlin Leader","floor":27,"turns":5},{"damage":10,"enemies":"Slavers","floor":29,"turns":3},{"damage":0,"enemies":"Snecko","floor":31,"turns":3},{"damage":22,"enemies":"Collector","floor":33,"turns":7},{"damage":0,"enemies":"Orb Walker","floor":35,"turns":1},{"damage":0,"enemies":"3 Shapes","floor":37,"turns":3},{"damage":0,"enemies":"Maw","floor":38,"turns":5},{"damage":8,"enemies":"Nemesis","floor":40,"turns":5},{"damage":6,"enemies":"Writhing Mass","floor":44,"turns":3},{"damage":0,"enemies":"Giant Head","floor":46,"turns":4},{"damage":0,"enemies":"3 Darklings","floor":47,"turns":1},{"damage":5,"enemies":"Transient","floor":48,"turns":6},{"damage":22,"enemies":"Awakened One","floor":50,"turns":7},{"damage":20,"enemies":"Shield and Spear","floor":54,"turns":3},{"damage":34,"enemies":"The Heart","floor":55,"turns":6}],"seed_played":"8587571261883727742","potions_obtained":[{"floor":4.0,"key":"Dexterity Potion"},{"floor":12.0,"key":"ColorlessPotion"},{"floor":14.0,"key":"Energy Potion"},{"floor":16.0,"key":"SneckoOil"},{"floor":18.0,"key":"SteroidPotion"},{"floor":22.0,"key":"FearPotion"},{"floor":27,"key":"LiquidMemories"},{"floor":33,"key":"Block Potion"},{"floor":37,"key":"DistilledChaos"},{"floor":40,"key":"Block Potion"},{"floor":44,"key":"Strength Potion"},{"floor":48,"key":"BottledMiracle"}],"is_trial":false,"path_per_floor":["M","?","M","M","T","M","R","$","T","E","?","E","R","M","R","B",null,"M","?","M","M","M","R","$","E","T","E","R","E","R","M","R","B",null,"M","?","M","M","?","E","?","R","T","M","$","E","M","M","R","B",null,"R","$","E","B",null],"character_chosen":"WATCHER","items_purchased":["FlurryOfBlows","ClockworkSouvenir","Membership Card","Adaptation","Bottled Tornado","Akabeko","Wireheading","Dexterity Potion","Master of Strategy+1","InnerPeace+1"],"campfire_rested":1,"item_purchase_floors":[8,24,45,45,45,45,53,53,53,53],"current_hp_per_floor":[63,63,63,63,63,63,63,63,63,58,51,43,43,43,43,29,61,61,48,48,48,30,53,53,27,27,27,39,29,41,41,53,31,66,66,66,66,66,66,58,58,73,73,67,67,67,67,62,77,55,72,77,77,57,43],"gold":83,"neow_bonus":"RANDOM_COLORLESS_2","is_daily":false,"chose_seed":false,"campfire_upgraded":5,"win_rate":0.0,"timestamp":1612976968,"path_taken":["M","?","M","?","?","M","R","$","T","E","?","E","R","M","R","BOSS","M","?","M","M","M","R","$","E","T","E","R","E","R","M","R","BOSS","M","?","M","M","?","E","?","R","T","M","$","E","M","M","R","BOSS","R","$","E","BOSS"],"items_purchased_type":["Card","Relic","Relic","Card","Relic","Relic","Card","Potion","Card","Card"],"build_version":"2020-12-22","purchased_purges":2,"victory":true,"max_hp_per_floor":[72,72,72,72,72,72,72,72,72,72,72,72,72,72,72,72,72,72,77,77,77,77,77,77,77,77,77,77,77,77,77,77,77,77,77,77,77,77,77,77,77,77,77,77,77,77,77,77,77,77,77,77,77,77,77],"relic_stats":{"Happy Flower":[2],"counters":[28,100],"Eternal Feather":71,"PreservedInsect":207,"Juzu Bracelet":1,"Letter Opener":[167],"War Paint":["Vigilance","Defend_P"],"Orichalcum":[6],"MawBank":228,"Boot":[239],"Cursed Key":1,"Mercury Hourglass":[93],"Peace Pipe":3,"Mummified Hand":[30],"Bronze Scales":[148],"Pantograph":20,"Black Star":6,"obtain_stats":[{"Happy Flower":54,"Eternal Feather":27,"PreservedInsect":40,"Juzu Bracelet":25,"Letter Opener":9,"War Paint":5,"Bottled Tornado":45,"Orichalcum":46,"MawBank":26,"Boot":27,"Cursed Key":34,"Akabeko":45,"ClockworkSouvenir":24,"Mercury Hourglass":46,"Peace Pipe":12,"Bottled Flame":40,"Mummified Hand":10,"Bronze Scales":29,"Pantograph":54,"Black Star":17,"Membership Card":45,"PureWater":0,"Toxic Egg 2":25,"TungstenRod":29},{"Happy Flower":27,"Eternal Feather":14,"PreservedInsect":21,"Juzu Bracelet":13,"Letter Opener":4,"War Paint":3,"Bottled Tornado":22,"Orichalcum":23,"MawBank":13,"Boot":14,"Cursed Key":17,"Akabeko":22,"ClockworkSouvenir":12,"Mercury Hourglass":23,"Peace Pipe":6,"Bottled Flame":21,"Mummified Hand":5,"Bronze Scales":15,"Pantograph":27,"Black Star":8,"Membership Card":22,"PureWater":0,"Toxic Egg 2":13,"TungstenRod":15},{"Happy Flower":94,"Eternal Feather":43,"PreservedInsect":70,"Juzu Bracelet":38,"Letter Opener":10,"War Paint":6,"Bottled Tornado":73,"Orichalcum":77,"MawBank":38,"Boot":43,"Cursed Key":56,"Akabeko":73,"ClockworkSouvenir":35,"Mercury Hourglass":77,"Peace Pipe":17,"Bottled Flame":70,"Mummified Hand":14,"Bronze Scales":46,"Pantograph":94,"Black Star":26,"Membership Card":73,"PureWater":0,"Toxic Egg 2":38,"TungstenRod":46}],"TungstenRod":17},"card_choices":[{"not_picked":["The Bomb","Magnetism"],"picked":"Violence","floor":0.0},{"not_picked":["BowlingBash","ClearTheMind"],"picked":"Tantrum","floor":1.0},{"not_picked":["Tantrum","LikeWater"],"picked":"FearNoEvil","floor":3.0},{"not_picked":["Crescendo","Prostrate"],"picked":"Halt","floor":4.0},{"not_picked":["EmptyMind","Establishment"],"picked":"Weave","floor":6.0},{"not_picked":["PathToVictory","JustLucky"],"picked":"EmptyBody","floor":10.0},{"not_picked":["BowlingBash","BattleHymn"],"picked":"JustLucky","floor":12.0},{"not_picked":["Evaluate","Wallop"],"picked":"LessonLearned","floor":14.0},{"not_picked":["DeusExMachina","Brilliance"],"picked":"Ragnarok","floor":16.0},{"not_picked":["FlurryOfBlows+1","BowlingBash"],"picked":"ClearTheMind+1","floor":18.0},{"not_picked":["Worship","CarveReality+1"],"picked":"MentalFortress+1","floor":20.0},{"not_picked":["EmptyBody","Protect","Consecrate"],"picked":"SKIP","floor":21.0},{"not_picked":["EmptyBody","Protect","Consecrate"],"picked":"SKIP","floor":21.0},{"not_picked":["EmptyBody","WreathOfFlame","Pray+1"],"picked":"SKIP","floor":22.0},{"not_picked":["Fasting2","Prostrate+1"],"picked":"Consecrate+1","floor":25},{"not_picked":["PathToVictory+1","CrushJoints"],"picked":"ClearTheMind+1","floor":27},{"not_picked":["SandsOfTime","Wallop"],"picked":"ThirdEye+1","floor":29},{"not_picked":["Alpha+1","CarveReality","FollowUp"],"picked":"SKIP","floor":31},{"not_picked":["Alpha+1","MasterReality"],"picked":"Scrawl+1","floor":33},{"not_picked":["Consecrate","FollowUp"],"picked":"Protect+1","floor":35},{"not_picked":["Worship+1","FollowUp"],"picked":"Tantrum+1","floor":37},{"not_picked":["ReachHeaven+1","Crescendo+1"],"picked":"ClearTheMind+1","floor":38},{"not_picked":["SpiritShield+1","FollowUp+1"],"picked":"EmptyFist+1","floor":40},{"not_picked":["Weave+1","SandsOfTime+1"],"picked":"Evaluate+1","floor":44},{"not_picked":["ClearTheMind+1","Indignation+1"],"picked":"Vault+1","floor":46},{"not_picked":["JustLucky","FearNoEvil+1","DeceiveReality+1"],"picked":"SKIP","floor":47},{"not_picked":["JustLucky","FearNoEvil+1","DeceiveReality+1"],"picked":"SKIP","floor":47},{"not_picked":["EmptyBody+1","Evaluate+1"],"picked":"JustLucky+1","floor":48},{"not_picked":["FlurryOfBlows","Tantrum"],"picked":"CrushJoints+1","floor":54}],"player_experience":456296,"relics_obtained":[{"floor":5.0,"key":"War Paint"},{"floor":9.0,"key":"Letter Opener"},{"floor":10.0,"key":"Mummified Hand"},{"floor":12.0,"key":"Peace Pipe"},{"floor":25,"key":"Juzu Bracelet"},{"floor":25,"key":"Toxic Egg 2"},{"floor":26,"key":"MawBank"},{"floor":27,"key":"Boot"},{"floor":27,"key":"Eternal Feather"},{"floor":29,"key":"TungstenRod"},{"floor":29,"key":"Bronze Scales"},{"floor":40,"key":"PreservedInsect"},{"floor":40,"key":"Bottled Flame"},{"floor":46,"key":"Mercury Hourglass"},{"floor":46,"key":"Orichalcum"},{"floor":54,"key":"Happy Flower"},{"floor":54,"key":"Pantograph"}],"event_choices":[{"cards_removed":["Strike_P"],"damage_healed":0.0,"max_hp_gain":0.0,"max_hp_loss":0.0,"gold_gain":0.0,"event_name":"Purifier","player_choice":"Purged","floor":2.0,"gold_loss":0.0,"damage_taken":0.0},{"cards_removed":["Defend_P"],"damage_healed":0.0,"max_hp_gain":0.0,"max_hp_loss":0.0,"gold_gain":0.0,"event_name":"Golden Wing","player_choice":"Card Removal","floor":11.0,"gold_loss":0.0,"damage_taken":7.0},{"damage_healed":0.0,"max_hp_gain":5.0,"max_hp_loss":0.0,"gold_gain":0.0,"event_name":"Forgotten Altar","player_choice":"Shed Blood","floor":19.0,"gold_loss":0.0,"damage_taken":18.0},{"damage_healed":0,"gold_gain":0,"player_choice":"Forge","damage_taken":0,"max_hp_gain":0,"max_hp_loss":0,"event_name":"Accursed Blacksmith","floor":36,"gold_loss":0,"cards_upgraded":["Violence"]},{"cards_removed":["JustLucky"],"damage_healed":0,"gold_gain":0,"player_choice":"Removed Attack","damage_taken":0,"max_hp_gain":0,"max_hp_loss":0,"event_name":"Falling","floor":39,"gold_loss":0},{"damage_healed":0,"gold_gain":0,"player_choice":"Bought 0 Potions","damage_taken":0,"max_hp_gain":0,"max_hp_loss":0,"event_name":"The Woman in Blue","floor":41,"gold_loss":0}],"is_beta":false,"boss_relics":[{"not_picked":["Ectoplasm","Astrolabe"],"picked":"Black Star"},{"not_picked":["Pandora\u0027s Box","SacredBark"],"picked":"Cursed Key"}],"items_purged_floors":[24,45],"is_endless":false,"potions_floor_spawned":[4,12,14,16,18,22,27,33,37,40,44,46,48,54],"ascension_level":10}}