{"host":"spoxbmo2txwgdxt2","time":1612930156,"event":{"mods":["AchievementEnabler","Act Like it!","BaseMod","Colored Powertips","Gensokyo","Hallownest","Highlight Path","KomeijiMod","Minty Spire (QoL Compilation)","Quick Restart","Rare Cards Sparkle","Shop Mod","StSLib"],"gold_per_floor":[175,35,35,51,51,51,51,84,84,84,46,66,84,109,109,211,211,231,108,118,585,585,585,617,617,670,680,697,697,715,334,334,334,334],"floor_reached":33,"language":"ZHS","playtime":2576,"items_purged":["Strike_Remiria"],"score":298,"play_id":"5e0dc953-9ab4-4004-bf7b-8f893b43c5b7","local_time":"20210210120916","is_ascension_mode":false,"campfire_choices":[{"data":"CurseofVladTepes","floor":7.0,"key":"SMITH"},{"data":"PartStrengthen","floor":10.0,"key":"SMITH"},{"data":"QueenOfMidnight","floor":15.0,"key":"SMITH"},{"data":"RemiliaStalker","floor":23.0,"key":"SMITH"},{"data":"VampireClaw","floor":29,"key":"SMITH"},{"data":"FateSonata","floor":32,"key":"SMITH"}],"circlet_count":0,"master_deck":["Strike_Remiria","Strike_Remiria+1","Strike_Remiria","Defend_Remirira","Defend_Remirira","Defend_Remirira","Defend_Remirira","Absorbed","Scratch","PartStrengthen+1","CurseofVladTepes+1","VampireKiss_Remiria+1","BloodSurge","QueenOfMidnight+1","VampireClaw+1","BodyStrengthen","FateSonata+1","RemiliaStalker+1","BloodCleaner","BloodyMagicSquare","ScarletNetherworld","AllTheWorldInNightmare"],"relics":["ThirstyCrossSpe","Lizard Tail","Pocketwatch","Singing Bowl","Eternal Feather","Coffee Dripper","GoodDreamPillow","Whetstone","Red Mask","ClockworkSouvenir"],"acts_visited":["Gensokyo:Gensokyo","Hallownest:CityofTears"],"potions_floor_usage":[28],"damage_taken":[{"damage":0.0,"enemies":"Gensokyo:3_Fairies","floor":1.0,"turns":2.0},{"damage":0.0,"enemies":"Gensokyo:2_Kodama","floor":4.0,"turns":1.0},{"damage":0.0,"enemies":"Gensokyo:Cirno","floor":8.0,"turns":2.0},{"damage":2.0,"enemies":"Gensokyo:Gryphon","floor":12.0,"turns":2.0},{"damage":6.0,"enemies":"Gensokyo:Kitsune","floor":13.0,"turns":3.0},{"damage":4.0,"enemies":"Gensokyo:Aya","floor":14.0,"turns":6.0},{"damage":13.0,"enemies":"Gensokyo:Yukari","floor":16.0,"turns":10.0},{"damage":0.0,"enemies":"Hallownest:Flukemon_and_Top","floor":18.0,"turns":6.0},{"damage":3.0,"enemies":"Hallownest:2_Mistakes","floor":20.0,"turns":4.0},{"damage":44.0,"enemies":"Hallownest:eliteWatcherKnight","floor":24.0,"turns":13.0},{"damage":1.0,"enemies":"Hallownest:monsterShrumalOgre","floor":27.0,"turns":5.0},{"damage":4,"enemies":"Hallownest:2_Husk_Sentries","floor":28,"turns":7},{"damage":0,"enemies":"Hallownest:Warrior_and_Youth","floor":30,"turns":5},{"damage":42,"enemies":"Hallownest:BossSoulMaster","floor":33,"turns":6}],"seed_played":"-319455234494733777","potions_obtained":[{"floor":1.0,"key":"UndeadPotion"},{"floor":12.0,"key":"Dexterity Potion"},{"floor":16.0,"key":"SpeedPotion"},{"floor":20.0,"key":"Strength Potion"},{"floor":24.0,"key":"Block Potion"}],"is_trial":false,"path_per_floor":["M","$","?","M","?","T","R","E","T","R","$","M","M","E","R","B",null,"M","?","M","?","?","R","E","?","T","M","M","R","M","$","R","B"],"character_chosen":"RemiriaScarlet","items_purchased":["CurseofVladTepes","VampireKiss_Remiria","VampireClaw","AllTheWorldInNightmare","ClockworkSouvenir"],"campfire_rested":0,"item_purchase_floors":[2,2,11,31,31],"current_hp_per_floor":[100,100,90,90,90,90,90,90,90,90,90,91,91,93,102,89,102,102,102,102,102,102,102,68,68,68,73,73,85,87,87,99,63,63],"gold":334,"neow_bonus":"THREE_ENEMY_KILL","is_daily":false,"chose_seed":false,"campfire_upgraded":6,"win_rate":0.0,"timestamp":1612930156,"path_taken":["M","$","?","?","?","?","R","E","T","R","?","M","?","E","R","BOSS","M","?","M","?","?","R","E","?","T","M","M","R","?","$","R","BOSS"],"items_purchased_type":["Card","Card","Card","Card","Relic"],"build_version":"2020-12-22","purchased_purges":1,"victory":false,"max_hp_per_floor":[100,100,100,100,100,100,100,100,100,100,100,100,102,102,102,102,102,102,102,102,102,102,102,104,104,104,104,106,106,108,108,108,108,108],"card_choices":[{"not_picked":["NaturallyHealing","Feint","PartStrengthen"],"picked":"SKIP","floor":1.0},{"not_picked":["NaturallyHealing","Feint"],"picked":"PartStrengthen","floor":1.0},{"not_picked":["FastHealing","BloodPact"],"picked":"BloodSurge","floor":4.0},{"not_picked":["SealingFear","DemonsDinnerFork_Remiria"],"picked":"QueenOfMidnight","floor":8.0},{"not_picked":["TricksterDevil","Cripple"],"picked":"BodyStrengthen","floor":12.0},{"not_picked":["BathedInBlood","DamonLordCradle_Remiria","BodyStrengthen"],"picked":"Singing Bowl","floor":13.0},{"not_picked":["DemonsDinnerFork_Remiria","BloodySuit"],"picked":"FateSonata","floor":14.0},{"not_picked":["QueenOfMidnight","FateSonata"],"picked":"RemiliaStalker","floor":16.0},{"not_picked":["DemonsDinnerFork_Remiria","StigmaNizer"],"picked":"BloodCleaner","floor":18.0},{"not_picked":["LifeBreak","DemonsDinnerFork_Remiria"],"picked":"BloodyMagicSquare","floor":20.0},{"not_picked":["RocketKickup","BloodySuit","BloodCollect"],"picked":"Singing Bowl","floor":24.0},{"not_picked":["StigmaNizer","BloodySuit+1"],"picked":"ScarletNetherworld","floor":27.0},{"not_picked":["FastHealing","Feint","BodyStrengthen"],"picked":"Singing Bowl","floor":28},{"not_picked":["NightDance","ThePrice","StigmaNizer+1"],"picked":"Singing Bowl","floor":30}],"player_experience":321621,"relics_obtained":[{"floor":6.0,"key":"Lizard Tail"},{"floor":8.0,"key":"Pocketwatch"},{"floor":9.0,"key":"Singing Bowl"},{"floor":14.0,"key":"Eternal Feather"},{"floor":24.0,"key":"Whetstone"}],"event_choices":[],"is_beta":false,"boss_relics":[{"not_picked":["Black Star","Philosopher\u0027s Stone"],"picked":"Coffee Dripper"}],"items_purged_floors":[31],"is_endless":false,"potions_floor_spawned":[1,12,16,20,24],"killed_by":"Hallownest:BossSoulMaster","ascension_level":0}}