{"host":"9nzcajyrup44vdvf","time":1612977270,"event":{"mods":["2.2 Compatiblity","AchievementEnabler","AlwaysNeverKeys","BaseMod","Curses Come First","Downfall","Googly Eyes","Minty Spire (QoL Compilation)","Permanent Neow","Relic Stats","StSLib","SuperFastMode","everything is the same but u backflip on backflip","slay the spire mod where everything is the same but ironclad has a cowboy hat"],"gold_per_floor":[99,99,99,114,128,145,170,170,200,210,210,243,243,255,275,275,275,275],"floor_reached":16,"language":"ENG","playtime":812,"items_purged":[],"score":118,"play_id":"c535e729-af40-4817-badb-4cb227463460","local_time":"20210210181430","is_ascension_mode":true,"campfire_choices":[{"data":"Secret Weapon","floor":1,"key":"SMITH"},{"data":"bronze:Separator","floor":8,"key":"SMITH"},{"data":"bronze:BronzeOrb","floor":11,"key":"SMITH"},{"floor":13,"key":"REST"}],"circlet_count":0,"master_deck":["bronze:Strike","bronze:Strike","bronze:Strike","bronze:Strike","bronze:Defend","bronze:Defend","bronze:Defend","bronze:Defend","bronze:Replicate","bronze:Goto+1","Writhe","Secret Weapon+1","bronze:Deprecate","bronze:CutThrough","bronze:Separator+1","bronze:Shell","bronze:BronzeOrb+1","bronze:CleanCode","bronze:MaxOutput","bronze:FineTuning"],"relics":["bronze:BronzeCore","HornCleat","Bag of Marbles","Eternal Feather","FossilizedHelix"],"acts_visited":["Exordium"],"potions_floor_usage":[16],"damage_taken":[{"damage":1,"enemies":"Jaw Worm","floor":4,"turns":5},{"damage":3,"enemies":"2 Louse","floor":5,"turns":3},{"damage":0,"enemies":"Cultist","floor":6,"turns":3},{"damage":11,"enemies":"3 Sentries","floor":9,"turns":9},{"damage":9,"enemies":"Gremlin Gang","floor":10,"turns":4},{"damage":29,"enemies":"Lagavulin","floor":12,"turns":7},{"damage":0,"enemies":"2 Fungi Beasts","floor":14,"turns":3},{"damage":0,"enemies":"Blue Slaver","floor":15,"turns":1},{"damage":69,"enemies":"WA_ARCHETYPE_RETAIN","floor":16,"turns":10}],"seed_played":"4813623865066708823","potions_obtained":[{"floor":6,"key":"SpeedPotion"},{"floor":12,"key":"LiquidBronze"},{"floor":14,"key":"bronze:FreeFunctionsPotion"},{"floor":15,"key":"Block Potion"}],"is_trial":false,"path_per_floor":["R","?","?","M","M","M","T","R","E","M","R","E","R","M","M","B"],"character_chosen":"THE_AUTOMATON","items_purchased":[],"campfire_rested":1,"item_purchase_floors":[],"current_hp_per_floor":[70,63,63,62,59,59,59,59,48,39,48,19,49,49,49,0,0,0],"gold":275,"neow_bonus":"RANDOM_COLORLESS_2","is_daily":false,"chose_seed":false,"campfire_upgraded":3,"win_rate":0.0,"timestamp":1612977270,"path_taken":["R","?","?","M","M","M","T","R","E","?","R","E","R","?","M","BOSS"],"items_purchased_type":[],"build_version":"2020-12-22","purchased_purges":0,"victory":false,"max_hp_per_floor":[70,70,70,70,70,70,70,70,70,70,70,70,70,70,70,70,70,70],"relic_stats":{"counters":[9,45],"Eternal Feather":18,"obtain_stats":[{"bronze:BronzeCore":0,"HornCleat":2,"Eternal Feather":9,"Bag of Marbles":7,"FossilizedHelix":12},{"bronze:BronzeCore":0,"HornCleat":0,"Eternal Feather":4,"Bag of Marbles":3,"FossilizedHelix":6},{"bronze:BronzeCore":0,"HornCleat":0,"Eternal Feather":20,"Bag of Marbles":11,"FossilizedHelix":31}]},"card_choices":[{"not_picked":["Thinking Ahead","The Bomb"],"picked":"Secret Weapon","floor":0},{"not_picked":["bronze:WildBeam","bronze:Philosophize"],"picked":"bronze:Deprecate","floor":4},{"not_picked":["bronze:DelayedSlice","bronze:Boost"],"picked":"bronze:CutThrough","floor":5},{"not_picked":["bronze:BugBarrage","bronze:BurnOut"],"picked":"bronze:Separator","floor":6},{"not_picked":["bronze:ChildClass","bronze:Iterate"],"picked":"bronze:Shell","floor":9},{"not_picked":["bronze:Iterate","bronze:DelayedSlice"],"picked":"bronze:BronzeOrb","floor":10},{"not_picked":["bronze:Backtrace","bronze:Turbo"],"picked":"bronze:CleanCode","floor":12},{"not_picked":["bronze:Shield","bronze:Invalidate"],"picked":"bronze:MaxOutput","floor":14},{"not_picked":["bronze:Separator","bronze:Constructor"],"picked":"bronze:FineTuning","floor":15}],"player_experience":469107,"relics_obtained":[{"floor":7,"key":"Bag of Marbles"},{"floor":9,"key":"Eternal Feather"},{"floor":12,"key":"FossilizedHelix"}],"event_choices":[{"damage_healed":0,"gold_gain":0,"player_choice":"Success","damage_taken":7,"relics_obtained":["HornCleat"],"max_hp_gain":0,"max_hp_loss":0,"event_name":"Scrap Ooze","floor":2,"gold_loss":0}],"is_beta":false,"boss_relics":[],"items_purged_floors":[],"is_endless":false,"potions_floor_spawned":[6,12,14,15],"killed_by":"WA_ARCHETYPE_RETAIN","ascension_level":1}}