{"host":"0cm5wy4nhuju7tij","time":1612933474,"event":{"mods":["100% Spire Juice","2.2 Compatiblity","AchievementEnabler","Aspiration","BaseMod","Better Third Choice","BetterRewards","CCEM2","CapriCore","Colored Powertips","Curses Come First","Displayed Cursed Tome","Downfall","Energized Spire","Evolution","Filter the Spire","Highlight Path","Jess\u0027s Bottle","Minty Spire (QoL Compilation)","Permanent Neow","Poor People Problems","Relic Filter Mod","Relic Stats","Shop Mod","Spicy Shops","StSLib","The Cursed","TheSurvivalist","TheVacant","Weighted Paths"],"gold_per_floor":[115,126,141,141,159,178,178,208,208,228,228,25,25,58,58,159,159,176,191,191,210,222,222,255,269,269,269,184,184,194,204,204,302,252,272,285,302,320,370,404,404,422,422,422,457,457,66,66,66,66,66,66,16,50,50,50],"floor_reached":55,"language":"ENG","playtime":4291,"items_purged":["Injury"],"score":786,"play_id":"1e549284-e641-4fe4-b037-eb3ab35da70f","local_time":"20210210000434","is_ascension_mode":false,"campfire_choices":[{"data":"theVacant:ReaperStrike","floor":11,"key":"SMITH"},{"data":"theVacant:Spinshield","floor":13,"key":"SMITH"},{"data":"theVacant:DarkStrike","floor":15,"key":"SMITH"},{"data":"theVacant:ShriekingBlast","floor":23,"key":"SMITH"},{"floor":27,"key":"RECALL"},{"data":"theVacant:Carve","floor":29,"key":"SMITH"},{"data":"theVacant:Soothe","floor":32,"key":"SMITH"},{"floor":41,"key":"REST"},{"floor":46,"key":"REST"},{"data":"theVacant:BrassMagnet","floor":49,"key":"SMITH"},{"data":"theVacant:Dig","floor":52,"key":"SMITH"}],"circlet_count":0,"master_deck":["theVacant:GraveDigger","theVacant:GraveDigger","theVacant:GraveDigger","theVacant:GraveDigger","theVacant:VacantStarterDefend","theVacant:VacantStarterDefend","theVacant:VacantStarterDefend","theVacant:VacantStarterDefend","theVacant:Crunch","theVacant:DarkStrike+1","theVacant:ShutAway","theVacant:Carve+1","theVacant:Dig+1","theVacant:Husk","theVacant:Release","theVacant:Whip","theVacant:Jab","theVacant:ReaperStrike+1","theVacant:Jab","theVacant:Gloom+1","theVacant:GraveWave","theVacant:ShriekingBlast+1","theVacant:Spinshield+1","theVacant:Husk+1","theVacant:BrassMagnet+1","theVacant:WhenDarknessComes+1","theVacant:Yeet+1","theVacant:Whip","theVacant:CleanseSoul+1","theVacant:Snowball","theVacant:Hex+1","theVacant:Recover+1","theVacant:Soothe+1","theVacant:Whip+1","theVacant:Dig+1","theVacant:WhenDarknessComes+1","theVacant:VacantStarterStrike","Chrysalis","theVacant:Spinshield+1","theVacant:BurdenBreak+1","theVacant:Acceptance+1","theVacant:Fling+1","theVacant:BattleScars+1","theVacant:Barrage+1","theVacant:Thoughtseize+1","theVacant:Gloom+1","theVacant:VoidEmbrace+1","theVacant:ShutAway+1"],"relics":["theVacant:BrassGoblet","EVO:Axolotl","Frozen Egg 2","Vajra","Blood Vial","Orrery","Anchor","aspiration:RunicSpoon","CCEMRelics:TeddyBear","TungstenRod","Regal Pillow","energizedSpire:HugeHouse","Thread and Needle","Pen Nib","HornCleat","CCEMRelics:CocoNut","Bottled Lightning"],"acts_visited":["Exordium","TheCity","TheBeyond","TheEnding"],"potions_floor_usage":[40,40,45,55,55],"damage_taken":[{"damage":0,"enemies":"Jaw Worm","floor":1,"turns":2},{"damage":0,"enemies":"Cultist","floor":2,"turns":2},{"damage":0,"enemies":"2 Louse","floor":3,"turns":2},{"damage":0,"enemies":"Looter","floor":5,"turns":2},{"damage":0,"enemies":"3 Louse","floor":6,"turns":5},{"damage":11,"enemies":"3 Sentries","floor":8,"turns":6},{"damage":7,"enemies":"Blue Slaver","floor":10,"turns":2},{"damage":6,"enemies":"Gremlin Nob","floor":14,"turns":3},{"damage":37,"enemies":"Hexaghost","floor":16,"turns":6},{"damage":0,"enemies":"2 Thieves","floor":18,"turns":1},{"damage":2,"enemies":"Shell Parasite","floor":19,"turns":2},{"damage":12,"enemies":"Snecko","floor":21,"turns":5},{"damage":2,"enemies":"Cultist and Chosen","floor":22,"turns":4},{"damage":8,"enemies":"Gremlin Leader","floor":24,"turns":6},{"damage":20,"enemies":"Sentry and Sphere","floor":25,"turns":4},{"damage":9,"enemies":"Snake Plant","floor":30,"turns":2},{"damage":1,"enemies":"Shelled Parasite and Fungi","floor":31,"turns":4},{"damage":25,"enemies":"Automaton","floor":33,"turns":8},{"damage":6,"enemies":"Orb Walker","floor":35,"turns":3},{"damage":8,"enemies":"3 Shapes","floor":36,"turns":2},{"damage":23,"enemies":"3 Darklings","floor":37,"turns":6},{"damage":12,"enemies":"Jaw Worm Horde","floor":38,"turns":4},{"damage":0,"enemies":"Mind Bloom Boss Battle","floor":39,"turns":3},{"damage":33,"enemies":"Reptomancer","floor":40,"turns":6},{"damage":8,"enemies":"Maw","floor":42,"turns":6},{"damage":42,"enemies":"Nemesis","floor":45,"turns":3},{"damage":14,"enemies":"Time Eater","floor":50,"turns":5},{"damage":0,"enemies":"Shield and Spear","floor":54,"turns":5},{"damage":108,"enemies":"The Heart","floor":55,"turns":5}],"seed_played":"-1787253842202471876","potions_obtained":[{"floor":2,"key":"DistilledChaos"},{"floor":5,"key":"Strength Potion"},{"floor":35,"key":"Explosive Potion"},{"floor":54,"key":"Swift Potion"}],"is_trial":false,"path_per_floor":["M","M","M","?","M","M","?","E","T","M","R","$","R","E","R","B",null,"M","M","?","M","M","R","E","M","T","R","?","R","M","M","R","B",null,"M","M","M","M","?","E","R","M","T","?","E","R","$","?","R","B",null,"R","$","E","B"],"character_chosen":"THE_VACANT","items_purchased":["Orrery","Energy Potion","CCEMRelics:CocoNut","theVacant:VoidEmbrace+1","PowerPotion"],"campfire_rested":2,"item_purchase_floors":[12,12,47,47,53],"current_hp_per_floor":[80,80,80,80,80,80,80,69,69,64,64,64,64,60,60,25,80,80,78,78,68,68,68,62,53,53,53,53,53,50,51,51,38,75,69,63,42,32,34,13,50,44,44,44,8,45,50,50,50,38,80,80,80,80,0,0],"gold":50,"neow_bonus":"ONE_RANDOM_RARE_CARD","is_daily":false,"chose_seed":false,"campfire_upgraded":8,"win_rate":0.0,"timestamp":1612933474,"path_taken":["M","M","M","?","?","M","?","E","T","M","R","$","R","E","R","BOSS","M","M","?","M","M","R","E","M","T","R","?","R","M","M","R","BOSS","M","M","M","M","?","E","R","M","T","?","E","R","$","?","R","BOSS","R","$","E","BOSS"],"items_purchased_type":["Relic","Potion","Relic","Card","Potion"],"build_version":"2020-12-22","purchased_purges":1,"victory":false,"max_hp_per_floor":[80,80,80,80,80,80,80,80,80,80,80,80,80,80,80,80,80,80,80,80,80,80,80,80,80,80,80,80,80,80,80,80,80,75,75,75,75,75,75,75,75,75,75,75,75,75,80,80,80,80,80,80,80,80,80,80],"relic_stats":{"Blood Vial":36,"Regal Pillow":30,"counters":[29,114],"aspiration:RunicSpoon":[120],"Pen Nib":[5],"obtain_stats":[{"Regal Pillow":28,"theVacant:BrassGoblet":0,"CCEMRelics:TeddyBear":24,"aspiration:RunicSpoon":17,"Vajra":8,"Thread and Needle":39,"Pen Nib":40,"CCEMRelics:CocoNut":47,"EVO:Axolotl":0,"Frozen Egg 2":7,"Blood Vial":9,"Anchor":14,"HornCleat":45,"Orrery":12,"energizedSpire:HugeHouse":34,"Bottled Lightning":54,"TungstenRod":26},{"Regal Pillow":15,"theVacant:BrassGoblet":0,"CCEMRelics:TeddyBear":14,"aspiration:RunicSpoon":9,"Vajra":6,"Thread and Needle":23,"Pen Nib":24,"CCEMRelics:CocoNut":26,"EVO:Axolotl":0,"Frozen Egg 2":5,"Blood Vial":6,"Anchor":8,"HornCleat":26,"Orrery":7,"energizedSpire:HugeHouse":18,"Bottled Lightning":28,"TungstenRod":15},{"Regal Pillow":52,"theVacant:BrassGoblet":0,"CCEMRelics:TeddyBear":48,"aspiration:RunicSpoon":30,"Vajra":19,"Thread and Needle":84,"Pen Nib":90,"CCEMRelics:CocoNut":99,"EVO:Axolotl":0,"Frozen Egg 2":13,"Blood Vial":19,"Anchor":24,"HornCleat":99,"Orrery":21,"energizedSpire:HugeHouse":66,"Bottled Lightning":109,"TungstenRod":52}],"TungstenRod":38},"card_choices":[{"not_picked":["theVacant:Fling","theVacant:FranticBlow"],"picked":"theVacant:ShutAway","floor":1},{"not_picked":["theVacant:Fortify","theVacant:Fling"],"picked":"theVacant:Carve","floor":2},{"not_picked":["theVacant:Threat","theVacant:LichStrike"],"picked":"theVacant:Dig","floor":3},{"not_picked":["theVacant:Spinshield","theVacant:SpiritOrb"],"picked":"theVacant:Whip","floor":5},{"not_picked":["theVacant:Thoughtseize","theVacant:ShutAway"],"picked":"theVacant:Jab","floor":6},{"not_picked":["theVacant:Acceptance+1","theVacant:FranticBlow"],"picked":"theVacant:ReaperStrike","floor":8},{"not_picked":["theVacant:FiendFrost","theVacant:FranticBlow"],"picked":"theVacant:Jab","floor":10},{"not_picked":["theVacant:Dig","theVacant:FiendFrost"],"picked":"theVacant:Gloom+1","floor":12},{"not_picked":["theVacant:Jab","theVacant:Threat"],"picked":"theVacant:GraveWave","floor":12},{"not_picked":["theVacant:OnSecondThought","theVacant:Cower"],"picked":"theVacant:ShriekingBlast","floor":12},{"not_picked":["theVacant:GraveDigger","theVacant:Thoughtseize"],"picked":"theVacant:Spinshield","floor":12},{"not_picked":["theVacant:FranticBlow","theVacant:GraveDigger"],"picked":"theVacant:Husk+1","floor":12},{"not_picked":["theVacant:Acceptance+1","theVacant:EyePoke"],"picked":"theVacant:BrassMagnet","floor":14},{"not_picked":["theVacant:Exorcise","theVacant:MindBreak"],"picked":"theVacant:WhenDarknessComes+1","floor":16},{"not_picked":["theVacant:GraveDigger","theVacant:Dig"],"picked":"theVacant:Yeet+1","floor":18},{"not_picked":["theVacant:Dig","theVacant:ShriekingBlast"],"picked":"theVacant:Whip","floor":19},{"not_picked":["theVacant:Thoughtseize","theVacant:CursedBlast"],"picked":"theVacant:Snowball","floor":21},{"not_picked":["theVacant:SpiritOrb","theVacant:EyePoke"],"picked":"theVacant:Hex+1","floor":22},{"not_picked":["theVacant:Whip","theVacant:Acceptance+1"],"picked":"theVacant:Recover+1","floor":24},{"not_picked":["theVacant:IntoTheAbyss+1","theVacant:CursedBlast+1"],"picked":"theVacant:Soothe","floor":25},{"not_picked":["theVacant:Barrage","theVacant:Prevent"],"picked":"theVacant:Whip+1","floor":30},{"not_picked":["theVacant:SpiritOrb","theVacant:GraveDigger"],"picked":"theVacant:Dig+1","floor":31},{"not_picked":["theVacant:MindBreak","theVacant:DimensionTear"],"picked":"theVacant:WhenDarknessComes+1","floor":33},{"not_picked":["theVacant:CursedBlast+1","theVacant:Enrage+1"],"picked":"theVacant:Spinshield+1","floor":35},{"not_picked":["theVacant:EyePoke+1","theVacant:BrassMagnet+1"],"picked":"theVacant:BurdenBreak+1","floor":36},{"not_picked":["theVacant:Expand","theVacant:CursedBlast"],"picked":"theVacant:Acceptance+1","floor":37},{"not_picked":["theVacant:GraveDigger+1","theVacant:LichStrike+1"],"picked":"theVacant:Fling+1","floor":38},{"not_picked":["theVacant:Enrage+1","theVacant:Immaterialize+1"],"picked":"theVacant:BattleScars+1","floor":39},{"not_picked":["theVacant:EyePoke+1","theVacant:ShriekingBlast"],"picked":"theVacant:Barrage+1","floor":40},{"not_picked":["theVacant:GraveDigger+1","theVacant:Throttle"],"picked":"theVacant:Thoughtseize+1","floor":42},{"not_picked":["theVacant:WaitInWrath+1","theVacant:Cower"],"picked":"theVacant:Gloom+1","floor":45},{"not_picked":["theVacant:Return","theVacant:Reconnect+1"],"picked":"theVacant:ShutAway+1","floor":54}],"player_experience":309090,"relics_obtained":[{"floor":8,"key":"Vajra"},{"floor":9,"key":"Blood Vial"},{"floor":14,"key":"Anchor"},{"floor":24,"key":"CCEMRelics:TeddyBear"},{"floor":26,"key":"TungstenRod"},{"floor":39,"key":"Thread and Needle"},{"floor":40,"key":"Pen Nib"},{"floor":45,"key":"HornCleat"},{"floor":54,"key":"Bottled Lightning"}],"event_choices":[{"damage_healed":0,"gold_gain":0,"player_choice":"3 cards matched","damage_taken":0,"max_hp_gain":0,"max_hp_loss":0,"event_name":"Match and Keep!","floor":4,"gold_loss":0,"cards_obtained":["theVacant:Husk","theVacant:Release","PanicButton"]},{"damage_healed":0,"gold_gain":0,"player_choice":"Read","damage_taken":0,"max_hp_gain":0,"max_hp_loss":0,"event_name":"The Library","floor":20,"gold_loss":0,"cards_obtained":["theVacant:CleanseSoul"]},{"damage_healed":0,"gold_gain":0,"player_choice":"Obtained Relic","damage_taken":0,"relics_obtained":["Regal Pillow"],"max_hp_gain":0,"max_hp_loss":0,"event_name":"Addict","floor":28,"gold_loss":85},{"damage_healed":0,"gold_gain":0,"player_choice":"Fight","damage_taken":0,"max_hp_gain":0,"max_hp_loss":0,"event_name":"MindBloom","floor":39,"gold_loss":0},{"damage_healed":0,"gold_gain":0,"player_choice":"Memory 1","damage_taken":0,"max_hp_gain":0,"max_hp_loss":0,"event_name":"SensoryStone","floor":44,"gold_loss":0},{"cards_removed":["theVacant:Release"],"damage_healed":0,"gold_gain":0,"player_choice":"Removed Skill","damage_taken":0,"max_hp_gain":0,"max_hp_loss":0,"event_name":"Falling","floor":48,"gold_loss":0}],"is_beta":false,"boss_relics":[{"not_picked":["Ectoplasm","bronze:MakeshiftBattery"],"picked":"aspiration:RunicSpoon"},{"not_picked":["Fusion Hammer","aspiration:WatcherSkillbook"],"picked":"energizedSpire:HugeHouse"}],"items_purged_floors":[47],"is_endless":false,"potions_floor_spawned":[2,5,6,16,18,22,25,30,35,39,54],"killed_by":"The Heart","ascension_level":0}}