{"host":"43wsnxh97mgjl5zw","time":1612984749,"event":{"mods":["Aspiration","BaseMod","Colored Map","Colored Powertips","Downfall","Hubris","Minty Spire (QoL Compilation)","Quick Restart","Rare Cards Sparkle","Relic Sorter","Replay The Spire","StSLib"],"gold_per_floor":[113,113,113,177,196,196,226,13,13,63,74,104,124,156,156,156,156],"floor_reached":16,"language":"ENG","playtime":497,"items_purged":[],"score":180,"play_id":"aea8ea85-3978-480d-9e15-e709a203d268","local_time":"20210210211909","is_ascension_mode":true,"campfire_choices":[{"data":"Uppercut","floor":6,"key":"SMITH"},{"floor":15,"key":"DIG"}],"circlet_count":0,"master_deck":["AscendersBane","Strike_R","Strike_R","Strike_R","Strike_R","Defend_R","Defend_R","Defend_R","Defend_R","Bash","Sword Boomerang","Uppercut+1","Run Through","Armaments","Battle Trance","Disarm","Disarm","Ghostly Armor"],"relics":["Burning Blood","NeowsBlessing","hubris:Icosahedron","SsserpentHead","Happy Flower","Akabeko","Tiny Chest","Potion Belt","aspiration:FrozenJewel"],"acts_visited":["Exordium"],"potions_floor_usage":[7,13,16],"damage_taken":[{"damage":0,"enemies":"2 Louse","floor":1,"turns":1},{"damage":0,"enemies":"Jaw Worm","floor":4,"turns":1},{"damage":0,"enemies":"Cultist","floor":5,"turns":1},{"damage":43,"enemies":"Lagavulin","floor":7,"turns":7},{"damage":0,"enemies":"Looter","floor":11,"turns":1},{"damage":30,"enemies":"3 Sentries","floor":12,"turns":8},{"damage":14,"enemies":"Large Slime","floor":13,"turns":5},{"damage":4,"enemies":"Lagavulin","floor":14,"turns":7},{"damage":27,"enemies":"Fading Forest","floor":16,"turns":7}],"seed_played":"3241166442309111062","potions_obtained":[{"floor":1,"key":"champ:CounterPotion"},{"floor":7,"key":"sneckomod:MuddlingPotion"},{"floor":12,"key":"LifebloodPotion"},{"floor":13,"key":"Adrenaline Potion"},{"floor":14,"key":"sneckomod:MuddlingPotion"}],"is_trial":false,"path_per_floor":["M","?","?","M","M","R","E","$","T","?","M","E","M","E","R_BF","B"],"character_chosen":"IRONCLAD","items_purchased":["Akabeko","Battle Trance"],"campfire_rested":0,"item_purchase_floors":[8,8],"current_hp_per_floor":[78,78,78,80,80,80,43,43,43,43,49,25,17,19,19,0,0],"gold":156,"neow_bonus":"THREE_ENEMY_KILL","is_daily":false,"chose_seed":false,"campfire_upgraded":1,"win_rate":0.0,"timestamp":1612984749,"path_taken":["M","?","?","?","M","R","E","$","T","?","M","E","M","E","R_BF","BOSS"],"items_purchased_type":["Relic","Card"],"build_version":"2020-12-22","purchased_purges":0,"victory":false,"max_hp_per_floor":[80,80,80,80,80,80,80,80,80,80,80,80,80,80,80,80,80],"card_choices":[{"not_picked":["hubris:CleavingFinish","Heavy Blade"],"picked":"Sword Boomerang","floor":1},{"not_picked":["Hemokinesis","Perfected Strike"],"picked":"Uppercut","floor":4},{"not_picked":["Wild Strike","Dual Wield"],"picked":"Run Through","floor":5},{"not_picked":["Infernal Blade","Perfected Strike"],"picked":"Armaments","floor":7},{"not_picked":["Anger","Heavy Blade","Carnage"],"picked":"SKIP","floor":11},{"not_picked":["Inflame","True Grit"],"picked":"Disarm","floor":12},{"not_picked":["Twin Strike","Entrench"],"picked":"Disarm","floor":13},{"not_picked":["Power Through","hubris:SharpeningStone"],"picked":"Ghostly Armor","floor":14}],"player_experience":1240475,"relics_obtained":[{"floor":7,"key":"Happy Flower"},{"floor":12,"key":"Tiny Chest"},{"floor":14,"key":"Potion Belt"},{"floor":15,"key":"aspiration:FrozenJewel"}],"event_choices":[{"damage_healed":0,"gold_gain":0,"player_choice":"Trade","damage_taken":0,"relics_obtained":["SsserpentHead"],"max_hp_gain":0,"max_hp_loss":0,"event_name":"FaceTrader","floor":3,"gold_loss":0}],"is_beta":false,"boss_relics":[],"items_purged_floors":[],"is_endless":false,"potions_floor_spawned":[1,7,12,13,14],"killed_by":"Fading Forest","ascension_level":10}}