{"host":"fnndj664xgd3vavt","time":1612987846,"event":{"mods":["AchievementEnabler","BaseMod","Colored Powertips","DeckTracker","Downfall","Highlight Path","Infinite Spire","Marisa????????","Minty Spire (QoL Compilation)","Quick Restart","Random Character Button","Replay The Spire","StSLib","The Servant 0.9.4"],"gold_per_floor":[99,99,115,215,231,251,251,151,168,180,192,210,210,241,255,353,353,253,267,286,386,397,231,231,231,431,431,446,346,446,446,462,557,557,557,573,573,589,689,702,702,702,720,483,508,527,527,527,542,542,542,542],"floor_reached":50,"language":"ENG","playtime":3975,"items_purged":["downfall:Haunted","Spreading Infection","downfall:Haunted"],"score":553,"play_id":"e2c9454e-95ea-4442-8467-c9725df53921","local_time":"20210210151046","is_ascension_mode":false,"campfire_choices":[{"floor":1.0,"key":"RECALL"},{"data":"Slimebound:SamplingLick","floor":8.0,"key":"SMITH"},{"data":"Slimebound:Repurpose","floor":13,"key":"SMITH"},{"data":"Slimebound:TagTeam","floor":18,"key":"SMITH"},{"data":"Slimebound:SelfFormingGoo","floor":26,"key":"SMITH"},{"data":"Slimebound:Gluttony","floor":29,"key":"SMITH"},{"floor":35,"key":"DIG"},{"floor":42,"key":"REST"},{"floor":47,"key":"REST"}],"circlet_count":0,"master_deck":["Slimebound:Strike_Slimebound","Slimebound:Strike_Slimebound","Slimebound:Strike_Slimebound","Slimebound:Defend_Slimebound","Slimebound:Defend_Slimebound","Slimebound:Defend_Slimebound","Slimebound:Split+1","Slimebound:CorrosiveSpit","Slimebound:DisruptingSlam","Slimebound:SamplingLick+1","Slimebound:SplitAcid","Slimebound:Repurpose+1","Slimebound:Schlurp","Slimebound:GoopSpray","Slimebound:SplitBruiser","Slimebound:TagTeam+1","Slimebound:LeechingTouch+1","Slimebound:Gluttony+1","Slimebound:ServeAndProtect","Slimebound:SelfFormingGoo+1","ReplayTheSpireMod:Faulty Equipment","Slimebound:SlimeBrawl+1","Pride","Slimebound:PressTheAttack+1","Slimebound:HauntingLick+1","Slimebound:OozeBath","Slimebound:Schlurp+1","Slimebound:LeadByExample+1","Slimebound:SamplingLick+1","Slimebound:SelfFormingGoo","Slimebound:GoopSpray+1","Slimebound:HauntingLick+1"],"relics":["Slimebound:AbsorbEndCombatUpgraded","War Paint","Singing Bowl","downfall:HeartBlessingRed","Bag of Marbles","downfall:HeartBlessingGreen","downfall:GremlinWheel","ReplayTheSpireMod:CursedCoin","Iron Hammer","Pantograph","infinitespire:Bottled Soul","downfall:HeartBlessingBlue","Darkstone Periapt","ReplayTheSpireMod:EnergyBall","Busted Crown","Shuriken","downfall:GremlinWheel","Garlic","Gremlin Food","Unceasing Top","ReplayTheSpireMod:EnergyBall","Empty Cage"],"acts_visited":["Exordium","TheCity","TheBeyond"],"potions_floor_usage":[14,50,50],"damage_taken":[{"damage":3.0,"enemies":"Jaw Worm","floor":3.0,"turns":4.0},{"damage":6.0,"enemies":"2 Louse","floor":5.0,"turns":3.0},{"damage":2.0,"enemies":"Cultist","floor":6.0,"turns":3.0},{"damage":7.0,"enemies":"2 Fungi Beasts","floor":9.0,"turns":3.0},{"damage":17.0,"enemies":"Exordium Thugs","floor":10.0,"turns":3.0},{"damage":4.0,"enemies":"3 Louse","floor":11.0,"turns":3.0},{"damage":1.0,"enemies":"Blue Slaver","floor":12.0,"turns":3.0},{"damage":14,"enemies":"3 Sentries","floor":14,"turns":5},{"damage":7,"enemies":"Large Slime","floor":15,"turns":4},{"damage":30,"enemies":"IC_STATUS_ARCHETYPE","floor":16,"turns":7},{"damage":1,"enemies":"3 Byrds","floor":19,"turns":4},{"damage":0,"enemies":"Shell Parasite","floor":20,"turns":5},{"damage":17,"enemies":"Shell Parasite","floor":21,"turns":4},{"damage":16,"enemies":"Sentry and Sphere","floor":22,"turns":5},{"damage":0,"enemies":"downfall:FleeingMerchant","floor":23,"turns":4},{"damage":35,"enemies":"Centurion and Healer","floor":28,"turns":5},{"damage":20,"enemies":"Shelled Parasite and Fungi","floor":32,"turns":6},{"damage":73,"enemies":"SI_MIRROR_ARCHETYPE","floor":33,"turns":15},{"damage":17,"enemies":"Orb Walker","floor":36,"turns":3},{"damage":28,"enemies":"3 Darklings","floor":38,"turns":4},{"damage":29,"enemies":"3 Darklings","floor":39,"turns":4},{"damage":52,"enemies":"Transient","floor":40,"turns":5},{"damage":48,"enemies":"Spire Growth","floor":43,"turns":6},{"damage":0,"enemies":"downfall:FleeingMerchant","floor":44,"turns":4},{"damage":11,"enemies":"R_Hoarder","floor":45,"turns":7},{"damage":22,"enemies":"4 Shapes","floor":46,"turns":5},{"damage":23,"enemies":"Transient","floor":49,"turns":5},{"damage":113,"enemies":"WA_ARCHETYPE_DIVINITY","floor":50,"turns":7}],"seed_played":"8364051894538351570","potions_obtained":[{"floor":3.0,"key":"Slimebound:SlimyTonguePotion"},{"floor":5.0,"key":"DuplicationPotion"},{"floor":10.0,"key":"Explosive Potion"},{"floor":20,"key":"Dexterity Potion"},{"floor":43,"key":"AttackPotion"}],"is_trial":false,"path_per_floor":["R","?","M","?","M","M","T","R","M","M","M","M","R","E","M","B",null,"R","M","M","?","M","$","T","?","R","T","M","R","?","AVR","M","B",null,"R","M","?","M","?","M","T","R","M","$","E","M","R","AVR","M","B"],"character_chosen":"SLIMEBOUND","items_purchased":["ReplayTheSpireMod:CursedCoin","Slimebound:SlimeBrawl+1","Iron Hammer","Gremlin Food"],"campfire_rested":2,"item_purchase_floors":[23,23,23,44],"current_hp_per_floor":[65,70,67,67,65,67,67,67,62,47,49,50,50,44,45,23,74,74,73,74,60,50,56,56,56,56,56,36,46,64,64,59,26,102,102,91,91,78,52,14,14,45,9,18,30,25,56,56,48,0,0,0],"gold":542,"neow_bonus":"RANDOM_COMMON_RELIC","is_daily":false,"chose_seed":false,"campfire_upgraded":5,"win_rate":0.0,"timestamp":1612987846,"path_taken":["R","?","M","?","M","M","T","R","M","M","M","M","R","E","M","BOSS","R","M","?","?","M","?","T","?","R","?","?","R","?","AVR","M","BOSS","R","M","?","?","?","M","T","R","M","$","E","?","R","AVR","M","BOSS"],"items_purchased_type":["Relic","Card","Relic","Relic"],"build_version":"2020-12-22","purchased_purges":3,"victory":false,"max_hp_per_floor":[65,70,70,70,70,70,70,70,70,70,70,70,70,72,74,74,74,74,74,74,74,74,74,74,74,74,74,74,84,102,102,102,102,102,102,102,102,102,102,104,104,104,104,104,104,106,106,106,106,106,106,106],"card_choices":[{"not_picked":["Slimebound:Dissolve","Slimebound:ForwardTackle"],"picked":"Slimebound:DisruptingSlam","floor":3.0},{"not_picked":["Slimebound:SplitMire","Slimebound:SplitAcid"],"picked":"Slimebound:SamplingLick","floor":5.0},{"not_picked":["Slimebound:ProtectTheBoss","Slimebound:SplitMire"],"picked":"Slimebound:SplitAcid","floor":6.0},{"not_picked":["Slimebound:DivideAndConquer","Slimebound:Schlurp"],"picked":"Slimebound:Repurpose","floor":9.0},{"not_picked":["Slimebound:ComboTackle","Slimebound:FirmFortitude"],"picked":"Slimebound:Schlurp","floor":10.0},{"not_picked":["Slimebound:DisruptingSlam","Slimebound:Prepare"],"picked":"Slimebound:GoopSpray","floor":11.0},{"not_picked":["Slimebound:LeechingTouch","Slimebound:ItLooksTasty"],"picked":"Slimebound:SplitBruiser","floor":12},{"not_picked":["Slimebound:CheckThePlaybook","Slimebound:Grow","Slimebound:SplitMire"],"picked":"Singing Bowl","floor":14},{"not_picked":["Slimebound:SpikyOuterGoop","Slimebound:Chomp","Slimebound:DivideAndConquer"],"picked":"Singing Bowl","floor":15},{"not_picked":["Slimebound:MassFeed","Slimebound:LeechLife"],"picked":"Slimebound:TagTeam","floor":16},{"not_picked":["Slimebound:SplitBruiser","Slimebound:SamplingLick"],"picked":"Slimebound:LeechingTouch+1","floor":19},{"not_picked":["Slimebound:RollThrough+1","Slimebound:LeechingTouch"],"picked":"Slimebound:Gluttony","floor":20},{"not_picked":["Slimebound:DivideAndConquer","Slimebound:Gluttony"],"picked":"Slimebound:ServeAndProtect","floor":22},{"not_picked":["Slimebound:LeechingTouch","Slimebound:FinishingTackle"],"picked":"Slimebound:SelfFormingGoo","floor":23},{"not_picked":["Slimebound:FinishingTackle+1","Slimebound:Repurpose"],"picked":"Slimebound:PressTheAttack+1","floor":28},{"not_picked":["Slimebound:AcidTongue","Slimebound:SlimeBarrage"],"picked":"Slimebound:HauntingLick+1","floor":32},{"not_picked":["Slimebound:DouseInSlime","Slimebound:PrepareCrush"],"picked":"Slimebound:OozeBath","floor":33},{"not_picked":[],"picked":"Slimebound:Schlurp+1","floor":36},{"not_picked":[],"picked":"Slimebound:LeadByExample","floor":38},{"not_picked":["Slimebound:Schlurp"],"picked":"Singing Bowl","floor":40},{"not_picked":[],"picked":"Slimebound:SamplingLick+1","floor":43},{"not_picked":[],"picked":"Slimebound:SelfFormingGoo","floor":44},{"not_picked":[],"picked":"Slimebound:GoopSpray+1","floor":45},{"not_picked":["Slimebound:RollThrough"],"picked":"Singing Bowl","floor":46},{"not_picked":[],"picked":"Slimebound:HauntingLick+1","floor":49}],"player_experience":289856,"relics_obtained":[{"floor":7.0,"key":"Singing Bowl"},{"floor":14,"key":"Bag of Marbles"},{"floor":21,"key":"downfall:GremlinWheel"},{"floor":24,"key":"Pantograph"},{"floor":35,"key":"Shuriken"},{"floor":39,"key":"downfall:GremlinWheel"},{"floor":41,"key":"Garlic"},{"floor":45,"key":"Unceasing Top"}],"event_choices":[{"damage_healed":0.0,"max_hp_gain":5.0,"max_hp_loss":0.0,"gold_gain":0.0,"event_name":"Big Fish","player_choice":"Donut","floor":2.0,"gold_loss":0.0,"damage_taken":0.0},{"damage_healed":0,"gold_gain":0,"player_choice":"Stole Relic","damage_taken":0,"relics_obtained":["infinitespire:Bottled Soul"],"max_hp_gain":0,"max_hp_loss":0,"event_name":"Addict","floor":25,"gold_loss":0,"cards_obtained":["Pride"]},{"damage_healed":0,"gold_gain":200,"player_choice":"Gold","damage_taken":0,"max_hp_gain":0,"max_hp_loss":0,"event_name":"Wheel of Change","floor":26,"gold_loss":0},{"damage_healed":0,"gold_gain":0,"player_choice":"Ignored","damage_taken":0,"max_hp_gain":0,"max_hp_loss":0,"event_name":"NoteForYourself","floor":37,"gold_loss":0}],"is_beta":false,"boss_relics":[{"not_picked":["Runic Dome","Fusion Hammer"],"picked":"Slimebound:AbsorbEndCombatUpgraded"},{"not_picked":["Astrolabe","bronze:MakeshiftBattery"],"picked":"Busted Crown"}],"items_purged_floors":[31,44,48],"is_endless":false,"potions_floor_spawned":[3,5,10,12,20,28,32,33,36,43,46,49],"killed_by":"WA_ARCHETYPE_DIVINITY","ascension_level":0}}