{"host":"hry4lcefviisd2vw","time":1612950893,"event":{"mods":["BaseMod","Downfall","Highlight Path","Hubris","Minty Spire (QoL Compilation)","Permanent Neow","Replay The Spire","Shop Mod","StSLib"],"gold_per_floor":[99,110,123,273,273,273,298,312,312,111,121,121,141,141,151,246,246,246,258,258,268,82,102,102,102,102,135,135,135,135,148,148,165,183,280,280,280,462,476,153,168,168,246,83,113,113,141,197,97,115,129,129],"floor_reached":53,"language":"ENG","playtime":4890,"items_purged":["downfall:Icky","Pain"],"score":727,"play_id":"6ceec4d5-42d6-434a-8c0c-cf3913067899","local_time":"20210210015453","is_ascension_mode":false,"campfire_choices":[{"data":"bronze:Goto","floor":6,"key":"SMITH"},{"data":"bronze:MaxOutput","floor":12,"key":"SMITH"},{"floor":18,"key":"DIG"},{"data":"bronze:FindAndReplace","floor":28,"key":"SMITH"},{"data":"bronze:DelayedGuard","floor":30,"key":"SMITH"},{"data":"bronze:Optimize","floor":32,"key":"SMITH"},{"data":"bronze:Verify","floor":37,"key":"SMITH"},{"data":"bronze:Repulsor","floor":42,"key":"SMITH"},{"floor":46,"key":"RECALL"},{"floor":49,"key":"REST"}],"circlet_count":0,"master_deck":["bronze:Strike","bronze:Strike","bronze:Defend","bronze:Defend","bronze:Defend","bronze:Defend","bronze:Replicate","bronze:Goto+1","bronze:FindAndReplace+1","bronze:MaxOutput+1","bronze:ChosenStrike","bronze:Optimize+1","bronze:DelayedGuard+1","bronze:WildBeam","bronze:DelayedSlice","bronze:AlphaBuild","bronze:Allocate+1","bronze:Shell","bronze:Verify+1","bronze:CutThrough+1","bronze:Repulsor+1","Crow Ritual","bronze:Repulsor","bronze:MaxOutput+1"],"relics":["bronze:BronzeCore","ReplayFunnel","Membership Card","downfall:ShatteredFragment","Sozu","bronze:SilverBullet","WarpedTongs","Quantum Egg","Bottled Flame","StoneCalendar","Philosopher\u0027s Stone","Bronze Scales","ReplayTheSpireMod:TigerMarble","hubris:SphereOfDissonance","hubris:FunFungus","Replay:Baseball","ReplayTheSpireMod:Lightbulb","Unceasing Top","downfall:HeartBlessingRed"],"acts_visited":["Exordium","TheCity","TheBeyond"],"potions_floor_usage":[47],"damage_taken":[{"damage":0,"enemies":"Small Slimes","floor":2,"turns":5},{"damage":1,"enemies":"Jaw Worm","floor":3,"turns":4},{"damage":0,"enemies":"2 Louse","floor":8,"turns":2},{"damage":0,"enemies":"downfall:FleeingMerchant","floor":10,"turns":4},{"damage":6,"enemies":"Red Slaver","floor":11,"turns":3},{"damage":2,"enemies":"2 Fungi Beasts","floor":13,"turns":3},{"damage":0,"enemies":"3 Louse","floor":15,"turns":3},{"damage":21,"enemies":"WA_ARCHETYPE_RETAIN","floor":16,"turns":5},{"damage":2,"enemies":"Shell Parasite","floor":19,"turns":2},{"damage":5,"enemies":"3 Byrds","floor":21,"turns":2},{"damage":7,"enemies":"downfall:FleeingMerchant","floor":22,"turns":4},{"damage":7,"enemies":"Snake Plant","floor":23,"turns":3},{"damage":7,"enemies":"Slavers","floor":27,"turns":2},{"damage":0,"enemies":"Centurion and Healer","floor":31,"turns":2},{"damage":0,"enemies":"Cultist and Chosen","floor":33,"turns":2},{"damage":0,"enemies":"Snake Plant","floor":34,"turns":2},{"damage":24,"enemies":"SI_MIRROR_ARCHETYPE","floor":35,"turns":7},{"damage":0,"enemies":"downfall:FleeingMerchant","floor":38,"turns":2},{"damage":0,"enemies":"Orb Walker","floor":39,"turns":1},{"damage":2,"enemies":"3 Shapes","floor":41,"turns":2},{"damage":0,"enemies":"Reptomancer","floor":45,"turns":2},{"damage":9,"enemies":"Nemesis","floor":47,"turns":3},{"damage":6,"enemies":"Sphere and 2 Shapes","floor":50,"turns":3},{"damage":0,"enemies":"3 Darklings","floor":51,"turns":2},{"damage":26,"enemies":"DF_ARCHETYPE_ORBS","floor":52,"turns":4}],"seed_played":"4854736950207173804","potions_obtained":[{"floor":2,"key":"Dexterity Potion"},{"floor":3,"key":"Block Potion"}],"is_trial":false,"path_per_floor":["R","M","M","?","?","R","T","M","?","$","M","R","M","?","M","B",null,"R","M","?","M","$","M","PTL","PTL","T","E","R","?","R","M","R","M","M","B",null,"R","$","M","$","M","R","T","$","E","R","E","?","R","M","M","B",null],"character_chosen":"THE_AUTOMATON","items_purchased":["Membership Card","Quantum Egg","Bronze Scales","ReplayTheSpireMod:TigerMarble","bronze:Repulsor","hubris:SphereOfDissonance","hubris:FunFungus","Replay:Baseball","Crow Ritual"],"campfire_rested":1,"item_purchase_floors":[10,22,38,38,40,40,40,44,44],"current_hp_per_floor":[70,70,69,69,69,69,69,69,69,69,63,63,61,40,40,19,70,70,68,68,63,56,49,49,49,49,42,42,42,42,42,42,42,42,18,70,70,70,70,70,68,68,68,68,68,68,59,42,63,58,58,33],"gold":129,"neow_bonus":"ONE_RANDOM_RARE_CARD","is_daily":false,"chose_seed":false,"campfire_upgraded":7,"win_rate":0.0,"timestamp":1612950893,"path_taken":["R","M","M","?","?","R","T","M","?","$","M","R","M","?","M","BOSS","R","M","?","M","$","?","PTL","PTL","T","E","R","?","R","M","R","M","M","BOSS","R","$","M","$","M","R","T","$","E","R","E","?","R","M","M","BOSS"],"items_purchased_type":["Relic","Relic","Relic","Relic","Card","Relic","Relic","Relic","Card"],"build_version":"2020-12-22","purchased_purges":2,"victory":true,"max_hp_per_floor":[70,70,70,70,70,70,70,70,70,70,70,70,70,70,70,70,70,70,70,70,70,70,70,70,70,70,70,70,70,70,70,70,70,70,70,70,70,70,70,70,70,70,70,70,70,70,70,70,70,70,70,70],"card_choices":[{"not_picked":["bronze:Return","bronze:CutThrough"],"picked":"bronze:ChosenStrike","floor":2},{"not_picked":["bronze:Philosophize","bronze:DelayedGuard","bronze:Branch"],"picked":"SKIP","floor":3},{"not_picked":["bronze:BronzeArmor","bronze:Iterate","bronze:Turbo"],"picked":"SKIP","floor":8},{"not_picked":["bronze:Safeguard","bronze:Break"],"picked":"bronze:Optimize","floor":10},{"not_picked":["bronze:Repair","bronze:CloningBeam"],"picked":"bronze:DelayedGuard","floor":11},{"not_picked":["bronze:Turbo","bronze:Invalidate"],"picked":"bronze:WildBeam","floor":13},{"not_picked":["bronze:BronzeArmor","bronze:ForceShield"],"picked":"bronze:DelayedSlice","floor":15},{"not_picked":["bronze:Assembly","bronze:CleanCode"],"picked":"bronze:AlphaBuild","floor":16},{"not_picked":["bronze:BronzeArmor","bronze:Frontload","bronze:Overheat"],"picked":"SKIP","floor":19},{"not_picked":["bronze:DelayedGuard","bronze:Invalidate","bronze:FineTuning"],"picked":"SKIP","floor":21},{"not_picked":["bronze:OilSpill","bronze:BuggyMess+1","bronze:Deprecate"],"picked":"SKIP","floor":22},{"not_picked":["bronze:BitShift","bronze:CutThrough","bronze:ClassDefault"],"picked":"SKIP","floor":23},{"not_picked":["bronze:Boost","bronze:DelayedSlice"],"picked":"bronze:Allocate+1","floor":27},{"not_picked":["bronze:DelayedSlice+1","bronze:Fortify","bronze:WildBeam"],"picked":"SKIP","floor":31},{"not_picked":["bronze:Turbo","bronze:Invalidate+1","bronze:DelayedSlice"],"picked":"SKIP","floor":33},{"not_picked":["bronze:BitShift","bronze:HyperBeam"],"picked":"bronze:Shell","floor":34},{"not_picked":["bronze:ShipIt","bronze:AlphaBuild"],"picked":"bronze:Verify","floor":35},{"not_picked":["bronze:WhirlingStrike","bronze:Invalidate+1"],"picked":"bronze:CutThrough+1","floor":38},{"not_picked":["bronze:NullPointer+1","bronze:Shell","bronze:Iterate"],"picked":"SKIP","floor":39},{"not_picked":["bronze:BugBarrage+1","bronze:Deprecate","bronze:Branch"],"picked":"SKIP","floor":41},{"not_picked":["bronze:Branch+1","bronze:Mutator","bronze:Frontload+1"],"picked":"SKIP","floor":45},{"not_picked":["bronze:Safeguard+1","bronze:Frontload+1"],"picked":"bronze:Repulsor","floor":47},{"not_picked":["bronze:Optimize","bronze:Deprecate","bronze:Philosophize+1"],"picked":"SKIP","floor":50},{"not_picked":["bronze:Boost+1","bronze:Overload"],"picked":"bronze:MaxOutput+1","floor":51}],"player_experience":482669,"relics_obtained":[{"floor":7,"key":"ReplayFunnel"},{"floor":18,"key":"bronze:SilverBullet"},{"floor":26,"key":"Bottled Flame"},{"floor":27,"key":"StoneCalendar"},{"floor":45,"key":"ReplayTheSpireMod:Lightbulb"},{"floor":47,"key":"Unceasing Top"}],"event_choices":[],"is_beta":false,"boss_relics":[{"not_picked":["Kintsugi","hubris:ScarierMask"],"picked":"Sozu"},{"not_picked":["hubris:TerracottaHorce","hubris:VirtuousBlindfold"],"picked":"Philosopher\u0027s Stone"}],"items_purged_floors":[10,22],"is_endless":false,"potions_floor_spawned":[2,3,19,23,31,34,41,47,50],"ascension_level":0}}