{"host":"0kk91h4bq4kgfj0u","time":1612982126,"event":{"mods":["BaseMod","Bestiary","Block Reminder","Colored Map","Colored Powertips","Curses Come First","Highlight Path","Minty Spire (QoL Compilation)","Relic Stats","StSLib"],"gold_per_floor":[144,144,189,234,234,324,324,414,414,414,459,504,25,70,70,370,370,415,465,510,555,600,600,690,735,785,389,389,434,479,524,524,524,524],"floor_reached":33,"language":"ENG","playtime":1269,"items_purged":[],"score":358,"play_id":"54abb300-efea-4a1c-a765-20724e64e689","local_time":"20210210133526","daily_mods":["SealedDeck","Purple Cards","Midas"],"is_ascension_mode":false,"campfire_choices":[{"floor":7.0,"key":"REST"},{"floor":15.0,"key":"REST"},{"floor":23.0,"key":"REST"},{"floor":28.0,"key":"REST"},{"floor":32.0,"key":"REST"}],"circlet_count":0,"master_deck":["Quick Slash","CrushJoints","Evaluate","Prepared","Outmaneuver","Dagger Throw","Backflip","Cloak And Dagger","Protect","Blade Dance","FollowUp","Consecrate","Sucker Punch","Underhanded Strike","WheelKick","Poisoned Stab","Bane","Good Instincts","Judgement","Die Die Die","Flying Knee","Dash","EmptyBody+1","Deadly Poison+1","Flying Knee","PiercingWail","CutThroughFate","Dramatic Entrance","Finisher","Blade Dance","Well Laid Plans","Dodge and Roll","Dodge and Roll+1"],"relics":["Ring of the Snake","Snake Skull","Vajra","Centennial Puzzle","Membership Card","Sundial","Question Card","WristBlade","PreservedInsect","MawBank","Mummified Hand","Orichalcum"],"acts_visited":["Exordium","TheCity"],"potions_floor_usage":[33,33,33],"damage_taken":[{"damage":0.0,"enemies":"Jaw Worm","floor":1.0,"turns":2.0},{"damage":0.0,"enemies":"Small Slimes","floor":3.0,"turns":2.0},{"damage":0.0,"enemies":"Cultist","floor":4.0,"turns":2.0},{"damage":1.0,"enemies":"Gremlin Nob","floor":6.0,"turns":3.0},{"damage":13.0,"enemies":"Lagavulin","floor":8.0,"turns":5.0},{"damage":0.0,"enemies":"2 Fungi Beasts","floor":11.0,"turns":2.0},{"damage":0.0,"enemies":"Large Slime","floor":12.0,"turns":3.0},{"damage":0.0,"enemies":"3 Louse","floor":14.0,"turns":2.0},{"damage":0.0,"enemies":"Slime Boss","floor":16.0,"turns":5.0},{"damage":30.0,"enemies":"3 Byrds","floor":18.0,"turns":4.0},{"damage":14.0,"enemies":"2 Thieves","floor":20.0,"turns":2.0},{"damage":3.0,"enemies":"Snake Plant","floor":21.0,"turns":3.0},{"damage":0.0,"enemies":"Chosen and Byrds","floor":22.0,"turns":4.0},{"damage":22.0,"enemies":"Slavers","floor":24.0,"turns":3.0},{"damage":11.0,"enemies":"Shelled Parasite and Fungi","floor":25.0,"turns":3.0},{"damage":2.0,"enemies":"Centurion and Healer","floor":29.0,"turns":3.0},{"damage":1.0,"enemies":"3 Cultists","floor":30.0,"turns":3.0},{"damage":0.0,"enemies":"Snecko","floor":31.0,"turns":2.0},{"damage":56,"enemies":"Collector","floor":33,"turns":7}],"seed_played":"-5810517303651203205","potions_obtained":[{"floor":1.0,"key":"PowerPotion"},{"floor":3.0,"key":"Explosive Potion"},{"floor":6.0,"key":"Ancient Potion"},{"floor":11.0,"key":"DistilledChaos"},{"floor":21.0,"key":"Swift Potion"}],"is_trial":false,"path_per_floor":["M","?","M","M","$","E","R","E","T","?","M","M","$","M","R","B",null,"M","?","M","M","M","R","E","M","T","$","R","M","M","M","R","B"],"character_chosen":"THE_SILENT","items_purchased":["Membership Card","Sundial","Question Card","Poisoned Stab","Bane","Good Instincts","Mummified Hand","CutThroughFate","Dramatic Entrance","Poison Potion","Dexterity Potion","Finisher","Blade Dance","Well Laid Plans","Orichalcum"],"campfire_rested":5,"item_purchase_floors":[13,13,13,13,13,13,27,27,27,27,27,27,27,27,27],"current_hp_per_floor":[70,70,70,70,70,69,70,57,57,57,57,57,57,57,70,70,70,40,40,26,23,23,44,22,11,11,11,32,30,29,29,50,0,0],"gold":524,"neow_bonus":"","is_daily":true,"chose_seed":false,"campfire_upgraded":0,"win_rate":0.0,"timestamp":1612982126,"path_taken":["M","?","M","M","$","E","R","E","T","?","M","M","$","M","R","BOSS","M","?","?","M","M","R","E","M","T","$","R","M","M","M","R","BOSS"],"items_purchased_type":["Relic","Relic","Relic","Card","Card","Card","Relic","Card","Card","Potion","Potion","Card","Card","Card","Relic"],"build_version":"2020-12-22","purchased_purges":0,"victory":false,"max_hp_per_floor":[70,70,70,70,70,70,70,70,70,70,70,70,70,70,70,70,70,70,70,70,70,70,70,70,70,70,70,70,70,70,70,70,70,70],"relic_stats":{"Centennial Puzzle":[24],"counters":[19,60],"Sundial":[4],"Mummified Hand":[4],"Snake Skull":[13],"PreservedInsect":0,"Orichalcum":[18],"Question Card":11,"MawBank":12,"obtain_stats":[{"Centennial Puzzle":9,"WristBlade":17,"Sundial":13,"Mummified Hand":27,"Vajra":8,"Snake Skull":6,"PreservedInsect":24,"Membership Card":13,"Orichalcum":27,"Question Card":13,"MawBank":26,"Ring of the Snake":0},{"Centennial Puzzle":5,"WristBlade":9,"Sundial":7,"Mummified Hand":15,"Vajra":5,"Snake Skull":4,"PreservedInsect":14,"Membership Card":7,"Orichalcum":15,"Question Card":7,"MawBank":15,"Ring of the Snake":0},{"Centennial Puzzle":14,"WristBlade":26,"Sundial":19,"Mummified Hand":45,"Vajra":14,"Snake Skull":9,"PreservedInsect":42,"Membership Card":19,"Orichalcum":45,"Question Card":19,"MawBank":45,"Ring of the Snake":0}],"Ring of the Snake":[38]},"card_choices":[{"not_picked":["EmptyBody","Dagger Throw"],"picked":"FollowUp","floor":1.0},{"not_picked":["Sanctity","Endless Agony"],"picked":"Consecrate","floor":3.0},{"not_picked":["Evaluate","Protect"],"picked":"Sucker Punch","floor":4.0},{"not_picked":["Prepared","Blasphemy","Flechettes"],"picked":"SKIP","floor":6.0},{"not_picked":["EmptyBody","LikeWater"],"picked":"Underhanded Strike","floor":8.0},{"not_picked":["Protect","Acrobatics","Backflip"],"picked":"SKIP","floor":11.0},{"not_picked":["Consecrate","Deadly Poison"],"picked":"WheelKick","floor":12.0},{"not_picked":["SignatureMove","CutThroughFate","FollowUp"],"picked":"Judgement","floor":14.0},{"not_picked":["Storm of Steel","Malaise","Envenom"],"picked":"Die Die Die","floor":16.0},{"not_picked":["EmptyMind","WindmillStrike","FlyingSleeves"],"picked":"Flying Knee","floor":18.0},{"not_picked":["Prepared","Escape Plan+1","SandsOfTime"],"picked":"Dash","floor":20.0},{"not_picked":["Calculated Gamble","FollowUp","InnerPeace"],"picked":"EmptyBody+1","floor":21.0},{"not_picked":["Prostrate","Poisoned Stab","Underhanded Strike"],"picked":"Deadly Poison+1","floor":22.0},{"not_picked":["EmptyFist","Concentrate","Endless Agony"],"picked":"Flying Knee","floor":24.0},{"not_picked":["ClearTheMind+1","Setup+1","FollowUp"],"picked":"PiercingWail","floor":25.0},{"not_picked":["Underhanded Strike","Deadly Poison","Evaluate"],"picked":"Dodge and Roll","floor":29.0},{"not_picked":["Poisoned Stab","Backflip","Dodge and Roll","CrushJoints"],"picked":"SKIP","floor":30.0},{"not_picked":["Consecrate","WindmillStrike","EmptyMind"],"picked":"Dodge and Roll+1","floor":31.0}],"player_experience":867044,"relics_obtained":[{"floor":6.0,"key":"Snake Skull"},{"floor":8.0,"key":"Vajra"},{"floor":9.0,"key":"Centennial Puzzle"},{"floor":24.0,"key":"PreservedInsect"},{"floor":26.0,"key":"MawBank"}],"event_choices":[{"damage_healed":0.0,"max_hp_gain":0.0,"max_hp_loss":0.0,"gold_gain":0.0,"event_name":"Liars Game","player_choice":"Ignored","floor":2.0,"gold_loss":0.0,"damage_taken":0.0},{"damage_healed":0.0,"max_hp_gain":0.0,"max_hp_loss":0.0,"gold_gain":0.0,"event_name":"The Cleric","player_choice":"Leave","floor":10.0,"gold_loss":0.0,"damage_taken":0.0},{"damage_healed":0.0,"max_hp_gain":0.0,"max_hp_loss":0.0,"gold_gain":100.0,"event_name":"The Joust","player_choice":"Bet on Murderer","floor":19.0,"gold_loss":50.0,"damage_taken":0.0}],"is_beta":false,"boss_relics":[{"not_picked":["Ring of the Serpent","Philosopher\u0027s Stone"],"picked":"WristBlade"}],"items_purged_floors":[],"is_endless":false,"potions_floor_spawned":[1,3,6,11,14,18,21,30,31],"killed_by":"Collector","ascension_level":0}}