{"host":"sian7qp8a9pc9xwd","time":1612932967,"event":{"mods":["BaseMod","Minty Spire (QoL Compilation)","StSLib","SuperFastMode"],"gold_per_floor":[134,169,344,376,62,111,111,167,167,147,147,189,201,244,244,366,366,402,415,415,415],"floor_reached":20,"language":"ENG","playtime":941,"items_purged":["Doubt"],"score":233,"play_id":"aa3c62ec-81c6-41a8-8a53-8f6f734ef233","local_time":"20210209235607","is_ascension_mode":true,"campfire_choices":[{"data":"HandOfGreed","floor":7,"key":"SMITH"},{"floor":11,"key":"REST"},{"floor":15,"key":"REST"}],"circlet_count":0,"master_deck":["Strike_P","Strike_P","Strike_P","Strike_P","Defend_P","Defend_P","Defend_P","Defend_P","Eruption","Vigilance","Regret","HandOfGreed+1","EmptyBody","Brilliance","Evaluate","Vault+1","FlurryOfBlows","Prostrate","LessonLearned","FollowUp"],"relics":["PureWater","TeardropLocket","Bottled Flame","Mummified Hand"],"acts_visited":["Exordium","TheCity"],"potions_floor_usage":[2,6,6,12,18,20],"damage_taken":[{"damage":4,"enemies":"Small Slimes","floor":1,"turns":4},{"damage":0,"enemies":"Jaw Worm","floor":2,"turns":1},{"damage":4,"enemies":"Cultist","floor":4,"turns":2},{"damage":54,"enemies":"Lagavulin","floor":6,"turns":8},{"damage":16,"enemies":"Gremlin Nob","floor":8,"turns":4},{"damage":7,"enemies":"Lots of Slimes","floor":12,"turns":3},{"damage":2,"enemies":"Large Slime","floor":13,"turns":4},{"damage":4,"enemies":"2 Fungi Beasts","floor":14,"turns":2},{"damage":36,"enemies":"The Guardian","floor":16,"turns":10},{"damage":20,"enemies":"2 Thieves","floor":18,"turns":2},{"damage":1,"enemies":"Spheric Guardian","floor":19,"turns":4},{"damage":31,"enemies":"Snake Plant","floor":20,"turns":7}],"seed_played":"-3838715726057740703","potions_obtained":[{"floor":1,"key":"ColorlessPotion"},{"floor":2,"key":"Regen Potion"},{"floor":10,"key":"AttackPotion"},{"floor":13,"key":"StancePotion"},{"floor":16,"key":"Explosive Potion"},{"floor":19,"key":"EssenceOfSteel"}],"is_trial":false,"path_per_floor":["M","M","?","M","$","E","R","E","T","?","R","M","M","M","R","B",null,"M","M","M"],"character_chosen":"WATCHER","items_purchased":["Brilliance","Evaluate","SteroidPotion"],"campfire_rested":2,"item_purchase_floors":[5,5,5],"current_hp_per_floor":[68,68,68,64,64,24,24,8,8,8,29,22,20,16,37,1,54,34,33,2,2],"gold":415,"neow_bonus":"RANDOM_COLORLESS_2","is_daily":false,"chose_seed":false,"campfire_upgraded":1,"win_rate":0.0,"timestamp":1612932967,"path_taken":["M","M","?","M","$","E","R","E","T","?","R","M","?","M","R","BOSS","M","M","M"],"items_purchased_type":["Card","Card","Potion"],"build_version":"2020-12-22","purchased_purges":1,"victory":false,"max_hp_per_floor":[72,72,72,72,72,72,72,72,72,72,72,72,72,72,72,72,72,72,72,72,72],"card_choices":[{"not_picked":["Thinking Ahead","The Bomb"],"picked":"HandOfGreed","floor":0},{"not_picked":["Meditate","EmptyFist"],"picked":"EmptyBody","floor":1},{"not_picked":["ReachHeaven","ForeignInfluence","Weave"],"picked":"SKIP","floor":2},{"not_picked":["Protect","FlyingSleeves","JustLucky"],"picked":"SKIP","floor":4},{"not_picked":["Evaluate","FlyingSleeves"],"picked":"Vault","floor":6},{"not_picked":["Establishment","Sanctity","Meditate"],"picked":"SKIP","floor":8},{"not_picked":["Establishment","Sanctity","Meditate"],"picked":"SKIP","floor":8},{"not_picked":["Crescendo","FlurryOfBlows","EmptyFist"],"picked":"SKIP","floor":12},{"not_picked":["Crescendo","EmptyFist"],"picked":"FlurryOfBlows","floor":12},{"not_picked":["ClearTheMind","WheelKick"],"picked":"Prostrate","floor":13},{"not_picked":["ReachHeaven","ClearTheMind","Halt"],"picked":"SKIP","floor":14},{"not_picked":["Omniscience","DeusExMachina"],"picked":"LessonLearned","floor":16},{"not_picked":["JustLucky","EmptyMind","Crescendo"],"picked":"SKIP","floor":18},{"not_picked":["ClearTheMind","CrushJoints"],"picked":"FollowUp","floor":19}],"player_experience":956956,"relics_obtained":[{"floor":6,"key":"TeardropLocket"},{"floor":8,"key":"Bottled Flame"},{"floor":9,"key":"Mummified Hand"}],"event_choices":[{"damage_healed":0,"gold_gain":175,"player_choice":"AGREE","damage_taken":0,"max_hp_gain":0,"max_hp_loss":0,"event_name":"Liars Game","floor":3,"gold_loss":0,"cards_obtained":["Doubt"]},{"damage_healed":0,"gold_gain":0,"player_choice":"Bought 1 Potion","damage_taken":0,"max_hp_gain":0,"max_hp_loss":0,"event_name":"The Woman in Blue","floor":10,"gold_loss":0}],"is_beta":false,"boss_relics":[{"not_picked":["Coffee Dripper","Ectoplasm","Snecko Eye"]}],"items_purged_floors":[5],"is_endless":false,"potions_floor_spawned":[1,2,13,16,19],"killed_by":"Snake Plant","ascension_level":5}}