{"host":"epc8efk9vrywpcsw","time":1612977280,"event":{"mods":["BaseMod","Minty Spire (QoL Compilation)","Relic Stats","StSLib"],"gold_per_floor":[118,393,404,62,62,91,101,135,188,188,206,240,27,54,54,128,178,195,165,176,92,92,92],"floor_reached":22,"language":"ENG","playtime":633,"items_purged":["Regret"],"score":577,"play_id":"b65586db-fd9e-4281-a4f8-c65cdee06a1f","local_time":"20210210181440","is_ascension_mode":true,"campfire_choices":[{"data":"Apotheosis","floor":15,"key":"SMITH"}],"circlet_count":0,"master_deck":["AscendersBane","Strike_B","Strike_B","Strike_B","Strike_B","Defend_B","Defend_B","Defend_B","Defend_B","Zap","Dualcast+1","Gash","Conserve Battery","Apotheosis+1","Rip and Tear","Rip and Tear","Seek","Reinforced Body","White Noise","Gash","Gash","White Noise","Biased Cognition","Hologram","Melter","Self Repair"],"relics":["Cracked Core","NeowsBlessing","Blue Candle","Potion Belt","Sundial","Boot","Vajra","OrangePellets","White Beast Statue","Tiny House"],"acts_visited":["Exordium","TheCity"],"potions_floor_usage":[20,22],"damage_taken":[{"damage":0.0,"enemies":"2 Louse","floor":1.0,"turns":1.0},{"damage":0.0,"enemies":"Cultist","floor":3.0,"turns":1.0},{"damage":0.0,"enemies":"Lagavulin","floor":6.0,"turns":1.0},{"damage":5.0,"enemies":"Small Slimes","floor":7.0,"turns":2.0},{"damage":10.0,"enemies":"3 Sentries","floor":8.0,"turns":6.0},{"damage":4.0,"enemies":"Red Slaver","floor":11.0,"turns":3.0},{"damage":12,"enemies":"Lagavulin","floor":12,"turns":5},{"damage":0,"enemies":"Gremlin Nob","floor":14,"turns":3},{"damage":0,"enemies":"Slime Boss","floor":16,"turns":5},{"damage":20,"enemies":"Chosen","floor":18,"turns":4},{"damage":32,"enemies":"2 Thieves","floor":20,"turns":4},{"damage":23,"enemies":"Shelled Parasite and Fungi","floor":22,"turns":2}],"seed_played":"9147285146998293044","potions_obtained":[{"floor":1.0,"key":"Dexterity Potion"},{"floor":7.0,"key":"Block Potion"},{"floor":12,"key":"GamblersBrew"},{"floor":16,"key":"FocusPotion"},{"floor":17,"key":"SmokeBomb"},{"floor":18,"key":"Fire Potion"},{"floor":19,"key":"PowerPotion"},{"floor":20,"key":"Energy Potion"}],"is_trial":false,"path_per_floor":["M","?","M","$","?","E","M","E","T","$","M","E","$","E","R","B",null,"M","?","M","$","M"],"character_chosen":"DEFECT","items_purchased":["Apotheosis","Rip and Tear","Gash","OrangePellets","Self Repair"],"campfire_rested":0,"item_purchase_floors":[4,4,13,13,21],"current_hp_per_floor":[64,64,64,64,64,64,59,49,49,49,45,33,33,33,33,33,67,47,47,15,15,0,0],"gold":92,"neow_bonus":"THREE_ENEMY_KILL","is_daily":false,"chose_seed":false,"campfire_upgraded":1,"win_rate":0.0,"timestamp":1612977280,"path_taken":["M","?","?","$","?","E","M","E","T","$","?","E","?","E","R","BOSS","M","?","?","$","M"],"items_purchased_type":["Card","Card","Card","Relic","Card"],"build_version":"2020-12-22","purchased_purges":1,"victory":false,"max_hp_per_floor":[71,71,71,71,71,71,71,71,71,71,71,71,71,71,71,71,76,76,76,76,76,76,76],"relic_stats":{"OrangePellets":[3],"counters":[12,37],"Sundial":[0],"Blue Candle":[0],"Boot":[12],"obtain_stats":[{"Potion Belt":6,"OrangePellets":13,"Tiny House":17,"NeowsBlessing":0,"Sundial":8,"Blue Candle":5,"Vajra":12,"Cracked Core":0,"Boot":9,"White Beast Statue":14},{"Potion Belt":3,"OrangePellets":7,"Tiny House":9,"NeowsBlessing":0,"Sundial":5,"Blue Candle":2,"Vajra":7,"Cracked Core":0,"Boot":5,"White Beast Statue":8},{"Potion Belt":3,"OrangePellets":19,"Tiny House":27,"NeowsBlessing":0,"Sundial":11,"Blue Candle":2,"Vajra":19,"Cracked Core":0,"Boot":11,"White Beast Statue":22}]},"card_choices":[{"not_picked":["Darkness","Stack"],"picked":"Gash","floor":1.0},{"not_picked":["Leap","Barrage"],"picked":"Conserve Battery","floor":3.0},{"not_picked":["Ball Lightning","Coolheaded"],"picked":"Rip and Tear","floor":6.0},{"not_picked":["Compile Driver","Barrage"],"picked":"Seek","floor":7.0},{"not_picked":["Genetic Algorithm","Rebound"],"picked":"Reinforced Body","floor":8.0},{"not_picked":["Stack","Steam"],"picked":"White Noise","floor":11.0},{"not_picked":["Chill","Redo"],"picked":"Gash","floor":12},{"not_picked":["Static Discharge","Barrage"],"picked":"White Noise","floor":14},{"not_picked":["Machine Learning","Amplify"],"picked":"Biased Cognition","floor":16},{"not_picked":["Ball Lightning","Static Discharge"],"picked":"Hologram","floor":17},{"not_picked":["Stack","Streamline+1","Turbo"],"picked":"SKIP","floor":18},{"not_picked":["Auto Shields","Steam"],"picked":"Melter","floor":20}],"player_experience":515951,"relics_obtained":[{"floor":6.0,"key":"Potion Belt"},{"floor":8.0,"key":"Sundial"},{"floor":9.0,"key":"Boot"},{"floor":12,"key":"Vajra"},{"floor":14,"key":"White Beast Statue"}],"event_choices":[{"damage_healed":0.0,"max_hp_gain":0.0,"max_hp_loss":0.0,"gold_gain":275.0,"event_name":"Golden Shrine","player_choice":"Desecrate","floor":2.0,"gold_loss":0.0,"damage_taken":0.0,"cards_obtained":["Regret"]},{"damage_healed":0.0,"max_hp_gain":0.0,"max_hp_loss":0.0,"gold_gain":0.0,"event_name":"WeMeetAgain","player_choice":"Gave Potion","floor":5.0,"gold_loss":0.0,"damage_taken":0.0,"relics_obtained":["Blue Candle"]},{"damage_healed":0,"gold_gain":0,"player_choice":"Bought 2 Potions","damage_taken":0,"max_hp_gain":0,"max_hp_loss":0,"event_name":"The Woman in Blue","floor":19,"gold_loss":0}],"is_beta":false,"boss_relics":[{"not_picked":["Inserter","Ectoplasm"],"picked":"Tiny House"}],"items_purged_floors":[4],"is_endless":false,"potions_floor_spawned":[1,7,12,16,18,20],"killed_by":"Shelled Parasite and Fungi","ascension_level":17}}