{"host":"ajxvnmsjfcleb5r5","time":1612962149,"event":{"mods":["2.2 Compatiblity","AchievementEnabler","BaseMod","Beaked The Cultist","Better Note","BetterRewards","Card Forge","Colored Powertips","DNKmod","Friendly Minions","Gremlin Mod","Hermit","Infinite Spire","Minty Spire (QoL Compilation)","Quick Restart","Shop Mod","StSLib","SuperFastMode"],"gold_per_floor":[119,119,132,151,162,162,189,200,224,238,253,268,65,65,65,165,165,175,175,175,195,195,195],"floor_reached":22,"language":"KOR","playtime":857,"items_purged":[],"score":190,"play_id":"06037eb3-dee8-482a-b19c-5d7bd32a02d5","local_time":"20210210220229","is_ascension_mode":false,"campfire_choices":[{"data":"beaked:BraceForImpact","floor":6,"key":"SMITH"},{"data":"beaked:CrazyRituals","floor":15,"key":"SMITH"}],"circlet_count":0,"master_deck":["beaked:Strike_Y","beaked:Strike_Y","beaked:Strike_Y","beaked:Strike_Y","beaked:Strike_Y","beaked:Strike_Y","beaked:Defend_Y","beaked:Defend_Y","beaked:Defend_Y","beaked:Defend_Y","beaked:Ceremony","beaked:CrazyRituals+1","beaked:CrazyRituals+1","Decay","beaked:TuckingFeathers","beaked:BraceForImpact+1","beaked:Foresight","beaked:HuntressEssence","beaked:Insight+1","beaked:DarkPact","infinitespire:Collect"],"relics":["beaked:MendingPlumage","Hammer of Thor","Seething Fire","Anvil of the Gods","Torii","infinitespire:Beetle Shell","Toy Ornithopter","Potion Belt","ClockworkSouvenir","SlaversCollar","beaked:BlessedCoat"],"acts_visited":["Exordium","TheCity"],"potions_floor_usage":[],"damage_taken":[{"damage":6,"enemies":"Jaw Worm","floor":1,"turns":4},{"damage":1,"enemies":"Cultist","floor":3,"turns":4},{"damage":8,"enemies":"2 Louse","floor":4,"turns":4},{"damage":8,"enemies":"Exordium Thugs","floor":5,"turns":4},{"damage":18,"enemies":"Lagavulin","floor":7,"turns":5},{"damage":3,"enemies":"Exordium Wildlife","floor":8,"turns":5},{"damage":30,"enemies":"Gremlin Gang","floor":10,"turns":6},{"damage":13,"enemies":"Red Slaver","floor":11,"turns":5},{"damage":20,"enemies":"Exordium Thugs","floor":12,"turns":7},{"damage":7,"enemies":"Hexaghost","floor":16,"turns":10},{"damage":22,"enemies":"Spheric Guardian","floor":18,"turns":8},{"damage":8,"enemies":"Shell Parasite","floor":21,"turns":5},{"damage":144,"enemies":"3 Cultists","floor":22,"turns":9}],"seed_played":"1600948459205831545","potions_obtained":[{"floor":4,"key":"DuplicationPotion"},{"floor":5,"key":"BlessingOfTheForge"},{"floor":8,"key":"infinitespire:BlackPotion"},{"floor":11,"key":"EntropicBrew"},{"floor":16,"key":"Block Potion"}],"is_trial":false,"path_per_floor":["M","?","M","M","M","R","E","M","T","M","M","M","$","?","R","B",null,"M","?","AVR","M","M"],"character_chosen":"BEAKED_THE_CULTIST","items_purchased":["ClockworkSouvenir","beaked:Insight"],"campfire_rested":0,"item_purchase_floors":[13,13],"current_hp_per_floor":[50,50,50,50,50,50,36,52,52,51,52,52,52,52,52,52,52,52,52,52,52,0,0],"gold":195,"neow_bonus":"UPGRADE_CARD","is_daily":false,"chose_seed":false,"campfire_upgraded":2,"win_rate":0.0,"timestamp":1612962149,"path_taken":["M","?","M","?","?","R","E","M","T","M","M","M","$","?","R","BOSS","M","?","AVR","M","M"],"items_purchased_type":["Relic","Card"],"build_version":"2020-12-22","purchased_purges":0,"victory":false,"max_hp_per_floor":[50,50,50,50,50,50,52,52,52,52,52,52,52,52,52,52,52,52,52,52,52,52,52],"card_choices":[{"not_picked":["beaked:Cower","beaked:DigDeep","beaked:HuntressSpirit"],"picked":"SKIP","floor":1},{"not_picked":["beaked:Redirect","beaked:WindBringer"],"picked":"beaked:TuckingFeathers","floor":3},{"not_picked":["beaked:TuckingFeathers","beaked:Recite","beaked:HuntressSpirit"],"picked":"SKIP","floor":4},{"not_picked":["beaked:FeelMyPain","beaked:Flinch"],"picked":"beaked:BraceForImpact","floor":5},{"not_picked":["beaked:Windmill","beaked:Cower","beaked:DarkTribute"],"picked":"SKIP","floor":7},{"not_picked":["beaked:Resilience","beaked:Cower"],"picked":"beaked:Foresight","floor":8},{"not_picked":["beaked:TuckingFeathers","beaked:Flinch"],"picked":"beaked:HuntressEssence","floor":10},{"not_picked":["beaked:SurvivalInstinct","beaked:Caw","beaked:Foresight"],"picked":"SKIP","floor":11},{"not_picked":["beaked:Cower","beaked:DigDeep","beaked:SurvivalInstinct"],"picked":"SKIP","floor":12},{"not_picked":["beaked:ScreechingChant","beaked:FullHouse"],"picked":"beaked:DarkPact","floor":16},{"not_picked":["beaked:DesperateSwing+1","beaked:WarriorEssence+1","beaked:Cower"],"picked":"SKIP","floor":18},{"not_picked":["beaked:HuntressSpirit","beaked:BounceBack","beaked:Evade"],"picked":"SKIP","floor":21}],"player_experience":170750,"relics_obtained":[{"floor":7,"key":"Toy Ornithopter"},{"floor":9,"key":"Potion Belt"}],"event_choices":[{"damage_healed":0,"gold_gain":0,"player_choice":"Cursed","damage_taken":0,"max_hp_gain":0,"max_hp_loss":0,"event_name":"Wheel of Change","floor":2,"gold_loss":0,"cards_obtained":["Decay"]},{"damage_healed":0,"gold_gain":0,"player_choice":"Upgraded","damage_taken":0,"max_hp_gain":0,"max_hp_loss":0,"event_name":"Upgrade Shrine","floor":14,"gold_loss":0,"cards_upgraded":["beaked:Insight"]},{"cards_removed":["beaked:CrazyRituals"],"damage_healed":0,"gold_gain":0,"player_choice":"Take \u0026 Give","damage_taken":0,"max_hp_gain":0,"max_hp_loss":0,"event_name":"betterNote:BetterNote","floor":19,"gold_loss":0,"cards_obtained":["infinitespire:Collect"]}],"is_beta":false,"boss_relics":[{"not_picked":["SacredBark","Philosopher\u0027s Stone"],"picked":"SlaversCollar"}],"items_purged_floors":[],"is_endless":false,"potions_floor_spawned":[4,5,8,11,16,18,21],"killed_by":"3 Cultists","ascension_level":0}}