{"host":"4g8vayc9pwrwu92h","time":1612964659,"event":{"mods":["Aspiration","BaseMod","Conspire","Downfall","Marked Mod","Minty Spire (QoL Compilation)","Quick Restart","StSLib","The Jungle"],"gold_per_floor":[2000,2019,2030,2030,2047,2080,2162,1962,2294,2294,1671,1821,1721,1739,1755,1860,1860,1860,1877,1890,1890,1675,1775,1802,1644,1664,1697,1697,1709,1721,1721,1732,1833,1833,1833,1844,1614,1624,1624,1624,1624,1651,1651,1662,1679,1679,1695,1711,1730,1730,1730,1755,1270,1270,1270,1270,1270,1270],"floor_reached":56,"language":"ZHS","playtime":4270,"items_purged":["Regret","downfall:Icky"],"score":977,"play_id":"6a2e6350-3949-438c-b81f-476c091cf384","local_time":"20210210214419","is_ascension_mode":true,"campfire_choices":[{"floor":1.0,"key":"RECALL"},{"data":"hexamod:ThermalTransfer","floor":8.0,"key":"SMITH"},{"data":"hexamod:UnlimitedPower","floor":13.0,"key":"SMITH"},{"data":"hexamod:GiftsFromTheDead","floor":18.0,"key":"SMITH"},{"data":"hexamod:HexaLevel","floor":28.0,"key":"SMITH"},{"data":"hexamod:SearingWound","floor":35.0,"key":"SMITH"},{"data":"hexamod:ApocalypseNow","floor":43.0,"key":"SMITH"},{"data":"hexamod:RadiantFlame","floor":46,"key":"SMITH"},{"floor":54,"key":"REST"}],"circlet_count":0,"master_deck":["hexamod:Strike+1","hexamod:Strike+1","hexamod:Strike+1","hexamod:Strike+1","hexamod:Defend+1","hexamod:Defend+1","hexamod:Defend+1","hexamod:Defend+1","hexamod:Sear+1","hexamod:Float+1","hexamod:ThermalTransfer+1","hexamod:FourthSeal","hexamod:HeatCrush+1","hexamod:UnlimitedPower+1","hexamod:HauntingEcho+1","hexamod:GiftsFromTheDead+1","hexamod:FastForward+1","hexamod:ApocalypseNow+1","hexamod:FirstSeal","hexamod:EmpoweredFlame+1","hexamod:SpectersWail+1","hexamod:GhostLash+1","hexamod:SearingWound+1","expansioncontent:AwakenDeath+1","hexamod:HeatShield+1","hexamod:HexaLevel+1","hexamod:FlamesFromBeyond+1","hexamod:RadiantFlame+1","hexamod:SixthSeal","hexamod:ChargedBarrage+1","hexamod:FlamesFromBeyond+1","hexamod:WildfireWeapon+1"],"relics":["hexamod:SpiritBrand","Black Star","Singing Bowl","MealTicket","Bag of Marbles","Kunai","downfall:HeartBlessingRed","downfall:HeartBlessingGreen","Old Coin","Toy Ornithopter","conspire:Dentures","Bag of Preparation","downfall:HeartBlessingBlue","White Beast Statue","Blood Vial","ClockworkSouvenir","HornCleat","conspire:GiftBox","Smiling Mask","hexamod:IceCube","Anchor","PreservedInsect","Calipers","Akabeko","Ornamental Fan","Ginger","Bottled Lightning","Happy Flower"],"acts_visited":["TheCity","TheBeyond","TheEnding"],"potions_floor_usage":[50,50,50,55,55,55],"damage_taken":[{"damage":0.0,"enemies":"Small Slimes","floor":2.0,"turns":3.0},{"damage":0.0,"enemies":"Cultist","floor":3.0,"turns":3.0},{"damage":0.0,"enemies":"Jaw Worm","floor":5.0,"turns":2.0},{"damage":13.0,"enemies":"Gremlin Nob","floor":6.0,"turns":4.0},{"damage":15.0,"enemies":"3 Sentries","floor":9.0,"turns":7.0},{"damage":2.0,"enemies":"downfall:FleeingMerchant","floor":11.0,"turns":4.0},{"damage":0.0,"enemies":"3 Louse","floor":14.0,"turns":1.0},{"damage":0.0,"enemies":"Exordium Thugs","floor":15.0,"turns":2.0},{"damage":19.0,"enemies":"DF_ARCHETYPE_STREAMLINE","floor":16.0,"turns":4.0},{"damage":0.0,"enemies":"Chosen","floor":19.0,"turns":2.0},{"damage":0.0,"enemies":"Spheric Guardian","floor":20.0,"turns":3.0},{"damage":0.0,"enemies":"downfall:FleeingMerchant","floor":22.0,"turns":4.0},{"damage":0.0,"enemies":"downfall:LadyInBlue","floor":23.0,"turns":7.0},{"damage":10.0,"enemies":"downfall:FleeingMerchant","floor":25.0,"turns":3.0},{"damage":7.0,"enemies":"Snake Plant","floor":26.0,"turns":2.0},{"damage":16.0,"enemies":"Book of Stabbing","floor":27.0,"turns":4.0},{"damage":0.0,"enemies":"Cultist and Chosen","floor":29.0,"turns":3.0},{"damage":0.0,"enemies":"Sentry and Sphere","floor":30.0,"turns":3.0},{"damage":12.0,"enemies":"Snake Plant","floor":32.0,"turns":2.0},{"damage":0.0,"enemies":"WA_ARCHETYPE_CALM","floor":33.0,"turns":5.0},{"damage":10.0,"enemies":"3 Darklings","floor":36.0,"turns":3.0},{"damage":0.0,"enemies":"3 Shapes","floor":38.0,"turns":3.0},{"damage":18.0,"enemies":"Nemesis","floor":42.0,"turns":5.0},{"damage":0.0,"enemies":"Maw","floor":44.0,"turns":7.0},{"damage":8,"enemies":"Sphere and 2 Shapes","floor":45,"turns":5},{"damage":0,"enemies":"Transient","floor":47,"turns":5},{"damage":0,"enemies":"Spire Growth","floor":48,"turns":3},{"damage":36,"enemies":"Writhing Mass","floor":49,"turns":4},{"damage":4,"enemies":"SI_POISON_ARCHETYPE","floor":50,"turns":7},{"damage":53,"enemies":"downfall:CharBossMerchant","floor":52,"turns":7},{"damage":3,"enemies":"downfall:NeowBoss","floor":55,"turns":15},{"damage":219,"enemies":"downfall:NeowBossFinal","floor":56,"turns":11}],"seed_played":"-4311021365747226624","potions_obtained":[{"floor":5.0,"key":"SpeedPotion"},{"floor":9.0,"key":"champ:CounterPotion"},{"floor":9.0,"key":"GamblersBrew"},{"floor":11.0,"key":"Fruit Juice"},{"floor":14.0,"key":"SkillPotion"},{"floor":16.0,"key":"Energy Potion"},{"floor":16.0,"key":"hexamod:EctoCoolerPotion"},{"floor":19.0,"key":"FearPotion"},{"floor":22.0,"key":"EssenceOfSteel"},{"floor":23.0,"key":"Dexterity Potion"},{"floor":23.0,"key":"Fire Potion"},{"floor":25.0,"key":"AttackPotion"},{"floor":26.0,"key":"Fire Potion"},{"floor":27.0,"key":"Fire Potion"},{"floor":32.0,"key":"PowerPotion"},{"floor":33.0,"key":"Fire Potion"},{"floor":36.0,"key":"champ:CounterPotion"},{"floor":38.0,"key":"Energy Potion"},{"floor":42.0,"key":"bronze:BurnAndBuffPotion"},{"floor":44.0,"key":"ColorlessPotion"},{"floor":44.0,"key":"Strength Potion"},{"floor":49,"key":"Strength Potion"},{"floor":52,"key":"Fire Potion"},{"floor":52,"key":"BlessingOfTheForge"}],"is_trial":false,"path_per_floor":["R","M","M","?","M","E","T","R","E","T","$","?","R","M","M","B",null,"R","M","M","?","$","?","T","$","M","E","R","M","M","?","M","B",null,"R","M","$","M","?","?","T","E","R","M","M","R","M","M","M","B",null,"E","$","R","B","B"],"character_chosen":"THE_SPIRIT","items_purchased":["conspire:Dentures","Bag of Preparation","hexamod:UnlimitedPower","hexamod:EmpoweredFlame","hexamod:SpectersWail","ClockworkSouvenir","HornCleat","expansioncontent:AwakenDeath","Anchor","DuplicationPotion","Bottled Lightning","Dexterity Potion","AttackPotion","Happy Flower"],"campfire_rested":1,"item_purchase_floors":[11,11,11,22,22,25,25,25,37,37,53,53,53,53],"current_hp_per_floor":[77,77,77,77,77,66,66,66,51,51,76,76,86,86,88,84,98,98,98,98,98,98,98,98,95,91,82,82,86,88,88,85,102,102,102,99,104,104,104,104,104,88,88,99,95,95,104,106,81,94,112,68,83,114,114,0,0,0],"gold":1270,"neow_bonus":"TEN_PERCENT_HP_BONUS","is_daily":false,"chose_seed":false,"campfire_upgraded":7,"win_rate":0.0,"timestamp":1612964659,"path_taken":["R","M","M","?","M","E","T","R","E","?","$","?","R","M","M","BOSS","R","M","M","?","$","?","T","$","?","E","R","M","M","?","M","BOSS","R","M","$","M","?","?","T","E","R","M","M","R","M","?","M","BOSS","E","$","R","BOSS","BOSS"],"items_purchased_type":["Relic","Relic","Card","Card","Card","Relic","Relic","Card","Relic","Potion","Relic","Potion","Potion","Relic"],"build_version":"2020-12-22","purchased_purges":2,"victory":false,"max_hp_per_floor":[77,77,77,77,77,79,79,79,79,79,86,86,96,96,98,98,98,98,98,98,98,98,98,98,98,98,98,98,100,100,100,102,102,102,102,104,104,104,104,104,104,106,106,108,110,110,110,110,112,112,112,114,114,114,114,114,114,114],"card_choices":[{"not_picked":["hexamod:GhostShield","hexamod:GhostLash"],"picked":"hexamod:ThermalTransfer","floor":2.0},{"not_picked":["hexamod:ThermalTransfer","hexamod:SuperheatedStrike","hexamod:BacktrackSmack"],"picked":"SKIP","floor":3.0},{"not_picked":["hexamod:GhostShield","hexamod:BacktrackSmack"],"picked":"hexamod:FourthSeal","floor":5.0},{"not_picked":["hexamod:ShieldOfDarkness","hexamod:Hexaguard","hexamod:ThermalTransfer"],"picked":"Singing Bowl","floor":6.0},{"not_picked":["hexamod:SwordOfDarkness","hexamod:TurnItUp"],"picked":"hexamod:HeatCrush","floor":9.0},{"not_picked":["hexamod:NecessarySacrifice","hexamod:Firestarter","hexamod:SpectersWail"],"picked":"Singing Bowl","floor":11.0},{"not_picked":["hexamod:HeatMetal","hexamod:SuperheatedStrike"],"picked":"hexamod:HauntingEcho","floor":14.0},{"not_picked":["hexamod:SkipABeat","hexamod:FastForward","hexamod:BacktrackSmack"],"picked":"Singing Bowl","floor":15.0},{"not_picked":["hexamod:ApocalypseNow","hexamod:SearingWound"],"picked":"hexamod:GiftsFromTheDead","floor":16.0},{"not_picked":["hexamod:BacktrackSmack+1","hexamod:SpectralSpark"],"picked":"hexamod:FastForward","floor":19.0},{"not_picked":["hexamod:HeatMetal","hexamod:EtherealExpedition"],"picked":"hexamod:ApocalypseNow","floor":20.0},{"not_picked":["hexamod:BurningTouch","hexamod:ShieldOfDarkness"],"picked":"hexamod:FirstSeal","floor":22.0},{"not_picked":["hexamod:Hexaguard","hexamod:SpectersWail"],"picked":"hexamod:GhostLash+1","floor":23.0},{"not_picked":["hexamod:NightmareGuise","hexamod:GhostflameBarrier"],"picked":"hexamod:SearingWound","floor":25.0},{"not_picked":["hexamod:AdvancingGuard","hexamod:SpectersWail+1"],"picked":"hexamod:HeatShield","floor":26.0},{"not_picked":["hexamod:UnlimitedPower","hexamod:ParanormalForm"],"picked":"hexamod:HexaLevel","floor":27.0},{"not_picked":["hexamod:FourthSeal","hexamod:GhostOfSpirePast"],"picked":"hexamod:FlamesFromBeyond","floor":27.0},{"not_picked":["hexamod:NightmareGuise","hexamod:EmpoweredFlame","hexamod:BurningTouch"],"picked":"Singing Bowl","floor":29.0},{"not_picked":["hexamod:NightmareStrike","hexamod:PowerFromBeyond"],"picked":"hexamod:RadiantFlame","floor":30.0},{"not_picked":["hexamod:Hexaguard","hexamod:DynamicBlow","hexamod:Incineration+1"],"picked":"Singing Bowl","floor":32.0},{"not_picked":["hexamod:TimeWarp","hexamod:ParanormalForm"],"picked":"hexamod:SixthSeal","floor":33.0},{"not_picked":["hexamod:BurningTouch","hexamod:FlamesFromBeyond","hexamod:HeatMetal+1"],"picked":"Singing Bowl","floor":36.0},{"not_picked":["hexamod:NightmareStrike","hexamod:NightmareGuise"],"picked":"hexamod:ChargedBarrage+1","floor":38.0},{"not_picked":["hexamod:HeatMetal+1","hexamod:Firestarter+1","hexamod:Hexaguard+1"],"picked":"Singing Bowl","floor":42.0},{"not_picked":["hexamod:SpectersWail+1","hexamod:AdvancingGuard","hexamod:FastForward+1"],"picked":"Singing Bowl","floor":44.0},{"not_picked":["hexamod:GhostOfSpireFuture+1","hexamod:RecurringNightmare+1","hexamod:SpectersWail"],"picked":"Singing Bowl","floor":45},{"not_picked":["hexamod:HauntingEcho","hexamod:RainOfEmbers+1"],"picked":"hexamod:FlamesFromBeyond+1","floor":47},{"not_picked":["hexamod:DynamicBlow+1","hexamod:FlamesFromBeyond"],"picked":"hexamod:WildfireWeapon","floor":48},{"not_picked":["hexamod:Rewind","hexamod:Firestarter+1","hexamod:NightmareGuise+1"],"picked":"Singing Bowl","floor":49},{"not_picked":["hexamod:StepThrough","hexamod:InspiringFlames","hexamod:ChargedBarrage+1"],"picked":"Singing Bowl","floor":52}],"player_experience":446488,"relics_obtained":[{"floor":6.0,"key":"MealTicket"},{"floor":6.0,"key":"Bag of Marbles"},{"floor":7.0,"key":"Kunai"},{"floor":9.0,"key":"Old Coin"},{"floor":9.0,"key":"Toy Ornithopter"},{"floor":23.0,"key":"White Beast Statue"},{"floor":24.0,"key":"Blood Vial"},{"floor":27.0,"key":"conspire:GiftBox"},{"floor":27.0,"key":"Smiling Mask"},{"floor":41.0,"key":"PreservedInsect"},{"floor":42.0,"key":"Calipers"},{"floor":42.0,"key":"Akabeko"},{"floor":52,"key":"Ornamental Fan"},{"floor":52,"key":"Ginger"}],"event_choices":[{"damage_healed":0.0,"max_hp_gain":0.0,"max_hp_loss":0.0,"gold_gain":0.0,"event_name":"Big Fish","player_choice":"Box","floor":4.0,"gold_loss":0.0,"damage_taken":0.0,"relics_obtained":["Singing Bowl"],"cards_obtained":["Regret"]},{"damage_healed":0.0,"max_hp_gain":0.0,"max_hp_loss":0.0,"gold_gain":0.0,"event_name":"conspire:Investor","player_choice":"Leave","floor":40.0,"gold_loss":0.0,"damage_taken":0.0}],"is_beta":false,"boss_relics":[{"not_picked":["bronze:MakeshiftBattery","Runic Dome","conspire:SlowCooker"]},{"not_picked":["aspiration:PoetsPen_weak","Empty Cage"],"picked":"hexamod:IceCube"}],"items_purged_floors":[11,22],"is_endless":false,"potions_floor_spawned":[5,9,14,16,19,25,26,27,29,30,32,33,36,38,42,44,45,47,48,49,52],"killed_by":"downfall:NeowBossFinal","ascension_level":1}}