{"host":"eketvm4dld8igxnv","time":1612983981,"event":{"mods":["BaseMod","Better Skull","Better Third Choice","Downfall","Googly Eyes","Minty Spire (QoL Compilation)","StSLib"],"gold_per_floor":[110,17,17,17,33,63,63,91,91,91,91,126,149,159,159,258,258,270,323,335,335,352,352,379,379,379,412,428,428,428,457,457,561,561,571,571,571,582,596,625,625,659,659,659,659,670,687,711,711,711,711],"floor_reached":50,"language":"ENG","playtime":3227,"items_purged":[],"score":781,"play_id":"08786d0b-66f6-464f-8d56-4d5940733bd6","local_time":"20210210140621","is_ascension_mode":true,"campfire_choices":[{"data":"Genetic Algorithm","floor":7,"key":"SMITH"},{"data":"Infernal Blade","floor":10,"key":"SMITH"},{"floor":15,"key":"RECALL"},{"data":"Perfected Strike","floor":23,"key":"SMITH"},{"floor":25,"key":"REST"},{"data":"Perfected Strike","floor":32,"key":"SMITH"},{"floor":41,"key":"REST"},{"data":"Infernal Blade","floor":45,"key":"SMITH"},{"data":"Double Tap","floor":49,"key":"SMITH"}],"circlet_count":0,"master_deck":["Strike_R+1","Strike_R+1","Strike_R+1","Strike_R+1","Strike_R+1","Defend_R+1","Defend_R+1","Defend_R+1","Defend_R+1","Bash","Perfected Strike+1","Infernal Blade+1","Wild Strike","Apotheosis+1","Genetic Algorithm+1","Warcry","Uppercut","Perfected Strike+1","Iron Wave","Wild Strike","Reaper","Clash","Iron Wave+1","Headbutt","Burning Pact","Reaper","Twin Strike","Metallicize+1","Sword Boomerang","Double Tap+1","Flex+1","Normality","Corruption","Ghostly Armor+1","Cleave+1","Infernal Blade+1","downfall:Icky","Normality","Cleave+1","downfall:Malfunctioning","Writhe"],"relics":["Burning Blood","Tiny Chest","Bottled Flame","MealTicket","Bronze Scales","Strawberry","Velvet Choker","Boot","Art of War","Gremlin Horn","Gambling Chip","Mercury Hourglass","Runic Cube","Molten Egg 2","downfall:ExtraCursedKey","Mummified Hand","Pen Nib","Paper Frog","Smiling Mask"],"acts_visited":["Exordium","TheCity","TheBeyond"],"potions_floor_usage":[6,18,27,31,38,38,46],"damage_taken":[{"damage":5,"enemies":"2 Louse","floor":1,"turns":4},{"damage":0,"enemies":"Small Slimes","floor":5,"turns":3},{"damage":25,"enemies":"3 Sentries","floor":6,"turns":7},{"damage":20,"enemies":"Lagavulin","floor":8,"turns":5},{"damage":8,"enemies":"Gremlin Nob","floor":12,"turns":3},{"damage":12,"enemies":"Jaw Worm","floor":14,"turns":2},{"damage":32,"enemies":"Hexaghost","floor":16,"turns":6},{"damage":11,"enemies":"2 Thieves","floor":18,"turns":2},{"damage":0,"enemies":"Chosen","floor":20,"turns":3},{"damage":9,"enemies":"Centurion and Healer","floor":22,"turns":5},{"damage":55,"enemies":"Gremlin Leader","floor":24,"turns":6},{"damage":10,"enemies":"Slavers","floor":27,"turns":4},{"damage":4,"enemies":"Cultist and Chosen","floor":28,"turns":4},{"damage":11,"enemies":"Gremlin Leader","floor":31,"turns":6},{"damage":65,"enemies":"Automaton","floor":33,"turns":9},{"damage":0,"enemies":"3 Shapes","floor":35,"turns":3},{"damage":20,"enemies":"3 Darklings","floor":38,"turns":4},{"damage":19,"enemies":"Jaw Worm Horde","floor":39,"turns":3},{"damage":48,"enemies":"Giant Head","floor":40,"turns":8},{"damage":17,"enemies":"Nemesis","floor":42,"turns":5},{"damage":40,"enemies":"4 Shapes","floor":46,"turns":3},{"damage":31,"enemies":"Transient","floor":47,"turns":5},{"damage":147,"enemies":"Time Eater","floor":50,"turns":9}],"seed_played":"-5333113486686214995","potions_obtained":[{"floor":5,"key":"GamblersBrew"},{"floor":8,"key":"Dexterity Potion"},{"floor":16,"key":"Block Potion"},{"floor":20,"key":"FairyPotion"},{"floor":28,"key":"EssenceOfSteel"},{"floor":31,"key":"EntropicBrew"},{"floor":39,"key":"AttackPotion"},{"floor":40,"key":"FearPotion"},{"floor":42,"key":"FairyPotion"}],"is_trial":false,"path_per_floor":["M","$","?","?","M","E","R","E","T","R","?","E","T","M","R","B",null,"M","T","M","?","M","R","E","R","T","E","M","?","?","E","R","B",null,"M","T","?","M","M","E","R","E","T","?","R","M","M","T","R","B"],"character_chosen":"IRONCLAD","items_purchased":["Infernal Blade","Wild Strike"],"campfire_rested":2,"item_purchase_floors":[2,2],"current_hp_per_floor":[88,88,88,74,80,61,61,47,47,47,76,81,81,75,75,49,95,90,90,95,95,92,92,46,74,74,80,87,87,87,90,90,38,95,95,95,95,91,88,56,84,87,87,87,87,80,60,60,60,0,0],"gold":711,"neow_bonus":"TEN_PERCENT_HP_BONUS","is_daily":false,"chose_seed":false,"campfire_upgraded":6,"win_rate":0.0,"timestamp":1612983981,"path_taken":["M","$","?","?","M","E","R","E","T","R","?","E","?","?","R","BOSS","M","?","M","?","M","R","E","R","T","E","M","?","?","E","R","BOSS","M","?","?","M","M","E","R","E","T","?","R","M","?","?","R","BOSS"],"items_purchased_type":["Card","Card"],"build_version":"2020-12-22","purchased_purges":0,"victory":false,"max_hp_per_floor":[88,88,88,88,88,88,88,88,88,88,88,95,95,95,95,95,95,95,95,95,95,95,95,95,95,95,95,95,95,95,95,95,95,95,95,95,95,95,95,95,95,95,95,95,95,95,95,95,95,95,95],"card_choices":[{"not_picked":["Heavy Blade","True Grit"],"picked":"Perfected Strike","floor":1},{"not_picked":["Blood for Blood","Shrug It Off"],"picked":"Warcry","floor":5},{"not_picked":["Anger","Bludgeon"],"picked":"Uppercut","floor":6},{"not_picked":["Whirlwind","Rupture"],"picked":"Perfected Strike","floor":8},{"not_picked":["Intimidate","Uppercut"],"picked":"Iron Wave","floor":12},{"not_picked":["Shrug It Off","Havoc"],"picked":"Wild Strike","floor":14},{"not_picked":["Brutality","Limit Break"],"picked":"Reaper","floor":16},{"not_picked":["Sentinel","Thunderclap"],"picked":"Clash","floor":18},{"not_picked":["Sentinel","Entrench"],"picked":"Iron Wave+1","floor":20},{"not_picked":["True Grit+1","Rupture"],"picked":"Headbutt","floor":22},{"not_picked":["Combust+1","Cleave"],"picked":"Burning Pact","floor":24},{"not_picked":["Burning Pact","Perfected Strike"],"picked":"Reaper","floor":27},{"not_picked":["Thunderclap+1","Flame Barrier"],"picked":"Twin Strike","floor":28},{"not_picked":["Reaper","Armaments+1"],"picked":"Sword Boomerang","floor":31},{"not_picked":["Corruption","Offering"],"picked":"Double Tap","floor":33},{"not_picked":["Anger+1","Reckless Charge+1"],"picked":"Flex+1","floor":35},{"not_picked":["Havoc+1","Anger+1","Body Slam+1"],"picked":"SKIP","floor":38},{"not_picked":["Seeing Red+1","Shrug It Off"],"picked":"Ghostly Armor+1","floor":39},{"not_picked":["Body Slam+1","Headbutt+1"],"picked":"Cleave+1","floor":40},{"not_picked":["Pummel+1","Clothesline+1"],"picked":"Infernal Blade","floor":42},{"not_picked":["Impervious","Rampage+1"],"picked":"Cleave+1","floor":46},{"not_picked":["Rupture","Combust+1","Thunderclap+1"],"picked":"SKIP","floor":47}],"player_experience":318984,"relics_obtained":[{"floor":6,"key":"Bottled Flame"},{"floor":8,"key":"MealTicket"},{"floor":9,"key":"Bronze Scales"},{"floor":12,"key":"Strawberry"},{"floor":19,"key":"Boot"},{"floor":24,"key":"Art of War"},{"floor":26,"key":"Gremlin Horn"},{"floor":27,"key":"Gambling Chip"},{"floor":31,"key":"Mercury Hourglass"},{"floor":36,"key":"Molten Egg 2"},{"floor":40,"key":"Mummified Hand"},{"floor":42,"key":"Pen Nib"},{"floor":43,"key":"Paper Frog"},{"floor":48,"key":"Smiling Mask"}],"event_choices":[{"damage_healed":88,"gold_gain":0,"player_choice":"Embrace","damage_taken":0,"max_hp_gain":0,"max_hp_loss":88,"event_name":"betterThird:BetterShining","floor":3,"gold_loss":0},{"damage_healed":29,"gold_gain":0,"player_choice":"Banana","damage_taken":0,"max_hp_gain":0,"max_hp_loss":0,"event_name":"Big Fish","floor":11,"gold_loss":0},{"damage_healed":0,"gold_gain":0,"player_choice":"Simplicity","damage_taken":0,"max_hp_gain":0,"max_hp_loss":9,"event_name":"betterThird:BetterWriting","floor":21,"gold_loss":0},{"damage_healed":0,"gold_gain":0,"player_choice":"Read","damage_taken":0,"max_hp_gain":0,"max_hp_loss":0,"event_name":"The Library","floor":29,"gold_loss":0,"cards_obtained":["Metallicize"]},{"damage_healed":0,"gold_gain":0,"player_choice":"Upgraded","damage_taken":0,"max_hp_gain":0,"max_hp_loss":0,"event_name":"Upgrade Shrine","floor":30,"gold_loss":0,"cards_upgraded":["Metallicize"]},{"damage_healed":0,"gold_gain":0,"player_choice":"Ignored","damage_taken":0,"max_hp_gain":0,"max_hp_loss":0,"event_name":"Mysterious Sphere","floor":44,"gold_loss":0}],"is_beta":false,"boss_relics":[{"not_picked":["Sozu","Ectoplasm"],"picked":"Velvet Choker"},{"not_picked":["Runic Pyramid","Coffee Dripper"],"picked":"Runic Cube"}],"items_purged_floors":[],"is_endless":false,"potions_floor_spawned":[5,8,16,20,28,31,39,40,42],"killed_by":"Time Eater","ascension_level":2}}