{"host":"8is2j71l4wmybkoi","time":1612968301,"event":{"mods":["AchievementEnabler","BaseMod","Colored Map","Minty Spire (QoL Compilation)","Rare Cards Sparkle","StSLib","SuperFastMode"],"gold_per_floor":[119,119,132,132,7,7,27,27,27,37,64,77,92,123,123,202,202,218,229,42,58,75,75,88,99,99,99,111,111,143,143,143,217,217,229,229,179,179,194,194,194],"floor_reached":40,"language":"KOR","playtime":1533,"items_purged":["Strike_R","Strike_R"],"score":779,"play_id":"cbf0e8f1-112b-454f-9e5b-754660af8c22","local_time":"20210210234501","is_ascension_mode":true,"campfire_choices":[{"data":"Clothesline","floor":6,"key":"SMITH"},{"data":"Thunderclap","floor":8,"key":"SMITH"},{"data":"Disarm","floor":15,"key":"SMITH"},{"floor":23,"key":"REST"},{"floor":27,"key":"REST"},{"floor":29,"key":"REST"},{"data":"Shockwave","floor":32,"key":"SMITH"}],"circlet_count":0,"master_deck":["AscendersBane","Strike_R","Defend_R","Defend_R","Defend_R","Defend_R","Bash+1","Sword Boomerang","Clothesline+1","Thunderclap+1","Spot Weakness","Disarm+1","Impervious","Shockwave+1","Impervious","Second Wind","Heavy Blade+1","Demon Form","Uppercut","Reaper","Chrysalis"],"relics":["Burning Blood","Vajra","Oddly Smooth Stone","Boot","Snecko Eye","DollysMirror","Turnip","Smiling Mask","Fusion Hammer"],"acts_visited":["Exordium","TheCity","TheBeyond"],"potions_floor_usage":[11,14,16,19,22,28,40,40],"damage_taken":[{"damage":9,"enemies":"2 Louse","floor":1,"turns":3},{"damage":0,"enemies":"Cultist","floor":3,"turns":3},{"damage":0,"enemies":"Small Slimes","floor":7,"turns":3},{"damage":16,"enemies":"Exordium Wildlife","floor":10,"turns":3},{"damage":25,"enemies":"3 Sentries","floor":11,"turns":5},{"damage":10,"enemies":"3 Louse","floor":12,"turns":3},{"damage":2,"enemies":"Looter","floor":13,"turns":3},{"damage":24,"enemies":"Lagavulin","floor":14,"turns":4},{"damage":12,"enemies":"The Guardian","floor":16,"turns":11},{"damage":6,"enemies":"Shell Parasite","floor":18,"turns":3},{"damage":26,"enemies":"Spheric Guardian","floor":19,"turns":6},{"damage":5,"enemies":"Centurion and Healer","floor":21,"turns":4},{"damage":34,"enemies":"Cultist and Chosen","floor":22,"turns":6},{"damage":24,"enemies":"Snecko","floor":24,"turns":6},{"damage":0,"enemies":"Sentry and Sphere","floor":25,"turns":4},{"damage":21,"enemies":"Shelled Parasite and Fungi","floor":28,"turns":4},{"damage":9,"enemies":"Gremlin Leader","floor":30,"turns":5},{"damage":12,"enemies":"Champ","floor":33,"turns":8},{"damage":0,"enemies":"3 Shapes","floor":35,"turns":3},{"damage":27,"enemies":"3 Darklings","floor":39,"turns":6},{"damage":60,"enemies":"Reptomancer","floor":40,"turns":2}],"seed_played":"2249589981889029958","potions_obtained":[{"floor":7,"key":"SkillPotion"},{"floor":10,"key":"Strength Potion"},{"floor":12,"key":"ColorlessPotion"},{"floor":13,"key":"Strength Potion"},{"floor":16,"key":"Swift Potion"},{"floor":18,"key":"PowerPotion"},{"floor":25,"key":"Ancient Potion"},{"floor":28,"key":"FearPotion"},{"floor":33,"key":"CultistPotion"}],"is_trial":false,"path_per_floor":["M","?","M","$","$","R","M","R","T","M","E","M","M","E","R","B",null,"M","M","$","M","M","R","M","M","T","R","M","R","E","?","R","B",null,"M","?","$","?","M","E"],"character_chosen":"IRONCLAD","items_purchased":["Explosive Potion","Shockwave","DollysMirror"],"campfire_rested":3,"item_purchase_floors":[5,20,20],"current_hp_per_floor":[65,65,68,68,68,68,68,68,68,58,39,35,39,21,21,15,55,55,35,35,36,8,28,10,16,16,36,21,41,38,38,38,32,59,68,65,65,55,53,0,0],"gold":194,"neow_bonus":"REMOVE_TWO","is_daily":false,"chose_seed":false,"campfire_upgraded":4,"win_rate":0.0,"timestamp":1612968301,"path_taken":["M","?","M","?","$","R","?","R","T","M","E","M","M","E","R","BOSS","M","?","$","M","M","R","M","M","T","R","M","R","E","?","R","BOSS","M","?","$","?","M","E"],"items_purchased_type":["Potion","Card","Relic"],"build_version":"2020-12-22","purchased_purges":2,"victory":false,"max_hp_per_floor":[68,68,68,68,68,68,68,68,68,68,68,68,68,68,68,68,68,68,68,68,68,68,68,68,68,68,68,68,68,68,68,68,68,68,68,65,65,65,65,65,65],"card_choices":[{"not_picked":["Twin Strike","Warcry"],"picked":"Sword Boomerang","floor":1},{"not_picked":["Thunderclap","Body Slam"],"picked":"Clothesline","floor":3},{"not_picked":["Warcry","Cleave"],"picked":"Thunderclap","floor":7},{"not_picked":["Carnage","Entrench","Warcry"],"picked":"SKIP","floor":10},{"not_picked":["Perfected Strike","True Grit","Havoc"],"picked":"SKIP","floor":11},{"not_picked":["Carnage","Thunderclap","Searing Blow"],"picked":"SKIP","floor":12},{"not_picked":["Combust","Rampage"],"picked":"Spot Weakness","floor":13},{"not_picked":["Power Through","Clash"],"picked":"Disarm","floor":14},{"not_picked":["Brutality","Juggernaut"],"picked":"Impervious","floor":16},{"not_picked":["Havoc","Ghostly Armor","Anger"],"picked":"SKIP","floor":18},{"not_picked":["Infernal Blade","True Grit","Metallicize"],"picked":"SKIP","floor":19},{"not_picked":["Clash","Sword Boomerang","True Grit"],"picked":"SKIP","floor":21},{"not_picked":["Wild Strike","Bloodletting"],"picked":"Second Wind","floor":22},{"not_picked":["Spot Weakness","Bloodletting"],"picked":"Heavy Blade+1","floor":24},{"not_picked":["Shockwave","Hemokinesis"],"picked":"Demon Form","floor":25},{"not_picked":["Spot Weakness","Second Wind","Twin Strike"],"picked":"SKIP","floor":28},{"not_picked":["Heavy Blade","Brutality"],"picked":"Uppercut","floor":30},{"not_picked":["Bludgeon","Barricade"],"picked":"Reaper","floor":33},{"not_picked":["Pummel+1","Twin Strike+1","Pommel Strike"],"picked":"SKIP","floor":35},{"not_picked":["Dark Shackles","Discovery"],"picked":"Chrysalis","floor":38},{"not_picked":["Rampage","Sever Soul","Hemokinesis"],"picked":"SKIP","floor":39}],"player_experience":1115958,"relics_obtained":[{"floor":9,"key":"Vajra"},{"floor":11,"key":"Oddly Smooth Stone"},{"floor":14,"key":"Boot"},{"floor":26,"key":"Turnip"},{"floor":30,"key":"Smiling Mask"}],"event_choices":[{"damage_healed":0,"gold_gain":0,"player_choice":"Upgraded","damage_taken":0,"max_hp_gain":0,"max_hp_loss":0,"event_name":"Upgrade Shrine","floor":2,"gold_loss":0,"cards_upgraded":["Bash"]},{"damage_healed":0,"gold_gain":0,"player_choice":"Ignored","damage_taken":0,"max_hp_gain":0,"max_hp_loss":0,"event_name":"The Mausoleum","floor":31,"gold_loss":0},{"damage_healed":0,"gold_gain":0,"player_choice":"Max HP","damage_taken":0,"max_hp_gain":0,"max_hp_loss":3,"event_name":"Winding Halls","floor":36,"gold_loss":0},{"damage_healed":0,"gold_gain":0,"player_choice":"Memory 3","damage_taken":10,"max_hp_gain":0,"max_hp_loss":0,"event_name":"SensoryStone","floor":38,"gold_loss":0}],"is_beta":false,"boss_relics":[{"not_picked":["Black Star","Empty Cage"],"picked":"Snecko Eye"},{"not_picked":["Philosopher\u0027s Stone","Mark of Pain"],"picked":"Fusion Hammer"}],"items_purged_floors":[5,37],"is_endless":false,"potions_floor_spawned":[7,10,12,13,16,18,25,28,33,39],"killed_by":"Reptomancer","ascension_level":15}}