{"host":"ky7z67tg8zpdk0g7","time":1612969314,"event":{"mods":["BaseMod","CapriCore","Energized Spire","Halation","Hubris","Minty Spire (QoL Compilation)","Replay The Spire","StSLib","The Construct"],"gold_per_floor":[17,36,36,53,73,38,50,78,103,103,130,150,167,179,179,280,280,296,296,310,310,235,235,262,262,288,288,313,161,161,174,174,271,271,287,287,154,154,174,174,190,190,490,211,211,211,231,246,246,246],"floor_reached":51,"language":"RUS","playtime":2357,"items_purged":["construct:Strike_Gold","construct:Defend_Gold","construct:Strike_Gold"],"score":787,"play_id":"1d3e625c-ceae-4676-af9a-201e52052b93","local_time":"20210210220154","is_ascension_mode":false,"campfire_choices":[{"data":"construct:AttackMode","floor":10,"key":"SMITH"},{"data":"construct:MetalShell","floor":15,"key":"SMITH"},{"data":"construct:MemoryTap","floor":23,"key":"SMITH"},{"data":"construct:MemoryTap+1","floor":25,"key":"SMITH"},{"data":"construct:MetalShell+1","floor":30,"key":"SMITH"},{"data":"construct:FlakBarrage+1","floor":40,"key":"SMITH"},{"data":"construct:SiegeForm","floor":42,"key":"SMITH"},{"data":"construct:Overcharge","floor":46,"key":"SMITH"},{"floor":49,"key":"REST"}],"circlet_count":0,"master_deck":["construct:Strike_Gold","construct:Strike_Gold","construct:Strike_Gold","construct:Defend_Gold","construct:Defend_Gold","construct:Defend_Gold","construct:Defend_Gold","construct:AttackMode+1","construct:DefenseMode","construct:ScopeCore","construct:Backfire","construct:Accumulate","construct:MetalShell+2","construct:CriticalHit","construct:MemoryTap+2","construct:FlakBarrage+2","construct:FierceBash","construct:ClusterMines","construct:SiegeForm+1","construct:Overcharge+1","construct:MemoryTap+2","construct:ShiftStrike+1","construct:OilSpill","construct:Missile+1","construct:Disrupt+1"],"relics":["construct:ClockworkPhoenix","Du-Vu Doll","hubris:ToyBattleship","hubris:Spice","Ring of Misfortune","hubris:TenFootPole","MutagenicStrength","Potion Belt","ChewingGum","Old Coin","halation:EternalFortune"],"acts_visited":["Exordium","TheCity","TheBeyond"],"potions_floor_usage":[8,8,18,28,28,50,50,50,50,50],"damage_taken":[{"damage":1,"enemies":"Cultist","floor":1,"turns":3},{"damage":1,"enemies":"Jaw Worm","floor":2,"turns":4},{"damage":0,"enemies":"Small Slimes","floor":4,"turns":2},{"damage":10,"enemies":"Looter","floor":5,"turns":2},{"damage":8,"enemies":"Red Slaver","floor":7,"turns":3},{"damage":31,"enemies":"3 Sentries","floor":8,"turns":5},{"damage":5,"enemies":"2 Fungi Beasts","floor":12,"turns":3},{"damage":0,"enemies":"Blue Slaver","floor":13,"turns":3},{"damage":9,"enemies":"Gremlin Gang","floor":14,"turns":5},{"damage":0,"enemies":"Fading Forest","floor":16,"turns":11},{"damage":8,"enemies":"Spheric Guardian","floor":18,"turns":3},{"damage":4,"enemies":"Chosen","floor":20,"turns":3},{"damage":3,"enemies":"Gremlin Leader","floor":24,"turns":4},{"damage":38,"enemies":"Slavers","floor":28,"turns":5},{"damage":0,"enemies":"Snecko","floor":31,"turns":1},{"damage":28,"enemies":"hubris:MusketHawk","floor":33,"turns":5},{"damage":15,"enemies":"3 Shapes","floor":35,"turns":3},{"damage":3,"enemies":"3 Darklings","floor":39,"turns":3},{"damage":18,"enemies":"4 Shapes","floor":41,"turns":2},{"damage":0,"enemies":"Transient","floor":47,"turns":5},{"damage":20,"enemies":"3 Darklings","floor":48,"turns":4},{"damage":22,"enemies":"Donu and Deca","floor":50,"turns":5}],"seed_played":"-3172077144142214362","potions_obtained":[{"floor":1,"key":"SkillPotion"},{"floor":4,"key":"Explosive Potion"},{"floor":7,"key":"Energy Potion"},{"floor":8,"key":"AttackPotion"},{"floor":14,"key":"ColorlessPotion"},{"floor":28,"key":"ColorlessPotion"},{"floor":31,"key":"SkillPotion"},{"floor":41,"key":"SpeedPotion"}],"is_trial":false,"path_per_floor":["M","M","?","M","M","?","M","E","T","R","T","M","M","M","R","B",null,"M","?","M","?","$","R","E","R","T","?","E","$","R","M","R","B",null,"M","?","$","?","M","R","M","R","T","$","?","R","M","M","R","B",null],"character_chosen":"THE_CONSTRUCT_MOD","items_purchased":["SkillPotion","construct:Overcharge","Adrenaline Potion","construct:OilSpill","LiquidMemories"],"campfire_rested":1,"item_purchase_floors":[29,37,37,44,44],"current_hp_per_floor":[84,83,50,50,40,61,53,30,38,38,38,33,33,24,24,34,77,69,69,65,65,65,65,62,62,62,62,24,24,24,24,47,19,77,62,62,62,62,59,59,45,45,45,45,48,48,48,28,53,31],"gold":246,"neow_bonus":"ONE_RARE_RELIC","is_daily":false,"chose_seed":false,"campfire_upgraded":8,"win_rate":0.0,"timestamp":1612969314,"path_taken":["M","M","?","M","M","?","M","E","T","R","?","M","M","M","R","BOSS","M","?","?","?","$","R","E","R","T","?","E","$","R","M","R","BOSS","M","?","$","?","?","R","M","R","T","$","?","R","M","M","R","BOSS"],"items_purchased_type":["Potion","Card","Potion","Card","Potion"],"build_version":"2020-12-22","purchased_purges":3,"victory":true,"max_hp_per_floor":[85,85,85,85,85,85,85,93,101,101,93,93,93,85,85,85,77,77,77,77,77,77,77,77,77,77,77,77,77,77,77,77,77,77,77,77,77,77,77,77,81,81,81,81,84,84,84,84,84,84],"card_choices":[{"not_picked":["construct:ForceCore","construct:CripplingShot","construct:HeavyBolt"],"picked":"SKIP","floor":1},{"not_picked":["construct:FocusedBeam","construct:HardReboot"],"picked":"construct:ScopeCore","floor":2},{"not_picked":["construct:Versatility","construct:Reinforce"],"picked":"construct:Backfire","floor":4},{"not_picked":["construct:Anticipate","construct:FlameCore"],"picked":"construct:Accumulate","floor":5},{"not_picked":["construct:Boost","construct:SyphonStrike","construct:SaveState"],"picked":"SKIP","floor":7},{"not_picked":["construct:ClusterMines","construct:OilSpill"],"picked":"construct:MetalShell","floor":8},{"not_picked":["construct:FlammableFog","construct:Forcefield"],"picked":"construct:CriticalHit","floor":12},{"not_picked":["construct:PhosphorStorm","hubris:SpiceAddiction","construct:CripplingShot"],"picked":"SKIP","floor":13},{"not_picked":["construct:Accumulate","construct:OilSpill"],"picked":"hubris:SpiceAddiction","floor":14},{"not_picked":["hubris:SpiceAddiction","construct:ClockworkEgg"],"picked":"construct:MemoryTap","floor":16},{"not_picked":["construct:FocusedBeam","construct:Backfire"],"picked":"construct:FlakBarrage","floor":18},{"not_picked":["construct:Anticipate","construct:FocusedBeam","construct:Forcefield"],"picked":"SKIP","floor":20},{"not_picked":["construct:Zapper","construct:PhosphorStorm","construct:PanicFire"],"picked":"SKIP","floor":24},{"not_picked":["hubris:SpiceAddiction","construct:Dampening","construct:ElectricArmor"],"picked":"SKIP","floor":28},{"not_picked":["hubris:SpiceAddiction","hubris:SpiceAddiction"],"picked":"construct:ClusterMines","floor":31},{"not_picked":["construct:Bunker","construct:HastyRepair"],"picked":"construct:SiegeForm","floor":33},{"not_picked":["construct:ClusterMines+1","construct:LaserCore","construct:Analyze+1"],"picked":"SKIP","floor":35},{"not_picked":["hubris:SpiceAddiction","construct:Chainstrike","construct:FierceBash"],"picked":"SKIP","floor":39},{"not_picked":["hubris:SpiceAddiction","hubris:SpiceAddiction"],"picked":"construct:ShiftStrike+1","floor":41},{"not_picked":["hubris:SpiceAddiction","hubris:SpiceAddiction"],"picked":"construct:Missile+1","floor":47},{"not_picked":["construct:Accumulate","construct:Stasis+1"],"picked":"construct:Disrupt+1","floor":48}],"player_experience":71361,"relics_obtained":[{"floor":8,"key":"hubris:Spice"},{"floor":9,"key":"hubris:Spice"},{"floor":11,"key":"hubris:Spice"},{"floor":21,"key":"Ring of Misfortune"},{"floor":26,"key":"hubris:TenFootPole"},{"floor":28,"key":"Potion Belt"},{"floor":43,"key":"Old Coin"}],"event_choices":[{"damage_healed":0,"gold_gain":0,"player_choice":"Success","damage_taken":33,"relics_obtained":["hubris:ToyBattleship"],"max_hp_gain":0,"max_hp_loss":0,"event_name":"Scrap Ooze","floor":3,"gold_loss":0},{"damage_healed":21,"gold_gain":0,"player_choice":"Healed","damage_taken":0,"max_hp_gain":0,"max_hp_loss":0,"event_name":"The Cleric","floor":6,"gold_loss":35},{"damage_healed":0,"gold_gain":0,"player_choice":"Read","damage_taken":0,"max_hp_gain":0,"max_hp_loss":0,"event_name":"The Library","floor":19,"gold_loss":0,"cards_obtained":["construct:FierceBash"]},{"damage_healed":0,"gold_gain":0,"player_choice":"Inject Mutagens","damage_taken":0,"relics_obtained":["MutagenicStrength"],"max_hp_gain":0,"max_hp_loss":0,"event_name":"Drug Dealer","floor":27,"gold_loss":0},{"damage_healed":0,"gold_gain":0,"player_choice":"Memory 1","damage_taken":0,"max_hp_gain":0,"max_hp_loss":0,"event_name":"SensoryStone","floor":36,"gold_loss":0},{"damage_healed":0,"gold_gain":0,"player_choice":"Copied","damage_taken":0,"max_hp_gain":0,"max_hp_loss":0,"event_name":"Duplicator","floor":38,"gold_loss":0,"cards_obtained":["construct:MemoryTap"]}],"is_beta":false,"boss_relics":[{"not_picked":["hubris:Spice","hubris:Spice"],"picked":"hubris:Spice"},{"not_picked":["hubris:Spice","hubris:Spice"],"picked":"ChewingGum"}],"items_purged_floors":[22,29,44],"is_endless":false,"potions_floor_spawned":[1,4,7,8,14,28,31,41,47],"ascension_level":0}}