{"host":"ew66i0vuc7r9fnl7","time":1612939143,"event":{"mods":["Act Like it!","Arknights","BaseMod","DeckTracker","Koishi","Minty Spire (QoL Compilation)","StSLib"],"gold_per_floor":[116,116,131,131,147,147,180,180,207,157,172,187,187,214,214,214,214],"floor_reached":16,"language":"KOR","playtime":496,"items_purged":["ats:Strike C"],"score":100,"play_id":"0b709db4-57f5-40b0-8ccf-e11ce38a39f5","local_time":"20210210153903","is_ascension_mode":false,"campfire_choices":[{"data":"ats:Sword Rain","floor":6,"key":"SMITH"},{"data":"ats:Assault Order","floor":8,"key":"SMITH"},{"data":"ats:Emotion Absorption","floor":15,"key":"SMITH"}],"circlet_count":0,"master_deck":["ats:Strike G","ats:Strike S","ats:Armor Crushing Shot","ats:Defend","ats:Defend","ats:Defend","ats:Defend","ats:Emotion Absorption+1","ats:Explosion Area Strengthen","ats:Sword Rain+1","ats:Assault Order+1","ats:Shell Defense","ats:Hook Shot"],"relics":["ats:Sanity","NeowsBlessing","ats:Originium","Smiling Mask","Boot","Golden Idol","ats:Spiritual Recovery"],"acts_visited":["Exordium"],"potions_floor_usage":[11,11],"damage_taken":[{"damage":0,"enemies":"Jaw Worm","floor":1,"turns":1},{"damage":0,"enemies":"2 Louse","floor":3,"turns":2},{"damage":0,"enemies":"ats:Genji","floor":5,"turns":1},{"damage":36,"enemies":"Gremlin Nob","floor":7,"turns":5},{"damage":7,"enemies":"Large Slime","floor":11,"turns":7},{"damage":6,"enemies":"Exordium Wildlife","floor":12,"turns":3},{"damage":21,"enemies":"Hexaghost","floor":16,"turns":9}],"seed_played":"-3057174715071182304","potions_obtained":[{"floor":1,"key":"Fruit Juice"},{"floor":7,"key":"Explosive Potion"}],"is_trial":false,"path_per_floor":["M","?","M","?","M","R","E","R","T","$","M","M","?","T","R","B"],"character_chosen":"DOCTOR_CLASS","items_purchased":[],"campfire_rested":0,"item_purchase_floors":[],"current_hp_per_floor":[72,72,72,77,77,77,41,41,41,41,39,33,13,13,13,1,1],"gold":214,"neow_bonus":"THREE_ENEMY_KILL","is_daily":false,"chose_seed":false,"campfire_upgraded":3,"win_rate":0.0,"timestamp":1612939143,"path_taken":["M","?","M","?","M","R","E","R","T","?","M","?","?","?","R","BOSS"],"items_purchased_type":[],"build_version":"2020-12-22","purchased_purges":1,"victory":false,"max_hp_per_floor":[72,72,72,77,77,77,77,77,77,77,82,82,82,82,82,82,82],"card_choices":[{"not_picked":["ats:Sunburst","ats:Composite Medical Shells","ats:LN2 Cannon"],"picked":"SKIP","floor":1},{"not_picked":["ats:Directed Diagnosis","ats:Hammer On"],"picked":"ats:Sword Rain","floor":3},{"not_picked":["ats:Consecutive Shot Auto","ats:Guard Mode"],"picked":"ats:Assault Order","floor":5},{"not_picked":["ats:Demon Strength","ats:Blood Oath"],"picked":"ats:Shell Defense","floor":7},{"not_picked":["ats:Consecutive Shot Auto","ats:Healing Drone","ats:Very Hot Blade"],"picked":"SKIP","floor":11},{"not_picked":["ats:Very Hot Blade","ats:Hammer On"],"picked":"ats:Hook Shot","floor":12}],"player_experience":641553,"relics_obtained":[{"floor":7,"key":"ats:Originium"},{"floor":7,"key":"Smiling Mask"},{"floor":9,"key":"Boot"},{"floor":14,"key":"ats:Spiritual Recovery"}],"event_choices":[{"damage_healed":0,"gold_gain":0,"cards_transformed":["ats:Strike V"],"player_choice":"Change","damage_taken":0,"max_hp_gain":0,"max_hp_loss":0,"event_name":"Living Wall","floor":2,"gold_loss":0,"cards_obtained":["ats:Explosion Area Strengthen"]},{"damage_healed":0,"gold_gain":0,"player_choice":"Donut","damage_taken":0,"max_hp_gain":5,"max_hp_loss":0,"event_name":"Big Fish","floor":4,"gold_loss":0},{"damage_healed":0,"gold_gain":0,"player_choice":"Take Damage","damage_taken":20,"relics_obtained":["Golden Idol"],"max_hp_gain":0,"max_hp_loss":0,"event_name":"Golden Idol","floor":13,"gold_loss":0}],"is_beta":false,"boss_relics":[],"items_purged_floors":[10],"is_endless":false,"potions_floor_spawned":[1,7],"killed_by":"Hexaghost","ascension_level":0}}