{"host":"ujyomg7d1f18u2we","time":1612926160,"event":{"mods":["AchievementEnabler","AlwaysNeverKeys","Aspiration","BaseMod","Colored Map","DeckTracker","Gremlin Skip","Highlight Path","Hubris","Minty Spire (QoL Compilation)","Quick Restart","Random Character Button","StSLib"],"gold_per_floor":[115,130,80,180,200,232,251,251,251,251,278,278,278,295,295,398,398,414,429,248,264,264,264,290,290,315,315,330,330,203,222,222,318,368,385,322,322,116,134,134,21,21,21,36,71,89,139,154,154,154],"floor_reached":51,"language":"ENG","playtime":1246,"items_purged":["Strike_R","Demon Form","Feed"],"score":705,"play_id":"3ae11ae3-cfe8-4293-a770-09df7263ce82","local_time":"20210210000240","is_ascension_mode":false,"campfire_choices":[{"data":"Armaments","floor":8,"key":"SMITH"},{"floor":10,"key":"REST"},{"data":"Rampage","floor":15,"key":"SMITH"},{"floor":23,"key":"REST"},{"floor":27,"key":"REST"},{"data":"Rampage","floor":29,"key":"SMITH"},{"data":"Bash","floor":32,"key":"SMITH"},{"data":"Berserk","floor":40,"key":"SMITH"},{"data":"Barricade","floor":49,"key":"SMITH"}],"circlet_count":0,"master_deck":["Defend_R","Defend_R","Defend_R","Defend_R","Bash+1","Headbutt","Rampage+1","Armaments+1","Immolate+1","Rampage+1","hubris:DuctTapeCard","Shrug It Off","Barricade+1","hubris:ReadiedAction+1","Metallicize+1"],"relics":["Burning Blood","aspiration:Nostalgia","PureWater","aspiration:SeaSaltIceCream","hubris:Backtick","Membership Card","Mummified Hand","Orichalcum","Darkstone Periapt","Empty Cage","hubris:GlazedTorus","aspiration:Stabinomicon","Bronze Scales","Ancient Tea Set","Tiny House","hubris:EmptyBottle","hubris:SphereOfDissonance","Potion Belt","hubris:Towel","hubris:DuctTape","Meat on the Bone","CaptainsWheel"],"acts_visited":["Exordium","TheCity","TheBeyond"],"potions_floor_usage":[16,21,31,33,35,35,39,39,44,45,45,45,46,47,50,50,50,50,50,50],"damage_taken":[{"damage":3,"enemies":"2 Louse","floor":1,"turns":4},{"damage":0,"enemies":"Small Slimes","floor":2,"turns":3},{"damage":1,"enemies":"Cultist","floor":5,"turns":3},{"damage":29,"enemies":"3 Sentries","floor":6,"turns":8},{"damage":5,"enemies":"Looter","floor":7,"turns":2},{"damage":20,"enemies":"Lagavulin","floor":11,"turns":7},{"damage":0,"enemies":"3 Louse","floor":14,"turns":2},{"damage":45,"enemies":"Hexaghost","floor":16,"turns":8},{"damage":14,"enemies":"Shell Parasite","floor":18,"turns":5},{"damage":14,"enemies":"Spheric Guardian","floor":19,"turns":4},{"damage":45,"enemies":"Snake Plant","floor":21,"turns":5},{"damage":39,"enemies":"Book of Stabbing","floor":24,"turns":5},{"damage":14,"enemies":"Snecko","floor":28,"turns":4},{"damage":12,"enemies":"Shelled Parasite and Fungi","floor":31,"turns":3},{"damage":64,"enemies":"hubris:MusketHawk","floor":33,"turns":7},{"damage":18,"enemies":"Orb Walker","floor":35,"turns":3},{"damage":21,"enemies":"3 Shapes","floor":39,"turns":4},{"damage":12,"enemies":"3 Darklings","floor":44,"turns":3},{"damage":1,"enemies":"Reptomancer","floor":45,"turns":5},{"damage":0,"enemies":"Jaw Worm Horde","floor":46,"turns":3},{"damage":0,"enemies":"Mind Bloom Boss Battle","floor":47,"turns":4},{"damage":11,"enemies":"Spire Growth","floor":48,"turns":4},{"damage":74,"enemies":"Donu and Deca","floor":50,"turns":9}],"seed_played":"7169629089610676596","potions_obtained":[{"floor":5,"key":"CultistPotion"},{"floor":6,"key":"Regen Potion"},{"floor":11,"key":"Strength Potion"},{"floor":19,"key":"Fire Potion"},{"floor":21,"key":"Explosive Potion"},{"floor":34,"key":"EntropicBrew"},{"floor":44,"key":"Swift Potion"},{"floor":46,"key":"Explosive Potion"},{"floor":47,"key":"LiquidBronze"}],"is_trial":false,"path_per_floor":["M","M","?","?","M","E","M","R","T","R","E","$","?","M","R","B",null,"M","M","$","M","?","R","E","?","T","R","M","R","$","M","R","B",null,"M","$","?","$","M","R","$","?","T","M","E","M","?","M","R","B",null],"character_chosen":"IRONCLAD","items_purchased":["hubris:GlazedTorus","Ancient Tea Set","hubris:EmptyBottle","hubris:SphereOfDissonance","Potion Belt","DistilledChaos"],"campfire_rested":3,"item_purchase_floors":[20,30,38,38,41,41],"current_hp_per_floor":[80,80,80,80,80,57,61,61,61,83,69,69,66,72,72,33,83,78,70,70,40,40,65,32,60,60,85,77,77,77,71,71,13,91,82,82,82,82,94,94,94,94,94,88,93,94,94,89,89,33],"gold":154,"neow_bonus":"NOSTALGIA","is_daily":false,"chose_seed":false,"campfire_upgraded":6,"win_rate":0.0,"timestamp":1612926160,"path_taken":["M","M","?","?","M","E","?","R","T","R","E","$","?","M","R","BOSS","M","M","$","M","?","R","E","?","T","R","M","R","$","?","R","BOSS","M","?","?","$","?","R","$","?","T","M","E","M","?","M","R","BOSS"],"items_purchased_type":["Relic","Relic","Relic","Relic","Relic","Potion"],"build_version":"2020-12-22","purchased_purges":3,"victory":true,"max_hp_per_floor":[80,80,80,80,80,80,83,83,83,83,83,83,83,83,83,83,83,86,86,86,86,86,86,86,86,86,86,86,86,86,86,86,86,91,94,94,94,94,94,94,94,94,94,94,94,94,94,94,94,94],"card_choices":[{"not_picked":["True Grit","Power Through","Havoc"],"picked":"SKIP","floor":1},{"not_picked":["Warcry","Flex"],"picked":"Headbutt","floor":2},{"not_picked":["Body Slam","Clash"],"picked":"Rampage","floor":5},{"not_picked":["Thunderclap","Sword Boomerang"],"picked":"Feed","floor":6},{"not_picked":["Body Slam","Cleave"],"picked":"Armaments","floor":7},{"not_picked":["Thunderclap","Headbutt"],"picked":"Immolate","floor":11},{"not_picked":["Armaments","hubris:ReadiedAction"],"picked":"Rampage","floor":14},{"not_picked":["hubris:StunningStrike","Bludgeon"],"picked":"Demon Form","floor":16},{"not_picked":["Shrug It Off","Havoc+1","Wild Strike"],"picked":"SKIP","floor":18},{"not_picked":["Warcry+1","Perfected Strike","Armaments"],"picked":"SKIP","floor":19},{"not_picked":["Rupture","Cleave","Inflame"],"picked":"SKIP","floor":21},{"not_picked":["Shrug It Off","Whirlwind","Twin Strike"],"picked":"SKIP","floor":24},{"not_picked":["Warcry","Headbutt","Inflame"],"picked":"SKIP","floor":28},{"not_picked":["Flex+1","Iron Wave+1"],"picked":"Metallicize+1","floor":31},{"not_picked":["Reaper","Demon Form"],"picked":"Berserk","floor":33},{"not_picked":["Havoc","Flex","Headbutt+1"],"picked":"SKIP","floor":35},{"not_picked":["Perfected Strike+1","Sword Boomerang+1","Heavy Blade"],"picked":"SKIP","floor":39},{"not_picked":["Thunderclap","Warcry"],"picked":"Shrug It Off","floor":44},{"not_picked":["Pummel+1","Pommel Strike+1","Heavy Blade"],"picked":"SKIP","floor":45},{"not_picked":["Perfected Strike+1","Dropkick"],"picked":"Barricade","floor":46},{"not_picked":["Clothesline+1","Intimidate"],"picked":"hubris:ReadiedAction+1","floor":47},{"not_picked":["True Grit","Infernal Blade"],"picked":"Metallicize+1","floor":48}],"player_experience":1577009,"relics_obtained":[{"floor":6,"key":"aspiration:SeaSaltIceCream"},{"floor":9,"key":"Mummified Hand"},{"floor":11,"key":"Orichalcum"},{"floor":24,"key":"aspiration:Stabinomicon"},{"floor":26,"key":"Bronze Scales"},{"floor":43,"key":"hubris:DuctTape"},{"floor":45,"key":"Meat on the Bone"},{"floor":47,"key":"CaptainsWheel"}],"event_choices":[{"cards_removed":["Strike_R"],"damage_healed":0,"gold_gain":0,"player_choice":"Card Removal","damage_taken":0,"max_hp_gain":0,"max_hp_loss":0,"event_name":"The Cleric","floor":3,"gold_loss":50},{"damage_healed":0,"gold_gain":100,"player_choice":"Pray","damage_taken":0,"max_hp_gain":0,"max_hp_loss":0,"event_name":"Golden Shrine","floor":4,"gold_loss":0},{"damage_healed":0,"gold_gain":0,"player_choice":"Success","damage_taken":3,"relics_obtained":["Darkstone Periapt"],"max_hp_gain":0,"max_hp_loss":0,"event_name":"Scrap Ooze","floor":13,"gold_loss":0},{"cards_removed":["Strike_R"],"damage_healed":0,"gold_gain":0,"player_choice":"Elegance","damage_taken":0,"max_hp_gain":0,"max_hp_loss":0,"event_name":"Back to Basics","floor":22,"gold_loss":0},{"damage_healed":28,"gold_gain":0,"player_choice":"Heal","damage_taken":0,"max_hp_gain":0,"max_hp_loss":0,"event_name":"The Library","floor":25,"gold_loss":0},{"damage_healed":0,"gold_gain":0,"player_choice":"Memory 1","damage_taken":0,"max_hp_gain":0,"max_hp_loss":0,"event_name":"SensoryStone","floor":37,"gold_loss":0},{"damage_healed":0,"gold_gain":0,"player_choice":"Fight","damage_taken":0,"max_hp_gain":0,"max_hp_loss":0,"event_name":"MindBloom","floor":47,"gold_loss":0}],"is_beta":false,"boss_relics":[{"not_picked":["Sozu","hubris:CrackedHourglass"],"picked":"Empty Cage"},{"not_picked":["Coffee Dripper","aspiration:SecretTechniqueScroll"],"picked":"Tiny House"}],"items_purged_floors":[20,30,36],"is_endless":false,"potions_floor_spawned":[5,6,11,19,21,24,44,46,47],"ascension_level":0}}