{"host":"8eqe2o2g03nh9rfw","time":1612993277,"event":{"mods":["AchievementEnabler","AlwaysNeverKeys","BaseMod","Better Third Choice","Block Reminder","Colored Map","Colored Powertips","GifTheSpireLib","Minty Spire (QoL Compilation)","Permanent Neow","Quick Restart","StSLib","Weighted Paths"],"gold_per_floor":[111,111,211,222,233,266,296,322,345,373,373,392,392,6,6,104,104,124,143,154,154,9,9,37,50,50,69,69,69,69,84,84,180,180,193,206,206,224,236,265,265,285,285,81,101,101,17,27,27,27],"floor_reached":51,"language":"ENG","playtime":3481,"items_purged":["Defend_R"],"score":744,"play_id":"4d056391-9099-430d-888a-43f589cabe01","local_time":"20210210164117","is_ascension_mode":false,"campfire_choices":[{"floor":11,"key":"REST"},{"floor":13,"key":"REST"},{"floor":15,"key":"REST"},{"data":"After Image","floor":23,"key":"SMITH"},{"floor":28,"key":"REST"},{"floor":30,"key":"REST"},{"data":"Infernal Blade","floor":32,"key":"SMITH"},{"data":"Infernal Blade","floor":41,"key":"SMITH"},{"data":"Juggernaut","floor":46,"key":"SMITH"},{"data":"Anger","floor":49,"key":"SMITH"}],"circlet_count":0,"master_deck":["Strike_R","Strike_R","Strike_R","Strike_R","Defend_R","Defend_R","Bash","Clash","After Image+1","Anger+1","Metallicize","Flame Barrier","Thunderclap","Inflame","Anger","Anger","Trip","Master of Strategy","Reaper","Spot Weakness","Wild Strike+1","Iron Wave","Juggernaut+1","Blood for Blood","Violence","Infernal Blade+1","Dark Embrace","Inflame","Warcry+1","Flex","Wild Strike+1","Feed+1","Flex","Thunderclap+1","Pain","Dropkick+1","Infernal Blade+1","Infernal Blade+1","Feel No Pain+1","Dark Shackles","Magnetism","Fire Breathing+1","PanicButton","Shockwave","Seeing Red+1"],"relics":["Burning Blood","Smiling Mask","Bronze Scales","Odd Mushroom","PreservedInsect","Vajra","White Beast Statue","Membership Card","Runic Cube","Meat on the Bone","Molten Egg 2","Mark of Pain","WarpedTongs","Eternal Feather","Bottled Lightning","Blood Vial"],"acts_visited":["Exordium","TheCity","TheBeyond"],"potions_floor_usage":[8,8,12,16,27,33,35,48,50],"damage_taken":[{"damage":1,"enemies":"2 Louse","floor":1,"turns":3},{"damage":0,"enemies":"Cultist","floor":4,"turns":4},{"damage":3,"enemies":"Small Slimes","floor":5,"turns":3},{"damage":26,"enemies":"Gremlin Nob","floor":6,"turns":4},{"damage":27,"enemies":"The Mushroom Lair","floor":7,"turns":5},{"damage":19,"enemies":"3 Sentries","floor":8,"turns":8},{"damage":25,"enemies":"Gremlin Nob","floor":10,"turns":4},{"damage":15,"enemies":"Looter","floor":12,"turns":2},{"damage":41,"enemies":"Slime Boss","floor":16,"turns":7},{"damage":12,"enemies":"3 Byrds","floor":18,"turns":4},{"damage":10,"enemies":"Chosen","floor":19,"turns":3},{"damage":21,"enemies":"Sentry and Sphere","floor":20,"turns":4},{"damage":17,"enemies":"Book of Stabbing","floor":24,"turns":3},{"damage":13,"enemies":"Centurion and Healer","floor":25,"turns":5},{"damage":35,"enemies":"Snake Plant","floor":27,"turns":3},{"damage":16,"enemies":"Sentry and Sphere","floor":31,"turns":4},{"damage":45,"enemies":"Collector","floor":33,"turns":7},{"damage":27,"enemies":"3 Shapes","floor":35,"turns":3},{"damage":22,"enemies":"3 Darklings","floor":36,"turns":4},{"damage":38,"enemies":"Sphere and 2 Shapes","floor":38,"turns":4},{"damage":17,"enemies":"Jaw Worm Horde","floor":39,"turns":2},{"damage":8,"enemies":"Nemesis","floor":40,"turns":4},{"damage":19,"enemies":"4 Shapes","floor":42,"turns":3},{"damage":6,"enemies":"3 Darklings","floor":45,"turns":3},{"damage":25,"enemies":"Jaw Worm Horde","floor":48,"turns":5},{"damage":52,"enemies":"Time Eater","floor":50,"turns":8}],"seed_played":"1292685566331536600","potions_obtained":[{"floor":0,"key":"SkillPotion"},{"floor":0,"key":"AttackPotion"},{"floor":0,"key":"ElixirPotion"},{"floor":10,"key":"Regen Potion"},{"floor":12,"key":"EssenceOfSteel"},{"floor":16,"key":"BloodPotion"},{"floor":18,"key":"BlessingOfTheForge"},{"floor":20,"key":"HeartOfIron"},{"floor":27,"key":"DuplicationPotion"},{"floor":33,"key":"HeartOfIron"},{"floor":35,"key":"FairyPotion"},{"floor":48,"key":"Fruit Juice"}],"is_trial":false,"path_per_floor":["M","?","?","M","M","E","?","E","T","E","R","M","R","$","R","B",null,"M","M","M","?","$","R","E","M","T","M","R","?","R","M","R","B",null,"M","M","?","M","M","E","R","M","T","$","M","R","$","M","R","B",null],"character_chosen":"IRONCLAD","items_purchased":["Trip","Membership Card","Master of Strategy","Violence","Infernal Blade","Dark Embrace","Dark Shackles","Magnetism","Blood Vial","PanicButton","Shockwave"],"campfire_rested":5,"item_purchase_floors":[14,14,14,22,22,22,44,44,44,47,47],"current_hp_per_floor":[80,71,71,77,80,60,39,26,26,7,31,27,51,51,75,40,80,77,80,65,65,65,65,54,47,47,36,60,60,80,70,70,53,80,80,64,64,48,49,52,73,86,86,86,88,92,92,92,101,67],"gold":27,"neow_bonus":"THREE_SMALL_POTIONS","is_daily":false,"chose_seed":false,"campfire_upgraded":5,"win_rate":0.0,"timestamp":1612993277,"path_taken":["M","?","?","?","M","E","?","E","T","E","R","M","R","$","R","BOSS","M","M","M","?","$","R","E","M","T","M","R","?","R","M","R","BOSS","M","M","?","?","M","E","R","M","T","$","M","R","$","M","R","BOSS"],"items_purchased_type":["Card","Relic","Card","Card","Card","Card","Card","Card","Relic","Card","Card"],"build_version":"2020-12-22","purchased_purges":1,"victory":true,"max_hp_per_floor":[80,80,80,80,80,80,80,80,80,80,80,80,80,80,80,80,80,80,80,80,80,80,80,80,80,80,80,80,80,80,80,80,80,80,80,80,80,84,84,88,88,92,92,92,92,92,92,101,101,101],"card_choices":[{"not_picked":["True Grit","Sword Boomerang"],"picked":"Clash","floor":1},{"not_picked":["Uppercut","Shockwave"],"picked":"Anger","floor":4},{"not_picked":["Evolve","Dark Embrace"],"picked":"Metallicize","floor":5},{"not_picked":["Fiend Fire","Power Through"],"picked":"Flame Barrier","floor":6},{"not_picked":["Perfected Strike","Shrug It Off"],"picked":"Thunderclap","floor":7},{"not_picked":["Power Through","Clash"],"picked":"Inflame","floor":8},{"not_picked":["Armaments","True Grit"],"picked":"Anger","floor":10},{"not_picked":["Warcry","Ghostly Armor"],"picked":"Anger","floor":12},{"not_picked":["Brutality","Corruption"],"picked":"Reaper","floor":16},{"not_picked":["Rage","Uppercut"],"picked":"Spot Weakness","floor":18},{"not_picked":["Perfected Strike","Feel No Pain"],"picked":"Wild Strike+1","floor":19},{"not_picked":["Entrench","Armaments"],"picked":"Iron Wave","floor":20},{"not_picked":["Headbutt","Searing Blow"],"picked":"Inflame","floor":24},{"not_picked":["Entrench","Flame Barrier+1"],"picked":"Warcry+1","floor":25},{"not_picked":["Power Through","Burning Pact"],"picked":"Flex","floor":27},{"not_picked":["Iron Wave+1","Pommel Strike+1"],"picked":"Wild Strike+1","floor":31},{"not_picked":["Limit Break","Offering"],"picked":"Feed+1","floor":33},{"not_picked":["Clash+1","Rampage+1"],"picked":"Flex","floor":35},{"not_picked":["Second Wind+1","True Grit"],"picked":"Thunderclap+1","floor":36},{"not_picked":["Metallicize+1","Flex"],"picked":"Dropkick+1","floor":38},{"not_picked":["Thunderclap+1","Sword Boomerang+1"],"picked":"Infernal Blade","floor":39},{"not_picked":["Brutality","Entrench+1"],"picked":"Infernal Blade+1","floor":40},{"not_picked":["Ghostly Armor+1","Wild Strike+1"],"picked":"Feel No Pain+1","floor":42},{"not_picked":["Iron Wave+1","Dual Wield+1"],"picked":"Fire Breathing+1","floor":45},{"not_picked":["Clash+1","Wild Strike+1"],"picked":"Seeing Red+1","floor":48}],"player_experience":97966,"relics_obtained":[{"floor":6,"key":"Bronze Scales"},{"floor":7,"key":"Odd Mushroom"},{"floor":8,"key":"PreservedInsect"},{"floor":9,"key":"Vajra"},{"floor":10,"key":"White Beast Statue"},{"floor":24,"key":"Meat on the Bone"},{"floor":26,"key":"Molten Egg 2"},{"floor":40,"key":"Eternal Feather"},{"floor":43,"key":"Bottled Lightning"}],"event_choices":[{"damage_healed":0,"gold_gain":100,"player_choice":"Pray","damage_taken":0,"max_hp_gain":0,"max_hp_loss":0,"event_name":"Golden Shrine","floor":3,"gold_loss":0},{"damage_healed":0,"gold_gain":0,"player_choice":"Fought Mushrooms","damage_taken":0,"max_hp_gain":0,"max_hp_loss":0,"event_name":"Mushrooms","floor":7,"gold_loss":0},{"damage_healed":0,"gold_gain":0,"cards_transformed":["Defend_R","Strike_R"],"player_choice":"Became Test Subject","damage_taken":0,"max_hp_gain":0,"max_hp_loss":0,"event_name":"Drug Dealer","floor":21,"gold_loss":0,"cards_obtained":["Juggernaut","Blood for Blood"]},{"damage_healed":0,"gold_gain":0,"player_choice":"Ignored","damage_taken":0,"max_hp_gain":0,"max_hp_loss":0,"event_name":"Vampires","floor":29,"gold_loss":0},{"damage_healed":0,"gold_gain":0,"player_choice":"Rummage","damage_taken":0,"relics_obtained":["WarpedTongs"],"max_hp_gain":0,"max_hp_loss":0,"event_name":"Accursed Blacksmith","floor":37,"gold_loss":0,"cards_obtained":["Pain"]}],"is_beta":false,"boss_relics":[{"not_picked":["Ectoplasm","SlaversCollar"],"picked":"Runic Cube"},{"not_picked":["Astrolabe","Tiny House"],"picked":"Mark of Pain"}],"items_purged_floors":[14],"is_endless":false,"potions_floor_spawned":[1,5,10,12,16,18,19,20,24,25,27,31,33,35,36,38,39,40,42,45,48],"ascension_level":0}}