{"host":"hqvh779b89tfrjxy","time":1612955429,"event":{"mods":["Act Like it!","BaseMod","Better Third Choice","Downfall","Elementarium","GifTheSpireLib","Minty Spire (QoL Compilation)","Replay The Spire","Spicy Shops","StSLib"],"gold_per_floor":[110,123,85,85,85,116,116,126,126,126,152,152,184,134,134,134,134],"floor_reached":16,"language":"ENG","playtime":525,"items_purged":[],"score":219,"play_id":"80f6881c-f7e1-463c-92e7-bff7ba58942f","local_time":"20210210121029","is_ascension_mode":true,"campfire_choices":[{"data":"Bash","floor":7,"key":"SMITH"},{"data":"Armaments","floor":10,"key":"SMITH"},{"data":"Blood for Blood","floor":15,"key":"SMITH"}],"circlet_count":0,"master_deck":["AscendersBane","Strike_R","Strike_R","Strike_R","Strike_R","Defend_R","Defend_R","Defend_R","Defend_R","Bash+1","Cleave","Blood for Blood+1","Armaments+1","Disarm","Shrug It Off"],"relics":["Burning Blood","NeowsBlessing","betterThird:SlimedRelic","Letter Opener","Replay:Baseball","Magic Flower","Gremlin Horn"],"acts_visited":["Exordium"],"potions_floor_usage":[11,16],"damage_taken":[{"damage":0,"enemies":"2 Louse","floor":1,"turns":1},{"damage":0,"enemies":"Small Slimes","floor":2,"turns":1},{"damage":0,"enemies":"Gremlin Nob","floor":6,"turns":1},{"damage":7,"enemies":"Jaw Worm","floor":8,"turns":3},{"damage":20,"enemies":"Lagavulin","floor":11,"turns":5},{"damage":30,"enemies":"3 Sentries","floor":13,"turns":7},{"damage":42,"enemies":"Slime Boss","floor":16,"turns":10}],"seed_played":"-8982530809791773407","potions_obtained":[{"floor":2,"key":"champ:CounterPotion"},{"floor":11,"key":"Languid Potion"},{"floor":13,"key":"ColorlessPotion"}],"is_trial":false,"path_per_floor":["M","M","?","?","$","E","R","M","T","R","E","$","E","?","R","B"],"character_chosen":"IRONCLAD","items_purchased":[],"campfire_rested":0,"item_purchase_floors":[],"current_hp_per_floor":[78,80,69,69,69,75,75,74,74,74,60,60,39,39,39,0,0],"gold":134,"neow_bonus":"THREE_ENEMY_KILL","is_daily":false,"chose_seed":false,"campfire_upgraded":3,"win_rate":0.0,"timestamp":1612955429,"path_taken":["M","M","?","?","$","E","R","M","T","R","E","$","E","?","R","BOSS"],"items_purchased_type":[],"build_version":"2020-12-22","purchased_purges":0,"victory":false,"max_hp_per_floor":[80,80,80,80,80,80,80,80,80,80,80,80,80,80,80,80,80],"card_choices":[{"not_picked":["Pummel","ReplayTheSpireMod:LeadingStrike"],"picked":"Cleave","floor":1},{"not_picked":["Rupture","Headbutt"],"picked":"Blood for Blood","floor":2},{"not_picked":["Run Through","Reckless Charge","Metallicize"],"picked":"SKIP","floor":6},{"not_picked":["Clothesline","Evolve"],"picked":"Armaments","floor":8},{"not_picked":["Fire Breathing","Infernal Blade"],"picked":"Disarm","floor":11},{"not_picked":["Seeing Red","Pommel Strike"],"picked":"Shrug It Off","floor":13}],"player_experience":229197,"relics_obtained":[{"floor":6,"key":"Letter Opener"},{"floor":9,"key":"Replay:Baseball"},{"floor":11,"key":"Magic Flower"},{"floor":13,"key":"Gremlin Horn"}],"event_choices":[{"damage_healed":0,"gold_gain":0,"player_choice":"Slimed","damage_taken":11,"max_hp_gain":0,"max_hp_loss":0,"event_name":"betterThird:BetterGoop","floor":3,"gold_loss":38},{"cards_removed":["Strike_R"],"damage_healed":0,"gold_gain":0,"player_choice":"Card Removal","damage_taken":0,"max_hp_gain":0,"max_hp_loss":0,"event_name":"The Cleric","floor":14,"gold_loss":50}],"is_beta":false,"boss_relics":[],"items_purged_floors":[],"is_endless":false,"potions_floor_spawned":[2,11,13],"killed_by":"Slime Boss","ascension_level":11}}