{"host":"adi","time":1612991817,"event":{"mods":["AchievementEnabler","BaseMod","Bestiary","Colored Powertips","Minty Spire (QoL Compilation)","StSLib"],"gold_per_floor":[119,119,69,69,89,89,114,131,156,156,172,187,187,201,217,217,217,296,296,311,311,324,354,244,244,244,263,282,295,319,319,319,71,71,90,101,101,180,230,248,259,269,269,269,117,117,117,117],"floor_reached":47,"language":"ENG","playtime":5118,"items_purged":["Strike_G","Defend_G","Decay"],"score":729,"play_id":"990e42f3-992c-4bb3-829e-46b3a84c7a22","local_time":"20210210221657","is_ascension_mode":true,"campfire_choices":[{"data":"Neutralize","floor":6,"key":"SMITH"},{"data":"Footwork","floor":10,"key":"SMITH"},{"data":"Cloak And Dagger","floor":16,"key":"SMITH"},{"data":"Corpse Explosion","floor":17,"key":"SMITH"},{"data":"Bouncing Flask","floor":26,"key":"SMITH"},{"data":"Well Laid Plans","floor":34,"key":"SMITH"},{"floor":37,"key":"REST"},{"data":"Crippling Poison","floor":46,"key":"SMITH"}],"circlet_count":0,"master_deck":["AscendersBane","Defend_G","Defend_G","Defend_G","Survivor","Neutralize+1","Venomology","Footwork+1","Flying Knee","Corpse Explosion+1","Caltrops","Cloak And Dagger+1","Bullet Time+1","Setup+1","Unload+1","Bouncing Flask+1","Deadly Poison","Footwork+1","Noxious Fumes+1","PiercingWail","Cloak And Dagger","PiercingWail","Well Laid Plans+1","Crippling Poison+1","Die Die Die","Noxious Fumes+1","Doubt","Dodge and Roll"],"relics":["Ring of the Snake","Regal Pillow","Meat on the Bone","Bag of Marbles","Astrolabe","Ninja Scroll","Red Mask","Boot","Tiny House"],"acts_visited":["Exordium","TheCity","TheBeyond"],"potions_floor_usage":[7,7,8,11,12,15,18,20,22,23,23,28,28,29,36,38,40,47,47],"damage_taken":[{"damage":7,"enemies":"Cultist","floor":1,"turns":6},{"damage":9,"enemies":"2 Louse","floor":5,"turns":4},{"damage":6,"enemies":"Lagavulin","floor":7,"turns":10},{"damage":0,"enemies":"Jaw Worm","floor":8,"turns":4},{"damage":2,"enemies":"Red Slaver","floor":11,"turns":6},{"damage":0,"enemies":"Large Slime","floor":12,"turns":5},{"damage":6,"enemies":"Looter","floor":14,"turns":4},{"damage":8,"enemies":"Exordium Thugs","floor":15,"turns":5},{"damage":24,"enemies":"The Guardian","floor":18,"turns":10},{"damage":26,"enemies":"Spheric Guardian","floor":20,"turns":8},{"damage":0,"enemies":"3 Byrds","floor":22,"turns":2},{"damage":0,"enemies":"Masked Bandits","floor":23,"turns":2},{"damage":11,"enemies":"Snake Plant","floor":27,"turns":5},{"damage":17,"enemies":"Shelled Parasite and Fungi","floor":28,"turns":4},{"damage":11,"enemies":"Centurion and Healer","floor":29,"turns":6},{"damage":10,"enemies":"Sentry and Sphere","floor":35,"turns":5},{"damage":1,"enemies":"Shelled Parasite and Fungi","floor":36,"turns":6},{"damage":51,"enemies":"Automaton","floor":38,"turns":9},{"damage":11,"enemies":"Orb Walker","floor":40,"turns":3},{"damage":3,"enemies":"3 Darklings","floor":41,"turns":2},{"damage":30,"enemies":"Jaw Worm Horde","floor":42,"turns":2},{"damage":101,"enemies":"Giant Head","floor":47,"turns":9}],"seed_played":"2902422178875600554","potions_obtained":[{"floor":7,"key":"Energy Potion"},{"floor":27,"key":"FearPotion"},{"floor":29,"key":"PowerPotion"},{"floor":36,"key":"LiquidMemories"}],"is_trial":false,"path_per_floor":["M","?","?","?","M","R","E","M","T","R","M","M","$","M","M","R","R","B",null,"M","T","M","?","$","?","R","M","M","M","T","?","?","$","R","M","M","R","B",null,"M","M","M","?","?","$","R","E"],"character_chosen":"THE_SILENT","items_purchased":["Footwork","Well Laid Plans","Crippling Poison","Dodge and Roll"],"campfire_rested":1,"item_purchase_floors":[24,33,33,45],"current_hp_per_floor":[37,59,59,52,43,43,37,37,37,37,35,35,35,41,45,45,45,33,58,44,44,44,53,53,53,53,42,37,38,38,38,38,38,38,40,39,66,27,61,50,47,29,71,71,71,71,0,0],"gold":117,"neow_bonus":"THREE_RARE_CARDS","is_daily":false,"chose_seed":false,"campfire_upgraded":7,"win_rate":0.0,"timestamp":1612991817,"path_taken":["M","?","?","?","M","R","E","M","T","R","M","M","$","M","?","R","R","BOSS","M","?","M","?","$","?","R","M","M","?","T","?","?","$","R","M","M","R","BOSS","M","M","M","?","?","$","R","E"],"items_purchased_type":["Card","Card","Card","Card"],"build_version":"2020-12-18","purchased_purges":3,"victory":false,"max_hp_per_floor":[66,66,66,66,66,66,66,66,66,66,66,66,66,66,66,66,66,66,66,66,66,66,66,66,66,66,66,66,66,66,66,66,66,66,66,66,66,66,71,71,71,71,71,71,71,71,71,71],"card_choices":[{"not_picked":["Tools of the Trade","Unload"],"picked":"Venomology","floor":0},{"not_picked":["Predator","Infinite Blades"],"picked":"Footwork","floor":1},{"not_picked":["Caltrops","PiercingWail"],"picked":"Flying Knee","floor":5},{"not_picked":["Concentrate","PiercingWail"],"picked":"Corpse Explosion","floor":7},{"not_picked":["Dash","Prepared"],"picked":"Caltrops","floor":8},{"not_picked":["Dash","Dodge and Roll","Quick Slash"],"picked":"SKIP","floor":11},{"not_picked":["Dagger Throw","Quick Slash","Acrobatics"],"picked":"SKIP","floor":12},{"not_picked":["Acrobatics","Riddle With Holes","Underhanded Strike"],"picked":"SKIP","floor":14},{"not_picked":["Accuracy","Concentrate"],"picked":"Cloak And Dagger","floor":15},{"not_picked":["Storm of Steel","Corpse Explosion"],"picked":"Bullet Time","floor":18},{"not_picked":["Poisoned Stab+1","Sucker Punch"],"picked":"Bouncing Flask","floor":20},{"not_picked":["Acrobatics","Underhanded Strike"],"picked":"Deadly Poison","floor":22},{"not_picked":["Bane","Calculated Gamble"],"picked":"Noxious Fumes+1","floor":27},{"not_picked":["Quick Slash","Underhanded Strike"],"picked":"PiercingWail","floor":28},{"not_picked":["Masterful Stab","All Out Attack","Sucker Punch"],"picked":"SKIP","floor":29},{"not_picked":["Bane+1","Heel Hook","Acrobatics"],"picked":"SKIP","floor":35},{"not_picked":["Dagger Spray","Bane","Blade Dance"],"picked":"SKIP","floor":36},{"not_picked":["A Thousand Cuts","Glass Knife"],"picked":"Die Die Die","floor":38},{"not_picked":["Finisher+1","Blade Dance"],"picked":"Noxious Fumes+1","floor":40},{"not_picked":["Concentrate","Cloak And Dagger","Riddle With Holes"],"picked":"SKIP","floor":41},{"not_picked":["Outmaneuver","Tactician","Underhanded Strike"],"picked":"SKIP","floor":42}],"player_experience":393512,"relics_obtained":[{"floor":7,"key":"Meat on the Bone"},{"floor":9,"key":"Bag of Marbles"},{"floor":21,"key":"Ninja Scroll"},{"floor":23,"key":"Red Mask"},{"floor":30,"key":"Boot"}],"event_choices":[{"damage_healed":22,"gold_gain":0,"player_choice":"Banana","damage_taken":0,"max_hp_gain":0,"max_hp_loss":0,"event_name":"Big Fish","floor":2,"gold_loss":0},{"cards_removed":["Strike_G"],"damage_healed":0,"gold_gain":0,"player_choice":"Card Removal","damage_taken":0,"max_hp_gain":0,"max_hp_loss":0,"event_name":"The Cleric","floor":3,"gold_loss":50},{"damage_healed":0,"gold_gain":0,"player_choice":"Success","damage_taken":7,"relics_obtained":["Regal Pillow"],"max_hp_gain":0,"max_hp_loss":0,"event_name":"Scrap Ooze","floor":4,"gold_loss":0},{"damage_healed":0,"gold_gain":0,"player_choice":"Fought Bandits","damage_taken":0,"max_hp_gain":0,"max_hp_loss":0,"event_name":"Masked Bandits","floor":23,"gold_loss":0},{"damage_healed":0,"gold_gain":0,"player_choice":"Forge","damage_taken":0,"max_hp_gain":0,"max_hp_loss":0,"event_name":"Accursed Blacksmith","floor":25,"gold_loss":0,"cards_upgraded":["Footwork"]},{"damage_healed":0,"gold_gain":0,"player_choice":"Smashed Altar","damage_taken":0,"max_hp_gain":0,"max_hp_loss":0,"event_name":"Forgotten Altar","floor":31,"gold_loss":0,"cards_obtained":["Decay"]},{"damage_healed":0,"gold_gain":0,"cards_transformed":["Setup","Defend_G"],"player_choice":"Became Test Subject","damage_taken":0,"max_hp_gain":0,"max_hp_loss":0,"event_name":"Drug Dealer","floor":32,"gold_loss":0,"cards_obtained":["Cloak And Dagger","PiercingWail"]},{"damage_healed":42,"gold_gain":0,"player_choice":"Heal","damage_taken":0,"max_hp_gain":0,"max_hp_loss":0,"event_name":"MindBloom","floor":43,"gold_loss":0,"cards_obtained":["Doubt"]},{"damage_healed":0,"gold_gain":0,"player_choice":"Ignored","damage_taken":0,"max_hp_gain":0,"max_hp_loss":0,"event_name":"SecretPortal","floor":44,"gold_loss":0}],"is_beta":true,"boss_relics":[{"not_picked":["SlaversCollar","WristBlade"],"picked":"Astrolabe"},{"not_picked":["Coffee Dripper","Black Star"],"picked":"Tiny House"}],"items_purged_floors":[24,33,45],"is_endless":false,"potions_floor_spawned":[5,7,8,14,18,27,29,36],"killed_by":"Giant Head","ascension_level":14}}