{"host":"z2o61o1qvcmvhuul","time":1612959036,"event":{"mods":["Alarm Clock","BaseMod","Minty Spire (QoL Compilation)","Quick Restart","Relic Filter Mod","Spicy Shops","StSLib","Starting Relic: Pandora\u0027s Box","SuperFastMode","¡¾ÒÅÎï¿¨ÅÆ¡¿REMEMod"],"gold_per_floor":[118,118,83,94,106,137,237,250,275,306,306,322,322,333,333,407,407,418,433,433,38,57,89,89,124,124,141,59,72,99,99,99,177,177,177,177],"floor_reached":35,"language":"ZHS","playtime":1485,"items_purged":[],"score":1004,"play_id":"305b2a28-6874-40e4-816f-36aaff0c9348","local_time":"20210210201036","is_ascension_mode":true,"campfire_choices":[{"data":"Double Energy","floor":11.0,"key":"SMITH"},{"floor":13.0,"key":"REST"},{"data":"Genetic Algorithm","floor":15.0,"key":"SMITH"},{"floor":24,"key":"REST"},{"floor":32,"key":"REST"}],"circlet_count":3,"master_deck":["AscendersBane","Zap","Dualcast+1","Compile Driver+1","Glacier+1","Barrage+1","Storm+1","Coolheaded+1","Consume+1","Conserve Battery","Hologram+1","LessonLearned","Ball Lightning+1","Double Energy+1","Coolheaded+1","Defragment+1","Chill+1","Genetic Algorithm+1","Core Surge","Capacitor","Chill+1","Echo Form","Turbo","Seek"],"relics":["REME_ComplimentaryCards","Inserter","DataDisk","War Paint","Lantern","Runic Pyramid","Calipers","Membership Card","REME_LimitBreaker","OrangePellets","Circlet","TheAbacus","Nuclear Battery"],"acts_visited":["Exordium","TheCity","TheBeyond"],"potions_floor_usage":[22,33,34],"damage_taken":[{"damage":0.0,"enemies":"Small Slimes","floor":1.0,"turns":6.0},{"damage":7.0,"enemies":"2 Louse","floor":4.0,"turns":3.0},{"damage":0.0,"enemies":"Cultist","floor":5.0,"turns":4.0},{"damage":3.0,"enemies":"3 Sentries","floor":6.0,"turns":8.0},{"damage":1.0,"enemies":"Blue Slaver","floor":8.0,"turns":4.0},{"damage":2.0,"enemies":"Gremlin Nob","floor":10.0,"turns":3.0},{"damage":8.0,"enemies":"Lots of Slimes","floor":12.0,"turns":4.0},{"damage":17.0,"enemies":"Gremlin Gang","floor":14.0,"turns":3.0},{"damage":15.0,"enemies":"The Guardian","floor":16.0,"turns":11.0},{"damage":0.0,"enemies":"Chosen","floor":18.0,"turns":3.0},{"damage":2.0,"enemies":"2 Thieves","floor":19.0,"turns":4.0},{"damage":18,"enemies":"Snake Plant","floor":22,"turns":3},{"damage":0,"enemies":"Book of Stabbing","floor":23,"turns":5},{"damage":20,"enemies":"Gremlin Leader","floor":25,"turns":6},{"damage":10,"enemies":"Centurion and Healer","floor":27,"turns":5},{"damage":0,"enemies":"3 Cultists","floor":29,"turns":5},{"damage":8,"enemies":"Book of Stabbing","floor":30,"turns":5},{"damage":0,"enemies":"Champ","floor":33,"turns":60},{"damage":0,"enemies":"3 Shapes","floor":35,"turns":1}],"seed_played":"-6177669081196082919","potions_obtained":[{"floor":4.0,"key":"Fire Potion"},{"floor":5.0,"key":"FocusPotion"},{"floor":14.0,"key":"Ancient Potion"},{"floor":16.0,"key":"Weak Potion"},{"floor":29,"key":"FearPotion"},{"floor":30,"key":"EssenceOfSteel"},{"floor":33,"key":"REME_GoldPotion"}],"is_trial":false,"path_per_floor":["M","?","?","M","M","E","?","M","T","E","R","M","R","M","R","B",null,"M","M","?","$","M","E","R","E","T","M","$","M","E","?","R","B",null,"M"],"character_chosen":"DEFECT","items_purchased":["Membership Card","REME_LimitBreaker","OrangePellets","TheAbacus"],"campfire_rested":3,"item_purchase_floors":[21,21,21,28],"current_hp_per_floor":[64,43,60,53,53,50,50,49,49,47,47,39,60,43,43,28,60,60,58,58,58,40,40,61,41,41,31,31,31,23,23,44,44,64,64,64],"gold":177,"neow_bonus":"BOSS_RELIC","is_daily":false,"chose_seed":false,"campfire_upgraded":2,"win_rate":0.0,"timestamp":1612959036,"path_taken":["M","?","?","M","M","E","?","?","T","E","R","M","R","M","R","BOSS","M","M","?","$","M","E","R","E","T","?","$","?","E","?","R","BOSS","M"],"items_purchased_type":["Relic","Relic","Relic","Relic"],"build_version":"2020-12-22","purchased_purges":0,"victory":false,"max_hp_per_floor":[71,71,71,71,71,71,71,71,71,71,71,71,71,71,71,71,71,71,71,71,71,71,71,71,71,71,71,71,71,71,71,71,71,71,71,71],"card_choices":[{"not_picked":["Consume","Barrage"],"picked":"Ball Lightning","floor":1.0},{"not_picked":["Barrage","Coolheaded"],"picked":"Double Energy","floor":4.0},{"not_picked":["Steam","Glacier"],"picked":"Coolheaded","floor":5.0},{"not_picked":["Loop","Undo","Cold Snap"],"picked":"SKIP","floor":6.0},{"not_picked":["Chaos","Blizzard","REME_SelfUpgrade"],"picked":"SKIP","floor":8.0},{"not_picked":["Amplify","Auto Shields"],"picked":"Defragment","floor":10.0},{"not_picked":["Hello World","Stack"],"picked":"Chill","floor":12.0},{"not_picked":["Scrape","Chaos"],"picked":"Genetic Algorithm","floor":14.0},{"not_picked":["Biased Cognition","Buffer"],"picked":"Core Surge","floor":16.0},{"not_picked":["Conserve Battery","Leap","Ball Lightning"],"picked":"SKIP","floor":18.0},{"not_picked":["Self Repair","Steam"],"picked":"Capacitor","floor":19.0},{"not_picked":["Skim","Coolheaded"],"picked":"Chill","floor":22},{"not_picked":["Go for the Eyes+1","Self Repair"],"picked":"Echo Form","floor":23},{"not_picked":["Sunder+1","All For One"],"picked":"Turbo","floor":25},{"not_picked":["Streamline","Chaos","Blizzard"],"picked":"SKIP","floor":27},{"not_picked":["Stack","Streamline","Steam"],"picked":"SKIP","floor":29},{"not_picked":["FTL","Redo+1","Sweeping Beam"],"picked":"SKIP","floor":30},{"not_picked":["Core Surge","Rainbow"],"picked":"Seek","floor":33}],"player_experience":67263,"relics_obtained":[{"floor":6.0,"key":"DataDisk"},{"floor":9.0,"key":"War Paint"},{"floor":10.0,"key":"Lantern"},{"floor":20.0,"key":"Calipers"},{"floor":23,"key":"Circlet"},{"floor":25,"key":"Circlet"},{"floor":30,"key":"Circlet"}],"event_choices":[{"damage_healed":0.0,"max_hp_gain":0.0,"max_hp_loss":0.0,"gold_gain":0.0,"event_name":"Shining Light","player_choice":"Entered Light","floor":2.0,"gold_loss":0.0,"damage_taken":21.0,"cards_upgraded":["Barrage","Coolheaded"]},{"damage_healed":17.0,"max_hp_gain":0.0,"max_hp_loss":0.0,"gold_gain":0.0,"event_name":"The Cleric","player_choice":"Healed","floor":3.0,"gold_loss":35.0,"damage_taken":0.0},{"damage_healed":0.0,"max_hp_gain":0.0,"max_hp_loss":0.0,"gold_gain":100.0,"event_name":"Wheel of Change","player_choice":"Gold","floor":7.0,"gold_loss":0.0,"damage_taken":0.0},{"damage_healed":0.0,"max_hp_gain":0.0,"max_hp_loss":0.0,"gold_gain":0.0,"event_name":"Wheel of Change","player_choice":"Relic","floor":20.0,"gold_loss":0.0,"damage_taken":0.0},{"damage_healed":0,"gold_gain":0,"player_choice":"Ignored","damage_taken":0,"max_hp_gain":0,"max_hp_loss":0,"event_name":"The Mausoleum","floor":31,"gold_loss":0}],"is_beta":false,"boss_relics":[{"not_picked":["Astrolabe","Coffee Dripper"],"picked":"Runic Pyramid"},{"not_picked":["Philosopher\u0027s Stone","Runic Dome"],"picked":"Nuclear Battery"}],"items_purged_floors":[],"is_endless":false,"potions_floor_spawned":[4,5,14,16,29,30,33],"killed_by":"3 Shapes","ascension_level":20}}