{"host":"pfea746agqdggr2u","time":1612985501,"event":{"mods":["BaseMod","Filter the Spire","Minty Spire (QoL Compilation)"],"gold_per_floor":[111,121,52,17,30,58,74,92,119,119,119,129,148,164,164,261,311,328,339,281,295,295,321,321,321,321],"floor_reached":25,"language":"ENG","playtime":1385,"items_purged":[],"score":227,"play_id":"6112aaaa-8b7f-47f3-a5f5-97c5dd9876a1","local_time":"20210210113141","is_ascension_mode":false,"campfire_choices":[{"data":"Self Repair","floor":11,"key":"SMITH"},{"data":"Zap","floor":15,"key":"SMITH"},{"floor":24,"key":"REST"}],"circlet_count":0,"master_deck":["Strike_B","Strike_B","Strike_B","Defend_B","Defend_B","Defend_B","Defend_B","Zap+1","Dualcast","BootSequence","Streamline","Self Repair+1","Consume","Conserve Battery","Hologram","Coolheaded","Cold Snap","Ball Lightning+1","Redo","Barrage","Go for the Eyes+1","Sweeping Beam","Coolheaded+1","Undo"],"relics":["Inserter","Regal Pillow","Bronze Scales","Tiny House","MealTicket","Nunchaku"],"acts_visited":["Exordium","TheCity"],"potions_floor_usage":[6,6,16,18,21,23],"damage_taken":[{"damage":5,"enemies":"Jaw Worm","floor":1,"turns":4},{"damage":2,"enemies":"Small Slimes","floor":2,"turns":4},{"damage":6,"enemies":"Cultist","floor":5,"turns":5},{"damage":18,"enemies":"Gremlin Nob","floor":6,"turns":4},{"damage":9,"enemies":"Blue Slaver","floor":7,"turns":5},{"damage":12,"enemies":"Red Slaver","floor":8,"turns":5},{"damage":11,"enemies":"3 Louse","floor":12,"turns":3},{"damage":0,"enemies":"Blue Slaver","floor":13,"turns":6},{"damage":1,"enemies":"Large Slime","floor":14,"turns":5},{"damage":33,"enemies":"The Guardian","floor":16,"turns":8},{"damage":3,"enemies":"Chosen","floor":18,"turns":5},{"damage":10,"enemies":"3 Byrds","floor":19,"turns":4},{"damage":4,"enemies":"Snecko","floor":21,"turns":5},{"damage":68,"enemies":"Gremlin Leader","floor":23,"turns":9},{"damage":70,"enemies":"3 Cultists","floor":25,"turns":6}],"seed_played":"-8799871202453597188","potions_obtained":[{"floor":1,"key":"DistilledChaos"},{"floor":5,"key":"DistilledChaos"},{"floor":7,"key":"LiquidMemories"},{"floor":12,"key":"Swift Potion"},{"floor":13,"key":"PotionOfCapacity"},{"floor":17,"key":"SkillPotion"},{"floor":21,"key":"AttackPotion"},{"floor":23,"key":"FearPotion"}],"is_trial":false,"path_per_floor":["M","M","$","?","M","E","M","M","T","?","R","M","M","M","R","B",null,"M","M","?","M","?","E","R","M"],"character_chosen":"DEFECT","items_purchased":["Self Repair"],"campfire_rested":1,"item_purchase_floors":[3],"current_hp_per_floor":[70,68,68,75,75,64,62,57,57,57,57,56,66,75,75,42,80,77,67,67,73,73,15,54,0,0],"gold":321,"neow_bonus":"BOSS_RELIC","is_daily":false,"chose_seed":false,"campfire_upgraded":2,"win_rate":0.0,"timestamp":1612985501,"path_taken":["M","M","$","?","M","E","M","M","T","?","R","M","?","M","R","BOSS","M","M","?","?","?","E","R","M"],"items_purchased_type":["Card"],"build_version":"2020-12-22","purchased_purges":0,"victory":false,"max_hp_per_floor":[75,75,75,75,75,75,75,75,75,75,75,75,75,75,75,75,80,80,80,80,80,80,80,80,80,80],"card_choices":[{"not_picked":["Static Discharge","Gash"],"picked":"BootSequence","floor":1},{"not_picked":["Compile Driver","Go for the Eyes"],"picked":"Streamline","floor":2},{"not_picked":["BootSequence","Chaos"],"picked":"Consume","floor":5},{"not_picked":["Go for the Eyes","Beam Cell"],"picked":"Conserve Battery","floor":6},{"not_picked":["Amplify","Go for the Eyes"],"picked":"Hologram","floor":7},{"not_picked":["Leap","Self Repair"],"picked":"Coolheaded","floor":8},{"not_picked":["Tempest","Compile Driver"],"picked":"Cold Snap","floor":12},{"not_picked":["Skim","Go for the Eyes"],"picked":"Ball Lightning","floor":13},{"not_picked":["Stack","FTL"],"picked":"Redo","floor":14},{"not_picked":["Hologram","Doom and Gloom"],"picked":"Barrage","floor":17},{"not_picked":["Aggregate","Hello World"],"picked":"Go for the Eyes+1","floor":18},{"not_picked":["Redo","Storm+1"],"picked":"Sweeping Beam","floor":19},{"not_picked":["Rebound","Turbo+1"],"picked":"Coolheaded+1","floor":21},{"not_picked":["Hologram","Heatsinks"],"picked":"Undo","floor":23}],"player_experience":83828,"relics_obtained":[{"floor":6,"key":"Regal Pillow"},{"floor":9,"key":"Bronze Scales"},{"floor":23,"key":"Nunchaku"}],"event_choices":[{"damage_healed":18,"gold_gain":0,"player_choice":"Healed","damage_taken":0,"max_hp_gain":0,"max_hp_loss":0,"event_name":"The Cleric","floor":4,"gold_loss":35},{"cards_removed":["Strike_B"],"damage_healed":0,"gold_gain":0,"player_choice":"Offered Basic","damage_taken":0,"max_hp_gain":0,"max_hp_loss":0,"event_name":"Bonfire Elementals","floor":10,"gold_loss":0},{"damage_healed":0,"gold_gain":0,"player_choice":"Paid Gold","damage_taken":0,"relics_obtained":["MealTicket"],"max_hp_gain":0,"max_hp_loss":0,"event_name":"WeMeetAgain","floor":20,"gold_loss":58},{"damage_healed":0,"gold_gain":0,"player_choice":"Ignored","damage_taken":0,"max_hp_gain":0,"max_hp_loss":0,"event_name":"Ghosts","floor":22,"gold_loss":0}],"is_beta":false,"boss_relics":[{"not_picked":["Empty Cage","Snecko Eye"],"picked":"Tiny House"}],"items_purged_floors":[],"is_endless":false,"potions_floor_spawned":[1,5,7,12,13,21,23],"killed_by":"3 Cultists","ascension_level":0}}