{"host":"nsc6ozq3atyrdr3m","time":1612998119,"event":{"mods":["BaseMod","Colored Map","Minty Spire (QoL Compilation)"],"gold_per_floor":[113,73,83,97,109,109,144,144,144,144,144,144],"floor_reached":11,"language":"FRA","playtime":196,"items_purged":[],"score":146,"play_id":"82c60e07-3a14-433f-88ab-6521461992dc","local_time":"20210211000159","is_ascension_mode":true,"campfire_choices":[{"data":"Uppercut","floor":6,"key":"SMITH"}],"circlet_count":0,"master_deck":["AscendersBane","Strike_R","Strike_R","Strike_R","Strike_R","Strike_R","Defend_R+1","Defend_R","Defend_R","Defend_R","Bash","Entrench","Spot Weakness+1","Uppercut+1","Headbutt","Flex","Carnage"],"relics":["Burning Blood","NeowsBlessing","War Paint","Darkstone Periapt"],"acts_visited":["Exordium"],"potions_floor_usage":[7,11],"damage_taken":[{"damage":0,"enemies":"Cultist","floor":1,"turns":1},{"damage":0,"enemies":"Jaw Worm","floor":3,"turns":1},{"damage":0,"enemies":"Small Slimes","floor":4,"turns":1},{"damage":21,"enemies":"Exordium Wildlife","floor":5,"turns":4},{"damage":34,"enemies":"Lagavulin","floor":7,"turns":7},{"damage":33,"enemies":"3 Sentries","floor":11,"turns":5}],"seed_played":"-1740429432995897651","potions_obtained":[{"floor":1,"key":"Dexterity Potion"},{"floor":3,"key":"LiquidMemories"}],"is_trial":false,"path_per_floor":["M","$","M","M","M","R","E","?","T","?","E"],"character_chosen":"IRONCLAD","items_purchased":["Spot Weakness"],"campfire_rested":0,"item_purchase_floors":[2],"current_hp_per_floor":[74,74,75,75,60,60,32,32,32,32,0,0],"gold":144,"neow_bonus":"THREE_ENEMY_KILL","is_daily":false,"chose_seed":false,"campfire_upgraded":1,"win_rate":0.0,"timestamp":1612998119,"path_taken":["M","$","?","M","?","R","E","?","T","?","E"],"items_purchased_type":["Card"],"build_version":"2020-12-22","purchased_purges":0,"victory":false,"max_hp_per_floor":[75,75,75,75,75,75,75,75,75,75,75,75],"card_choices":[{"not_picked":["Intimidate","Warcry"],"picked":"Entrench","floor":1},{"not_picked":["Pommel Strike","Infernal Blade"],"picked":"Uppercut","floor":3},{"not_picked":["Body Slam","Armaments"],"picked":"Headbutt","floor":4},{"not_picked":["Clash","Power Through"],"picked":"Flex","floor":5},{"not_picked":["Anger","Cleave"],"picked":"Carnage","floor":7}],"player_experience":390881,"relics_obtained":[{"floor":7,"key":"War Paint"},{"floor":9,"key":"Darkstone Periapt"}],"event_choices":[{"damage_healed":0,"gold_gain":0,"player_choice":"Ignored","damage_taken":0,"max_hp_gain":0,"max_hp_loss":0,"event_name":"Shining Light","floor":8,"gold_loss":0},{"damage_healed":0,"gold_gain":0,"player_choice":"Searched \u00270\u0027 times","damage_taken":0,"max_hp_gain":0,"max_hp_loss":0,"event_name":"Dead Adventurer","floor":10,"gold_loss":0}],"is_beta":false,"boss_relics":[],"items_purged_floors":[],"is_endless":false,"potions_floor_spawned":[1,3,4],"killed_by":"3 Sentries","ascension_level":20}}