{"host":"rb2p2z6v6vieend5","time":1612984284,"event":{"mods":["BaseMod","Block Reminder","Colored Map","DeckTracker","Highlight Path","Minty Spire (QoL Compilation)","Random Character Button","Relic Stats"],"gold_per_floor":[111,42,42,42,42,71,81,81,81,111,36,36,65,80,80,154,154,140,140,158,158,176,76,92,92,92],"floor_reached":25,"language":"ENG","playtime":1128,"items_purged":["Regret","Strike_G"],"score":403,"play_id":"59689872-6af3-40a9-a7ba-653da8561977","local_time":"20210210201124","is_ascension_mode":true,"campfire_choices":[{"data":"Well Laid Plans","floor":8,"key":"SMITH"},{"data":"Dagger Throw","floor":12,"key":"SMITH"},{"floor":15,"key":"REST"}],"circlet_count":0,"master_deck":["AscendersBane","Strike_G","Strike_G","Strike_G","Strike_G","Defend_G","Defend_G","Defend_G","Defend_G","Defend_G","Survivor","Neutralize+1","Flying Knee","Well Laid Plans+1","Flying Knee","Dagger Throw+1","Bouncing Flask","Die Die Die","Endless Agony","Footwork"],"relics":["Ring of the Serpent","NeowsBlessing","Ancient Tea Set","Ginger","Regal Pillow","Singing Bowl","Art of War"],"acts_visited":["Exordium","TheCity"],"potions_floor_usage":[10,16,24,25],"damage_taken":[{"damage":0,"enemies":"2 Louse","floor":1,"turns":1},{"damage":0,"enemies":"Lagavulin","floor":6,"turns":1},{"damage":0,"enemies":"Small Slimes","floor":7,"turns":1},{"damage":17,"enemies":"Gremlin Nob","floor":10,"turns":4},{"damage":20,"enemies":"Lagavulin","floor":13,"turns":6},{"damage":0,"enemies":"Cultist","floor":14,"turns":3},{"damage":13,"enemies":"Hexaghost","floor":16,"turns":8},{"damage":31,"enemies":"2 Thieves","floor":18,"turns":4},{"damage":21,"enemies":"Spheric Guardian","floor":20,"turns":5},{"damage":30,"enemies":"Shelled Parasite and Fungi","floor":22,"turns":9},{"damage":2,"enemies":"Snecko","floor":24,"turns":4},{"damage":13,"enemies":"Sentry and Sphere","floor":25,"turns":3}],"seed_played":"8694026616081246635","potions_obtained":[{"floor":1,"key":"Fruit Juice"},{"floor":6,"key":"FearPotion"},{"floor":10,"key":"GamblersBrew"},{"floor":22,"key":"Explosive Potion"}],"is_trial":false,"path_per_floor":["M","$","?","$","?","E","M","R","T","E","$","R","E","M","R","B",null,"M","?","M","?","M","$","M","M"],"character_chosen":"THE_SILENT","items_purchased":["Well Laid Plans"],"campfire_rested":1,"item_purchase_floors":[2],"current_hp_per_floor":[63,63,63,63,63,63,63,63,63,48,48,48,28,30,67,54,69,38,62,43,37,9,9,7,0,0],"gold":92,"neow_bonus":"THREE_ENEMY_KILL","is_daily":false,"chose_seed":false,"campfire_upgraded":2,"win_rate":0.0,"timestamp":1612984284,"path_taken":["M","$","?","$","?","E","M","R","T","E","$","R","E","M","R","BOSS","M","?","M","?","M","$","?","M"],"items_purchased_type":["Card"],"build_version":"2020-12-22","purchased_purges":2,"victory":false,"max_hp_per_floor":[70,70,70,70,70,70,70,70,70,72,72,72,72,74,74,74,74,74,74,76,76,78,78,78,83,83],"relic_stats":{"Regal Pillow":15,"Singing Bowl":8,"counters":[12,49],"Art of War":[2],"Ginger":[0],"obtain_stats":[{"Regal Pillow":9,"NeowsBlessing":0,"Singing Bowl":10,"Art of War":13,"Ginger":6,"Ancient Tea Set":5,"Ring of the Serpent":17,"Ring of the Snake":0},{"Regal Pillow":3,"NeowsBlessing":0,"Singing Bowl":4,"Art of War":5,"Ginger":2,"Ancient Tea Set":1,"Ring of the Serpent":7,"Ring of the Snake":0},{"Regal Pillow":3,"NeowsBlessing":0,"Singing Bowl":7,"Art of War":13,"Ginger":2,"Ancient Tea Set":1,"Ring of the Serpent":24,"Ring of the Snake":0}]},"card_choices":[{"not_picked":["Outmaneuver","Cloak And Dagger"],"picked":"Flying Knee","floor":1},{"not_picked":["Bane","Poisoned Stab"],"picked":"Flying Knee","floor":6},{"not_picked":["Deadly Poison","Sucker Punch"],"picked":"Dagger Throw","floor":7},{"not_picked":["Outmaneuver","Tactician","PiercingWail"],"picked":"Singing Bowl","floor":10},{"not_picked":["Blade Dance","Tools of the Trade"],"picked":"Bouncing Flask","floor":13},{"not_picked":["Acrobatics","Choke","Underhanded Strike"],"picked":"Singing Bowl","floor":14},{"not_picked":["Burst","Grand Finale"],"picked":"Die Die Die","floor":16},{"not_picked":["Underhanded Strike","Cloak And Dagger"],"picked":"Endless Agony","floor":18},{"not_picked":["Prepared","Heel Hook","Flying Knee"],"picked":"Singing Bowl","floor":20},{"not_picked":["Dodge and Roll","Flying Knee","Sucker Punch"],"picked":"Singing Bowl","floor":22},{"not_picked":["Distraction","Cloak And Dagger+1"],"picked":"Footwork","floor":24}],"player_experience":711150,"relics_obtained":[{"floor":6,"key":"Ginger"},{"floor":9,"key":"Regal Pillow"},{"floor":10,"key":"Singing Bowl"},{"floor":13,"key":"Art of War"}],"event_choices":[{"damage_healed":0,"gold_gain":0,"player_choice":"Grow","damage_taken":0,"max_hp_gain":0,"max_hp_loss":0,"event_name":"Living Wall","floor":3,"gold_loss":0,"cards_upgraded":["Neutralize"]},{"damage_healed":0,"gold_gain":0,"player_choice":"Box","damage_taken":0,"relics_obtained":["Ancient Tea Set"],"max_hp_gain":0,"max_hp_loss":0,"event_name":"Big Fish","floor":5,"gold_loss":0,"cards_obtained":["Regret"]},{"damage_healed":24,"gold_gain":0,"player_choice":"Heal","damage_taken":0,"max_hp_gain":0,"max_hp_loss":0,"event_name":"The Library","floor":19,"gold_loss":0},{"damage_healed":0,"gold_gain":0,"player_choice":"","damage_taken":6,"max_hp_gain":0,"max_hp_loss":0,"event_name":"Knowing Skull","floor":21,"potions_obtained":[],"gold_loss":0,"cards_obtained":[]}],"is_beta":false,"boss_relics":[{"not_picked":["Philosopher\u0027s Stone","Sozu"],"picked":"Ring of the Serpent"}],"items_purged_floors":[11,23],"is_endless":false,"potions_floor_spawned":[1,6,10,22],"killed_by":"Sentry and Sphere","ascension_level":13}}