{"host":"oehe2dxjvdgux73m","time":1612966655,"event":{"mods":["AchievementEnabler","BaseMod","Colored Map","Colored Powertips","DeckTracker","Keyboard Shortcuts","Minty Spire (QoL Compilation)","Permanent Neow","Quick Restart","StSLib","SuperFastMode"],"gold_per_floor":[214,234,250,250,250,277,287,287,287],"floor_reached":8,"language":"KOR","playtime":219,"items_purged":[],"score":116,"play_id":"07c542ae-8c9d-4140-9d69-03af64e884a9","local_time":"20210210231735","is_ascension_mode":true,"campfire_choices":[],"circlet_count":0,"master_deck":["AscendersBane","Strike_G","Strike_G","Strike_G","Strike_G","Strike_G","Defend_G","Defend_G","Defend_G","Defend_G","Defend_G","Survivor","Neutralize","Skewer","Poisoned Stab","Footwork","Escape Plan"],"relics":["Ring of the Snake","Bag of Preparation","Torii"],"acts_visited":["Exordium"],"potions_floor_usage":[6,7],"damage_taken":[{"damage":5.0,"enemies":"Small Slimes","floor":1.0,"turns":5.0},{"damage":0.0,"enemies":"2 Louse","floor":2.0,"turns":3.0},{"damage":4.0,"enemies":"Cultist","floor":3.0,"turns":3.0},{"damage":17,"enemies":"Lagavulin","floor":6,"turns":5},{"damage":7,"enemies":"3 Louse","floor":7,"turns":4},{"damage":64,"enemies":"Gremlin Nob","floor":8,"turns":5}],"seed_played":"-322280962723831285","potions_obtained":[{"floor":2.0,"key":"Poison Potion"},{"floor":3.0,"key":"Regen Potion"}],"is_trial":false,"path_per_floor":["M","M","M","?","?","E","M","E"],"character_chosen":"THE_SILENT","items_purchased":[],"campfire_rested":0,"item_purchase_floors":[],"current_hp_per_floor":[54,54,50,39,66,49,54,0,0],"gold":287,"neow_bonus":"HUNDRED_GOLD","is_daily":false,"chose_seed":false,"campfire_upgraded":0,"win_rate":0.0,"timestamp":1612966655,"path_taken":["M","M","M","?","?","E","?","E"],"items_purchased_type":[],"build_version":"2020-12-22","purchased_purges":0,"victory":false,"max_hp_per_floor":[66,66,66,66,66,66,66,66,66],"card_choices":[{"not_picked":["Sucker Punch","Catalyst"],"picked":"Skewer","floor":1.0},{"not_picked":["Skewer","Backflip"],"picked":"Poisoned Stab","floor":2.0},{"not_picked":["Deflect","Underhanded Strike","Expertise"],"picked":"SKIP","floor":3.0},{"not_picked":["Quick Slash","Flechettes"],"picked":"Footwork","floor":6},{"not_picked":["Skewer","Expertise"],"picked":"Escape Plan","floor":7}],"player_experience":452363,"relics_obtained":[{"floor":6,"key":"Torii"}],"event_choices":[{"damage_healed":0.0,"max_hp_gain":0.0,"max_hp_loss":0.0,"gold_gain":0.0,"event_name":"Scrap Ooze","player_choice":"Success","floor":4.0,"gold_loss":0.0,"damage_taken":11.0,"relics_obtained":["Bag of Preparation"]},{"damage_healed":27.0,"max_hp_gain":0.0,"max_hp_loss":0.0,"gold_gain":0.0,"event_name":"Wheel of Change","player_choice":"Full Heal","floor":5.0,"gold_loss":0.0,"damage_taken":0.0}],"is_beta":false,"boss_relics":[],"items_purged_floors":[],"is_endless":false,"potions_floor_spawned":[2,3],"killed_by":"Gremlin Nob","ascension_level":20}}