{"host":"epc8efk9vrywpcsw","time":1612956279,"event":{"mods":["BaseMod","Minty Spire (QoL Compilation)","Relic Stats","StSLib"],"gold_per_floor":[114,114,79,154,39,67,67,96,96,131,101,133,133,144,144,144,144],"floor_reached":16,"language":"ENG","playtime":390,"items_purged":[],"score":398,"play_id":"debdfb86-37bd-44ea-af54-cfbcee9cdfbe","local_time":"20210210122439","is_ascension_mode":true,"campfire_choices":[{"data":"Calculated Gamble","floor":7.0,"key":"SMITH"},{"data":"Neutralize","floor":13,"key":"SMITH"},{"data":"Acrobatics","floor":15,"key":"SMITH"}],"circlet_count":0,"master_deck":["AscendersBane","Strike_G","Strike_G","Strike_G","Strike_G","Strike_G","Defend_G","Defend_G+1","Defend_G+1","Defend_G","Defend_G","Survivor+1","Neutralize+1","Underhanded Strike","Acrobatics+1","Calculated Gamble+1","Concentrate+1","Prepared","Expertise","Underhanded Strike"],"relics":["Ring of the Snake","NeowsBlessing","Gremlin Horn","PreservedInsect","War Paint","Ornamental Fan","Dream Catcher"],"acts_visited":["Exordium"],"potions_floor_usage":[12,16],"damage_taken":[{"damage":0.0,"enemies":"Small Slimes","floor":1.0,"turns":1.0},{"damage":0.0,"enemies":"3 Sentries","floor":6.0,"turns":1.0},{"damage":0.0,"enemies":"Gremlin Nob","floor":8.0,"turns":1.0},{"damage":25.0,"enemies":"3 Sentries","floor":10.0,"turns":7.0},{"damage":0,"enemies":"Gremlin Nob","floor":12,"turns":2},{"damage":0,"enemies":"2 Louse","floor":14,"turns":3},{"damage":21,"enemies":"Hexaghost","floor":16,"turns":11}],"seed_played":"-8638632031846484144","potions_obtained":[{"floor":6.0,"key":"SteroidPotion"},{"floor":11.0,"key":"GhostInAJar"}],"is_trial":false,"path_per_floor":["M","?","?","?","$","E","R","E","T","E","?","E","R","M","R","B"],"character_chosen":"THE_SILENT","items_purchased":["Acrobatics","Calculated Gamble"],"campfire_rested":0,"item_purchase_floors":[5,5],"current_hp_per_floor":[59,39,55,44,44,44,44,44,44,19,19,19,19,19,19,0,0],"gold":144,"neow_bonus":"THREE_ENEMY_KILL","is_daily":false,"chose_seed":false,"campfire_upgraded":3,"win_rate":0.0,"timestamp":1612956279,"path_taken":["M","?","?","?","$","E","R","E","T","E","?","E","R","M","R","BOSS"],"items_purchased_type":["Card","Card"],"build_version":"2020-12-22","purchased_purges":0,"victory":false,"max_hp_per_floor":[66,66,66,66,66,66,66,66,66,66,66,66,66,66,66,66,66],"relic_stats":{"Dream Catcher":0,"Gremlin Horn":[3,3],"counters":[7,26],"Ornamental Fan":[24],"PreservedInsect":55,"War Paint":["Concentrate","Survivor"],"obtain_stats":[{"Dream Catcher":12,"NeowsBlessing":0,"Gremlin Horn":6,"Ornamental Fan":10,"PreservedInsect":8,"War Paint":9,"Ring of the Snake":0},{"Dream Catcher":5,"NeowsBlessing":0,"Gremlin Horn":2,"Ornamental Fan":4,"PreservedInsect":3,"War Paint":3,"Ring of the Snake":0},{"Dream Catcher":12,"NeowsBlessing":0,"Gremlin Horn":2,"Ornamental Fan":10,"PreservedInsect":3,"War Paint":3,"Ring of the Snake":0}],"Ring of the Snake":[14]},"card_choices":[{"not_picked":["PiercingWail","Outmaneuver"],"picked":"Underhanded Strike","floor":1.0},{"not_picked":["Dagger Spray","Cloak And Dagger"],"picked":"Concentrate","floor":6.0},{"not_picked":["Choke","Quick Slash"],"picked":"Prepared","floor":8.0},{"not_picked":["Concentrate","Outmaneuver"],"picked":"Expertise","floor":10.0},{"not_picked":["Grand Finale","Choke","Blade Dance"],"picked":"SKIP","floor":12},{"not_picked":["Acrobatics","PiercingWail"],"picked":"Underhanded Strike","floor":14}],"player_experience":505577,"relics_obtained":[{"floor":6.0,"key":"Gremlin Horn"},{"floor":8.0,"key":"PreservedInsect"},{"floor":9.0,"key":"War Paint"},{"floor":10.0,"key":"Ornamental Fan"},{"floor":12,"key":"Dream Catcher"}],"event_choices":[{"damage_healed":0.0,"max_hp_gain":0.0,"max_hp_loss":0.0,"gold_gain":0.0,"event_name":"Shining Light","player_choice":"Entered Light","floor":2.0,"gold_loss":0.0,"damage_taken":20.0,"cards_upgraded":["Defend_G","Defend_G"]},{"damage_healed":16.0,"max_hp_gain":0.0,"max_hp_loss":0.0,"gold_gain":0.0,"event_name":"The Cleric","player_choice":"Healed","floor":3.0,"gold_loss":35.0,"damage_taken":0.0},{"damage_healed":0.0,"max_hp_gain":0.0,"max_hp_loss":0.0,"gold_gain":75.0,"event_name":"World of Goop","player_choice":"Gather Gold","floor":4.0,"gold_loss":0.0,"damage_taken":11.0},{"damage_healed":0.0,"max_hp_gain":0.0,"max_hp_loss":0.0,"gold_gain":0.0,"event_name":"The Woman in Blue","player_choice":"Bought 2 Potions","floor":11.0,"gold_loss":0.0,"damage_taken":0.0}],"is_beta":false,"boss_relics":[],"items_purged_floors":[],"is_endless":false,"potions_floor_spawned":[6],"killed_by":"Hexaghost","ascension_level":20}}