{"host":"rjbqai8ni6dsiu37","time":1612977399,"event":{"mods":["100% Spire Juice","BaseMod","CapriCore","GungeonMod","Marisa£¨Ùöéë¡¡Øª×âÞÞ£©","Minty Spire (QoL Compilation)","Replay The Spire","Shop Mod","StSLib","Td1madao Mod","The Cursed","The Jungle","The Poker Player","WarShipGirlsR/??á´Ò³R mod"],"gold_per_floor":[116,133,18,38,50,50,60,85,85,104,104,114,147,147,147,225,225,242,208,208,226,30,62,12,43,43,43,58,75,90,105,120,120,120,120,120],"floor_reached":35,"language":"KOR","playtime":1160,"items_purged":[],"score":582,"play_id":"ce3d2dd1-3df4-482d-b096-7c8f928d8ae5","local_time":"20210211021639","is_ascension_mode":true,"campfire_choices":[{"data":"rmod:salvage","floor":6,"key":"SMITH"},{"floor":11,"key":"REST"},{"data":"rmod:smokecover","floor":15,"key":"SMITH"},{"data":"rmod:acesubmarine","floor":27,"key":"SMITH"},{"data":"rmod:openingtorpedo","floor":33,"key":"SMITH"}],"circlet_count":0,"master_deck":["AscendersBane","rmod:strick","rmod:strick","rmod:strick","rmod:strick","rmod:defend","rmod:defend","rmod:defend","rmod:defend","rmod:basicallowance","rmod:maingunfire","rmod:salvage+1","rmod:fletcherpendant","rmod:fletcherpendant","rmod:fletcherpendant","rmod:fletcherpendant","rmod:fletcherpendant","rmod:fletcherpendant","rmod:fletcherpendant","rmod:smokecover+1","rmod:fletcherpendant","rmod:royalracing+1","rmod:fletcherpendant+1","rmod:fletcherpendant+1","rmod:fletcherpendant+1","rmod:acesubmarine+1","rmod:fletcherpendant+1","rmod:goodsister","Master of Strategy","rmod:fletcherpendant+1","rmod:fletcherpendant","rmod:openingtorpedo+1","rmod:fletcherpendant","rmod:fletcherpendant+1","rmod:fletcherpendant+1"],"relics":["rmod:firstchargereward","NeowsBlessing","Centennial Puzzle","Replay:Baseball","ReplayTheSpireMod:Ninjato","Philosopher\u0027s Stone","Pantograph","Bottled Lightning"],"acts_visited":["Exordium","TheCity","TheCity"],"potions_floor_usage":[8,12,16,34,35],"damage_taken":[{"damage":0,"enemies":"Cultist","floor":1,"turns":1},{"damage":0,"enemies":"Small Slimes","floor":2,"turns":3},{"damage":4,"enemies":"2 Louse","floor":4,"turns":4},{"damage":0,"enemies":"Exordium Wildlife","floor":5,"turns":2},{"damage":8,"enemies":"Blue Slaver","floor":7,"turns":2},{"damage":6,"enemies":"Gremlin Nob","floor":8,"turns":3},{"damage":9,"enemies":"3 Louse","floor":10,"turns":3},{"damage":4,"enemies":"Gremlin Gang","floor":12,"turns":2},{"damage":15,"enemies":"3 Sentries","floor":13,"turns":6},{"damage":2,"enemies":"Hexaghost","floor":16,"turns":10},{"damage":0,"enemies":"2 Thieves","floor":18,"turns":2},{"damage":0,"enemies":"Spheric Guardian","floor":21,"turns":2},{"damage":2,"enemies":"Book of Stabbing","floor":23,"turns":4},{"damage":21,"enemies":"Gremlin Leader","floor":25,"turns":3},{"damage":0,"enemies":"DemoMod:Red_and_blue_shotgun_kin","floor":28,"turns":2},{"damage":0,"enemies":"DemoMod:Veteran_shot_gun_kin_and_red_shotgun_kin","floor":29,"turns":2},{"damage":0,"enemies":"DemoMod:Veteran_shot_gun_kin_and_blue_shotgun_kin","floor":30,"turns":1},{"damage":0,"enemies":"DemoMod:Veteran_shot_gun_kin_and_blue_shotgun_kin_with_gunsinger","floor":31,"turns":2},{"damage":0,"enemies":"DemoMod:2_Mousers","floor":32,"turns":2},{"damage":52,"enemies":"DemoMod:ResourcefulRat","floor":35,"turns":4}],"seed_played":"-5567831517914652702","potions_obtained":[{"floor":2,"key":"Weak Potion"},{"floor":4,"key":"AttackPotion"},{"floor":10,"key":"Toxic Potion"},{"floor":13,"key":"Explosive Potion"},{"floor":23,"key":"FearPotion"},{"floor":29,"key":"Weak Potion"}],"is_trial":false,"path_per_floor":["M","M","$","M","M","R","M","E","T","M","R","M","E","?","R","B",null,"M","$","?","M","$","E","?","E","T","R","M","M","M","M","M","R","B","B"],"character_chosen":"PRAEFECT","items_purchased":["DemoMod:GnawedKey","rmod:goodsister","Master of Strategy"],"campfire_rested":1,"item_purchase_floors":[3,19,22],"current_hp_per_floor":[63,63,63,59,59,59,51,45,45,36,57,53,38,38,38,36,62,62,62,49,49,49,47,47,26,63,63,63,63,63,63,63,63,15,0,0],"gold":120,"neow_bonus":"THREE_ENEMY_KILL","is_daily":false,"chose_seed":false,"campfire_upgraded":4,"win_rate":0.0,"timestamp":1612977399,"path_taken":["M","M","$","M","M","R","?","E","T","M","R","M","E","?","R","BOSS","M","$","?","M","$","E","?","E","T","R","M","M","M","M","M","R","BOSS","BOSS"],"items_purchased_type":["Relic","Card","Card"],"build_version":"2020-12-22","purchased_purges":0,"victory":false,"max_hp_per_floor":[70,70,70,70,70,70,70,70,70,70,70,70,70,70,70,70,70,70,70,75,75,75,75,75,75,75,75,75,75,75,75,75,75,75,75,75],"card_choices":[{"not_picked":["rmod:luckystar","rmod:unsinkable"],"picked":"rmod:salvage","floor":1},{"not_picked":["rmod:aviationdawn","rmod:overbreakdown","rmod:highspeedshooting"],"picked":"SKIP","floor":2},{"not_picked":["rmod:launchingtorpedo","rmod:ammunitionsupply"],"picked":"rmod:fletcherpendant","floor":4},{"not_picked":["rmod:ring","rmod:spoils","rmod:aluminumsupply"],"picked":"SKIP","floor":5},{"not_picked":["rmod:fuelsupply","rmod:firesupport"],"picked":"rmod:fletcherpendant","floor":7},{"not_picked":["rmod:circuitoustactics","rmod:wife"],"picked":"rmod:smokecover","floor":8},{"not_picked":["rmod:concentratefire","rmod:combined","rmod:selfconfidence"],"picked":"SKIP","floor":10},{"not_picked":["rmod:heivgo","rmod:fuelsupply"],"picked":"rmod:royalracing","floor":12},{"not_picked":["rmod:spoils","rmod:heivgo","rmod:firesupport"],"picked":"SKIP","floor":13},{"not_picked":["rmod:timeschanged","rmod:u235"],"picked":"rmod:acesubmarine","floor":16},{"not_picked":["rmod:overbreakdown+1","rmod:intelligenceanalysis","rmod:steelsupply"],"picked":"SKIP","floor":18},{"not_picked":["rmod:fuelsupply","rmod:unsinkable","rmod:aggressivemary"],"picked":"SKIP","floor":21},{"not_picked":["rmod:bulid","rmod:aluminumsupply","rmod:secretscript"],"picked":"SKIP","floor":23},{"not_picked":["rmod:supportaircraftcarrier","rmod:highspeedshooting"],"picked":"rmod:openingtorpedo","floor":25},{"not_picked":["rmod:wife","rmod:intelligenceanalysis","rmod:circuitoustactics"],"picked":"SKIP","floor":28},{"not_picked":["rmod:openingtorpedo","rmod:timeschanged","rmod:tearstotiara"],"picked":"SKIP","floor":29},{"not_picked":["rmod:openingtorpedo","rmod:timeschanged","rmod:tearstotiara"],"picked":"SKIP","floor":29},{"not_picked":["rmod:luckystar","rmod:combined","rmod:ring"],"picked":"SKIP","floor":30},{"not_picked":["rmod:overbreakdown","rmod:u235"],"picked":"rmod:fletcherpendant+1","floor":31},{"not_picked":["rmod:circuitoustactics","rmod:guardianhero","rmod:fuelsupply"],"picked":"SKIP","floor":32},{"not_picked":["rmod:circuitoustactics","rmod:guardianhero","rmod:fuelsupply"],"picked":"SKIP","floor":32}],"player_experience":253043,"relics_obtained":[{"floor":8,"key":"Centennial Puzzle"},{"floor":9,"key":"Replay:Baseball"},{"floor":13,"key":"ReplayTheSpireMod:Ninjato"},{"floor":23,"key":"Pantograph"},{"floor":25,"key":"Bottled Lightning"}],"event_choices":[{"damage_healed":0,"gold_gain":0,"player_choice":"Grow","damage_taken":0,"max_hp_gain":0,"max_hp_loss":0,"event_name":"Living Wall","floor":14,"gold_loss":0,"cards_upgraded":["rmod:royalracing"]},{"damage_healed":0,"gold_gain":0,"player_choice":"Shed Blood","damage_taken":18,"max_hp_gain":5,"max_hp_loss":0,"event_name":"Forgotten Altar","floor":20,"gold_loss":0}],"is_beta":false,"boss_relics":[{"not_picked":["Runic Pyramid","Snecko Eye"],"picked":"Philosopher\u0027s Stone"}],"items_purged_floors":[],"is_endless":false,"potions_floor_spawned":[2,4,10,13,23,28,29,32],"killed_by":"DemoMod:ResourcefulRat","ascension_level":14}}