{"host":"sc0o2qwpf9j16a4i","time":1612971447,"event":{"mods":["AchievementEnabler","BaseMod","BetterRewards","Block Reminder","Colored Map","Colored Powertips","Custom Start","Highlight Path","Minty Spire (QoL Compilation)","Relic Stats"],"gold_per_floor":[109,184,184,201,214,214,214,225,225,251,251,284,284,300,300,399,399,415,426,460,472,483,517,517,517,517,531,551,578,592,592,592,693,693,703,1702,1702,1714,1714,1741,1755,1773,1773,1804,1804,1804,12,24,24,24],"floor_reached":51,"language":"ENG","playtime":1445,"items_purged":[],"score":934,"play_id":"f3609c1a-1536-43e9-93f2-6ef0022098b5","local_time":"20210210173727","daily_mods":["Allstar","Time Dilation","Night Terrors"],"is_ascension_mode":false,"campfire_choices":[{"data":"Bash","floor":6,"key":"SMITH"},{"data":"Perfected Strike","floor":11,"key":"SMITH"},{"data":"Perfected Strike","floor":13,"key":"SMITH"},{"data":"Battle Trance","floor":15,"key":"SMITH"},{"data":"True Grit","floor":32,"key":"SMITH"},{"data":"Panache","floor":46,"key":"SMITH"},{"data":"Juggernaut","floor":49,"key":"SMITH"}],"circlet_count":0,"master_deck":["Strike_R+1","Strike_R+1","Strike_R+1","Strike_R+1","Strike_R+1","Defend_R+1","Defend_R+1","Defend_R+1","Defend_R+1","Bash+1","Panache+1","The Bomb","Forethought","Secret Weapon","Perfected Strike+1","Rampage","Wild Strike","Bash","Bludgeon","Perfected Strike+1","Battle Trance+1","Whirlwind","Perfected Strike+1","Impervious","Perfected Strike","Battle Trance+1","Perfected Strike+1","True Grit+1","Reaper+1","Clothesline","Flame Barrier","Parasite","Wild Strike","Juggernaut+1","Dark Shackles","Chrysalis"],"relics":["Burning Blood","Centennial Puzzle","The Courier","Shuriken","Busted Crown","Red Mask","Mango","White Beast Statue","Eternal Feather","MutagenicStrength","Snecko Eye","Unceasing Top","Blood Vial","Turnip","Thread and Needle","Dead Branch","Pantograph","Art of War","Bottled Lightning","Toy Ornithopter","Paper Frog","Bronze Scales","HornCleat","Whetstone"],"acts_visited":["Exordium","TheCity","TheBeyond"],"potions_floor_usage":[16,19,23,23,28,29,29,33,33,40,40,42,44,48,50],"damage_taken":[{"damage":6,"enemies":"2 Louse","floor":1,"turns":4},{"damage":0,"enemies":"Small Slimes","floor":4,"turns":2},{"damage":0,"enemies":"Cultist","floor":5,"turns":2},{"damage":0,"enemies":"Large Slime","floor":8,"turns":4},{"damage":13,"enemies":"Lagavulin","floor":10,"turns":5},{"damage":14,"enemies":"Gremlin Nob","floor":12,"turns":3},{"damage":0,"enemies":"3 Louse","floor":14,"turns":1},{"damage":23,"enemies":"The Guardian","floor":16,"turns":6},{"damage":0,"enemies":"Chosen","floor":18,"turns":3},{"damage":7,"enemies":"Shell Parasite","floor":19,"turns":2},{"damage":10,"enemies":"Masked Bandits","floor":20,"turns":3},{"damage":6,"enemies":"Cultist and Chosen","floor":21,"turns":3},{"damage":18,"enemies":"Snake Plant","floor":22,"turns":3},{"damage":10,"enemies":"Book of Stabbing","floor":23,"turns":4},{"damage":0,"enemies":"Snecko","floor":27,"turns":2},{"damage":6,"enemies":"Chosen and Byrds","floor":28,"turns":3},{"damage":0,"enemies":"Slavers","floor":29,"turns":3},{"damage":1,"enemies":"Centurion and Healer","floor":30,"turns":3},{"damage":10,"enemies":"Collector","floor":33,"turns":6},{"damage":0,"enemies":"3 Shapes","floor":35,"turns":2},{"damage":0,"enemies":"Orb Walker","floor":38,"turns":1},{"damage":31,"enemies":"Nemesis","floor":40,"turns":5},{"damage":0,"enemies":"Writhing Mass","floor":41,"turns":4},{"damage":0,"enemies":"Transient","floor":42,"turns":5},{"damage":10,"enemies":"Giant Head","floor":44,"turns":6},{"damage":0,"enemies":"Maw","floor":48,"turns":3},{"damage":0,"enemies":"Time Eater","floor":50,"turns":7}],"seed_played":"-4037251464127196081","potions_obtained":[{"floor":1,"key":"Fruit Juice"},{"floor":8,"key":"Dexterity Potion"},{"floor":14,"key":"FearPotion"},{"floor":16,"key":"LiquidMemories"},{"floor":21,"key":"Regen Potion"},{"floor":23,"key":"Energy Potion"},{"floor":27,"key":"FearPotion"},{"floor":28,"key":"Block Potion"},{"floor":29,"key":"FearPotion"},{"floor":30,"key":"BlessingOfTheForge"},{"floor":33,"key":"SkillPotion"},{"floor":35,"key":"ColorlessPotion"},{"floor":40,"key":"Explosive Potion"},{"floor":41,"key":"Weak Potion"},{"floor":42,"key":"ElixirPotion"},{"floor":44,"key":"BloodPotion"},{"floor":48,"key":"Regen Potion"}],"is_trial":true,"path_per_floor":["M","?","?","M","M","R","?","M","T","E","R","E","R","M","R","B",null,"M","M","?","M","M","E","?","?","T","M","M","E","M","?","R","B",null,"M","?","?","M","?","E","M","M","T","E","?","R","$","M","R","B",null],"character_chosen":"IRONCLAD","items_purchased":["Thread and Needle","Dead Branch","Pantograph","Art of War","Bottled Lightning","Toy Ornithopter","Paper Frog","Bronze Scales","HornCleat","Whetstone","Dexterity Potion"],"campfire_rested":0,"item_purchase_floors":[47,47,47,47,47,47,47,47,47,47,47],"current_hp_per_floor":[80,69,69,75,80,80,80,80,80,73,73,65,65,71,71,59,85,85,84,80,80,68,90,90,90,90,96,96,99,99,99,99,95,99,99,99,99,99,94,70,76,91,91,89,79,94,94,94,94,94],"gold":24,"neow_bonus":"","is_daily":false,"chose_seed":false,"campfire_upgraded":7,"win_rate":0.0,"timestamp":1612971447,"path_taken":["M","?","?","?","M","R","?","M","T","E","R","E","R","?","R","BOSS","M","?","?","M","M","E","?","?","T","M","M","E","M","?","R","BOSS","M","?","?","?","?","E","M","M","T","E","?","R","$","M","R","BOSS"],"items_purchased_type":["Relic","Relic","Relic","Relic","Relic","Relic","Relic","Relic","Relic","Relic","Potion"],"build_version":"2020-12-22","purchased_purges":0,"victory":true,"max_hp_per_floor":[80,80,80,80,80,80,80,80,80,80,80,80,80,80,80,85,85,85,85,85,85,85,99,99,99,99,99,99,99,99,99,99,99,99,99,99,99,99,94,94,94,94,94,94,94,94,94,94,94,94],"relic_stats":{"counters":[27,95],"Dead Branch":[2],"Eternal Feather":15,"Whetstone":["Reaper","Perfected Strike"],"Burning Blood":117,"Blood Vial":2,"Centennial Puzzle":[39],"Busted Crown":42,"Shuriken":[23],"Pantograph":0,"Bronze Scales":[39],"Snecko Eye":[74,59,60,52],"Turnip":[3],"Art of War":[2],"obtain_stats":[{"Dead Branch":47,"Mango":23,"Eternal Feather":29,"Thread and Needle":47,"The Courier":10,"Whetstone":47,"Burning Blood":0,"White Beast Statue":26,"Blood Vial":43,"Centennial Puzzle":9,"Busted Crown":17,"HornCleat":47,"Shuriken":12,"MutagenicStrength":31,"Pantograph":47,"Bronze Scales":47,"Snecko Eye":34,"Turnip":44,"Red Mask":20,"Art of War":47,"Bottled Lightning":47,"Unceasing Top":40,"Toy Ornithopter":47,"Paper Frog":47},{"Dead Branch":25,"Mango":14,"Eternal Feather":17,"Thread and Needle":25,"The Courier":5,"Whetstone":25,"Burning Blood":0,"White Beast Statue":14,"Blood Vial":24,"Centennial Puzzle":4,"Busted Crown":8,"HornCleat":25,"Shuriken":6,"MutagenicStrength":18,"Pantograph":25,"Bronze Scales":25,"Snecko Eye":19,"Turnip":25,"Red Mask":11,"Art of War":25,"Bottled Lightning":25,"Unceasing Top":22,"Toy Ornithopter":25,"Paper Frog":25},{"Dead Branch":85,"Mango":45,"Eternal Feather":53,"Thread and Needle":85,"The Courier":17,"Whetstone":85,"Burning Blood":0,"White Beast Statue":45,"Blood Vial":79,"Centennial Puzzle":12,"Busted Crown":27,"HornCleat":85,"Shuriken":20,"MutagenicStrength":56,"Pantograph":85,"Bronze Scales":85,"Snecko Eye":62,"Turnip":85,"Red Mask":35,"Art of War":85,"Bottled Lightning":85,"Unceasing Top":70,"Toy Ornithopter":85,"Paper Frog":85}],"Unceasing Top":[0],"Toy Ornithopter":0},"card_choices":[{"not_picked":["Pummel","Thunderclap"],"picked":"Perfected Strike","floor":1},{"not_picked":["Power Through","Cleave"],"picked":"Rampage","floor":4},{"not_picked":["Heavy Blade","Sword Boomerang"],"picked":"Wild Strike","floor":5},{"not_picked":["Carnage","Corruption"],"picked":"Perfected Strike","floor":8},{"not_picked":["Armaments","Sword Boomerang"],"picked":"Battle Trance","floor":10},{"not_picked":["Wild Strike","Warcry"],"picked":"Whirlwind","floor":12},{"not_picked":["Warcry","Twin Strike"],"picked":"Perfected Strike","floor":14},{"not_picked":["Berserk","Fiend Fire"],"picked":"Impervious","floor":16},{"not_picked":[],"picked":"Perfected Strike","floor":18},{"not_picked":["Intimidate"],"picked":"SKIP","floor":19},{"not_picked":["Sword Boomerang"],"picked":"SKIP","floor":21},{"not_picked":[],"picked":"Battle Trance+1","floor":22},{"not_picked":["Cleave"],"picked":"SKIP","floor":23},{"not_picked":[],"picked":"Perfected Strike+1","floor":27},{"not_picked":["Brutality"],"picked":"SKIP","floor":28},{"not_picked":[],"picked":"True Grit","floor":29},{"not_picked":["Rampage+1"],"picked":"SKIP","floor":30},{"not_picked":[],"picked":"Reaper","floor":33},{"not_picked":[],"picked":"Clothesline","floor":35},{"not_picked":[],"picked":"Flame Barrier","floor":38},{"not_picked":["Flex"],"picked":"SKIP","floor":40},{"not_picked":[],"picked":"Wild Strike","floor":41},{"not_picked":["Anger+1"],"picked":"SKIP","floor":42},{"not_picked":[],"picked":"Juggernaut","floor":44},{"not_picked":[],"picked":"Dark Shackles","floor":45},{"not_picked":[],"picked":"Chrysalis","floor":45},{"not_picked":["Iron Wave+1"],"picked":"SKIP","floor":48}],"player_experience":1313422,"relics_obtained":[{"floor":9,"key":"Centennial Puzzle"},{"floor":10,"key":"The Courier"},{"floor":12,"key":"Shuriken"},{"floor":20,"key":"Red Mask"},{"floor":23,"key":"Mango"},{"floor":26,"key":"White Beast Statue"},{"floor":29,"key":"Eternal Feather"},{"floor":40,"key":"Unceasing Top"},{"floor":43,"key":"Blood Vial"},{"floor":44,"key":"Turnip"}],"event_choices":[{"damage_healed":0,"gold_gain":75,"player_choice":"Gather Gold","damage_taken":11,"max_hp_gain":0,"max_hp_loss":0,"event_name":"World of Goop","floor":2,"gold_loss":0},{"cards_removed":["Impatience"],"damage_healed":0,"gold_gain":0,"player_choice":"Purged","damage_taken":0,"max_hp_gain":0,"max_hp_loss":0,"event_name":"Purifier","floor":3,"gold_loss":0},{"damage_healed":0,"gold_gain":0,"player_choice":"2 cards matched","damage_taken":0,"max_hp_gain":0,"max_hp_loss":0,"event_name":"Match and Keep!","floor":7,"gold_loss":0,"cards_obtained":["Bash","Bludgeon"]},{"damage_healed":0,"gold_gain":0,"player_choice":"Fought Bandits","damage_taken":0,"max_hp_gain":0,"max_hp_loss":0,"event_name":"Masked Bandits","floor":20,"gold_loss":0},{"damage_healed":0,"gold_gain":0,"player_choice":"Ignored","damage_taken":0,"max_hp_gain":0,"max_hp_loss":0,"event_name":"Beggar","floor":24,"gold_loss":0},{"damage_healed":0,"gold_gain":0,"player_choice":"Simplicity","damage_taken":0,"max_hp_gain":0,"max_hp_loss":0,"event_name":"Back to Basics","floor":25,"gold_loss":0,"cards_upgraded":["Strike_R","Strike_R","Strike_R","Strike_R","Strike_R","Defend_R","Defend_R","Defend_R","Defend_R"]},{"damage_healed":0,"gold_gain":0,"player_choice":"Inject Mutagens","damage_taken":0,"relics_obtained":["MutagenicStrength"],"max_hp_gain":0,"max_hp_loss":0,"event_name":"Drug Dealer","floor":31,"gold_loss":0},{"damage_healed":0,"gold_gain":999,"player_choice":"Gold","damage_taken":0,"max_hp_gain":0,"max_hp_loss":0,"event_name":"MindBloom","floor":36,"gold_loss":0,"cards_obtained":["Normality","Normality"]},{"cards_removed":["Normality","Normality"],"damage_healed":0,"gold_gain":0,"player_choice":"Removed Curses","damage_taken":0,"max_hp_gain":0,"max_hp_loss":0,"event_name":"Fountain of Cleansing","floor":37,"gold_loss":0},{"damage_healed":0,"gold_gain":0,"player_choice":"Max HP","damage_taken":0,"max_hp_gain":0,"max_hp_loss":5,"event_name":"Winding Halls","floor":39,"gold_loss":0},{"damage_healed":0,"gold_gain":0,"player_choice":"Memory 3","damage_taken":10,"max_hp_gain":0,"max_hp_loss":0,"event_name":"SensoryStone","floor":45,"gold_loss":0}],"is_beta":false,"boss_relics":[{"not_picked":["Ectoplasm","Empty Cage"],"picked":"Busted Crown"},{"not_picked":["Calling Bell","Runic Cube"],"picked":"Snecko Eye"}],"items_purged_floors":[],"is_endless":false,"potions_floor_spawned":[1,8,14,16,18,21,23,27,28,29,30,33,35,38,40,41,42,44,48],"ascension_level":0}}