{"host":"jegehu1t82aiec5j","time":1612988026,"event":{"mods":["BaseMod","Colored Map","Minty Spire (QoL Compilation)","Relic Stats","StSLib"],"gold_per_floor":[114,132,132,150,160,190,21,48,48,48,48,61,61,111,111,188,188,200,2,2,2,19,19,53,65,65,11,11,31,31,59,59,59,59],"floor_reached":33,"language":"ENG","playtime":1923,"items_purged":["Strike_G"],"score":513,"play_id":"a3387b83-535b-4fef-99fe-c7ab3c04a727","local_time":"20210210151346","is_ascension_mode":true,"campfire_choices":[{"floor":10,"key":"REST"},{"data":"Footwork","floor":15,"key":"SMITH"},{"data":"Wraith Form v2","floor":23,"key":"SMITH"},{"floor":28,"key":"REST"},{"floor":30,"key":"REST"},{"floor":32,"key":"REST"}],"circlet_count":0,"master_deck":["AscendersBane","Strike_G","Strike_G","Strike_G","Defend_G","Defend_G","Defend_G","Defend_G","Defend_G","Survivor","Neutralize","Reflex","Bouncing Flask","Backstab","Predator","Footwork+1","Escape Plan","Footwork","Deadly Poison","Backflip","Parasite","Wraith Form v2+1","Die Die Die","PiercingWail","Phantasmal Killer","Noxious Fumes+1","Sucker Punch","Catalyst"],"relics":["Ring of the Snake","WarpedTongs","Bag of Preparation","Singing Bowl","Runic Dome","Oddly Smooth Stone","Nloth\u0027s Gift","Paper Crane","Blood Vial","Torii"],"acts_visited":["Exordium","TheCity"],"potions_floor_usage":[8,24,33],"damage_taken":[{"damage":0,"enemies":"Jaw Worm","floor":1,"turns":7},{"damage":0,"enemies":"Cultist","floor":2,"turns":3},{"damage":0,"enemies":"2 Louse","floor":4,"turns":2},{"damage":2,"enemies":"Red Slaver","floor":5,"turns":3},{"damage":35,"enemies":"3 Sentries","floor":6,"turns":11},{"damage":5,"enemies":"Lagavulin","floor":8,"turns":8},{"damage":0,"enemies":"2 Fungi Beasts","floor":12,"turns":4},{"damage":2,"enemies":"The Guardian","floor":16,"turns":10},{"damage":12,"enemies":"3 Byrds","floor":18,"turns":7},{"damage":0,"enemies":"Spheric Guardian","floor":22,"turns":4},{"damage":27,"enemies":"Slavers","floor":24,"turns":10},{"damage":0,"enemies":"Snecko","floor":25,"turns":4},{"damage":30,"enemies":"Cultist and Chosen","floor":29,"turns":7},{"damage":8,"enemies":"Book of Stabbing","floor":31,"turns":6},{"damage":64,"enemies":"Collector","floor":33,"turns":8}],"seed_played":"-2795661060438880872","potions_obtained":[{"floor":2,"key":"DuplicationPotion"},{"floor":8,"key":"Fire Potion"},{"floor":12,"key":"Dexterity Potion"},{"floor":25,"key":"Ancient Potion"}],"is_trial":false,"path_per_floor":["M","M","?","M","M","E","$","E","T","R","?","M","$","?","R","B",null,"M","$","$","?","M","R","E","M","T","$","R","M","R","E","R","B"],"character_chosen":"THE_SILENT","items_purchased":["Footwork","Deadly Poison","Oddly Smooth Stone","PiercingWail","Sucker Punch"],"campfire_rested":4,"item_purchase_floors":[7,7,19,19,27],"current_hp_per_floor":[59,59,59,59,57,22,22,17,17,36,36,38,38,38,38,36,60,50,50,50,50,52,52,25,25,25,25,46,20,42,36,58,0,0],"gold":59,"neow_bonus":"TRANSFORM_CARD","is_daily":false,"chose_seed":false,"campfire_upgraded":2,"win_rate":0.0,"timestamp":1612988026,"path_taken":["M","M","?","M","M","E","$","E","T","R","?","?","$","?","R","BOSS","M","?","$","?","M","R","E","M","T","$","R","?","R","E","R","BOSS"],"items_purchased_type":["Card","Card","Relic","Card","Card"],"build_version":"2020-12-22","purchased_purges":1,"victory":false,"max_hp_per_floor":[66,66,66,66,66,66,66,66,66,66,66,68,68,68,68,68,68,70,70,70,70,72,72,72,72,72,72,72,74,74,74,74,74,74],"relic_stats":{"Blood Vial":6,"Singing Bowl":8,"Torii":0,"counters":[15,94],"Bag of Preparation":[20],"Nloth\u0027s Gift":1,"obtain_stats":[{"Blood Vial":26,"Runic Dome":17,"Singing Bowl":9,"Torii":31,"Oddly Smooth Stone":19,"WingedGreaves":8,"Bag of Preparation":6,"Nloth\u0027s Gift":21,"Paper Crane":24,"Ring of the Snake":0,"WarpedTongs":1},{"Blood Vial":12,"Runic Dome":8,"Singing Bowl":6,"Torii":14,"Oddly Smooth Stone":9,"WingedGreaves":6,"Bag of Preparation":5,"Nloth\u0027s Gift":9,"Paper Crane":11,"Ring of the Snake":0,"WarpedTongs":1},{"Blood Vial":73,"Runic Dome":48,"Singing Bowl":34,"Torii":86,"Oddly Smooth Stone":55,"WingedGreaves":34,"Bag of Preparation":26,"Nloth\u0027s Gift":55,"Paper Crane":69,"Ring of the Snake":0,"WarpedTongs":1}],"Ring of the Snake":[30],"WarpedTongs":[93]},"card_choices":[{"not_picked":["Poisoned Stab","Sucker Punch"],"picked":"Bouncing Flask","floor":1},{"not_picked":["Outmaneuver","Deflect"],"picked":"Backstab","floor":2},{"not_picked":["Slice","PiercingWail"],"picked":"Predator","floor":4},{"not_picked":["Deadly Poison","Dagger Throw"],"picked":"Footwork","floor":5},{"not_picked":["Prepared","Expertise"],"picked":"Escape Plan","floor":6},{"not_picked":["Outmaneuver","Dagger Spray"],"picked":"Backflip","floor":8},{"not_picked":["Night Terror","Slice","Escape Plan"],"picked":"Singing Bowl","floor":12},{"not_picked":["Storm of Steel","Bullet Time"],"picked":"Die Die Die","floor":16},{"not_picked":["Cloak And Dagger","Deadly Poison","Underhanded Strike"],"picked":"Singing Bowl","floor":18},{"not_picked":["Flechettes","Dash","Dagger Spray"],"picked":"Singing Bowl","floor":22},{"not_picked":["Flying Knee","Choke"],"picked":"Phantasmal Killer","floor":24},{"not_picked":["Accuracy","Distraction"],"picked":"Noxious Fumes+1","floor":25},{"not_picked":["Heel Hook","Blur","Predator"],"picked":"Singing Bowl","floor":29},{"not_picked":["Infinite Blades+1","Bouncing Flask"],"picked":"Catalyst","floor":31}],"player_experience":2605315,"relics_obtained":[{"floor":6,"key":"Bag of Preparation"},{"floor":8,"key":"WingedGreaves"},{"floor":9,"key":"Singing Bowl"},{"floor":24,"key":"Paper Crane"},{"floor":26,"key":"Blood Vial"},{"floor":31,"key":"Torii"}],"event_choices":[{"damage_healed":0,"gold_gain":0,"player_choice":"Ignored","damage_taken":0,"max_hp_gain":0,"max_hp_loss":0,"event_name":"Liars Game","floor":3,"gold_loss":0},{"damage_healed":0,"gold_gain":0,"player_choice":"2 cards matched","damage_taken":0,"max_hp_gain":0,"max_hp_loss":0,"event_name":"Match and Keep!","floor":11,"gold_loss":0,"cards_obtained":["Parasite","Wraith Form v2"]},{"damage_healed":0,"gold_gain":50,"player_choice":"Pray","damage_taken":0,"max_hp_gain":0,"max_hp_loss":0,"event_name":"Golden Shrine","floor":14,"gold_loss":0},{"damage_healed":0,"gold_gain":0,"player_choice":"Traded Relic","damage_taken":0,"relics_obtained":["Nloth\u0027s Gift"],"max_hp_gain":0,"max_hp_loss":0,"event_name":"N\u0027loth","floor":21,"relics_lost":["WingedGreaves"],"gold_loss":0}],"is_beta":false,"boss_relics":[{"not_picked":["SlaversCollar","Ring of the Serpent"],"picked":"Runic Dome"}],"items_purged_floors":[7],"is_endless":false,"potions_floor_spawned":[2,8,12,25,31],"killed_by":"Collector","ascension_level":15}}