{"host":"vyjryxuuuxkt43k4","time":1612952437,"event":{"mods":["AchievementEnabler","BaseMod","Colored Map","DeckTracker","Keyboard Shortcuts","Minty Spire (QoL Compilation)","Permanent Neow","Quick Restart","StSLib","SuperFastMode","everything is the same but u backflip on backflip"],"gold_per_floor":[115,115,40,40,56,56,91,153,153,180,180,180,198,198,198,273,273,285,297,347,53,70,70,70,84,166,185,218,232,232,232,232,232,232],"floor_reached":33,"language":"KOR","playtime":5981,"items_purged":["Pain","Strike_G"],"score":746,"play_id":"b88ca888-5252-455e-8eb4-f103579bc870","local_time":"20210210192037","is_ascension_mode":true,"campfire_choices":[{"data":"Dagger Spray","floor":6.0,"key":"SMITH"},{"floor":15.0,"key":"REST"},{"floor":23.0,"key":"REST"},{"data":"Noxious Fumes","floor":30,"key":"SMITH"},{"data":"Footwork","floor":32,"key":"SMITH"}],"circlet_count":0,"master_deck":["AscendersBane","Strike_G","Defend_G","Defend_G","Defend_G","Defend_G","Defend_G","Survivor","Neutralize","Dagger Spray+1","Noxious Fumes+1","PiercingWail","Acrobatics","Finisher","Blade Dance","Venomology","Footwork+1","Backflip","Dodge and Roll","Tactician","PiercingWail","Cloak And Dagger","Blur"],"relics":["Ring of the Snake","NeowsBlessing","WarpedTongs","Bottled Tornado","Blood Vial","Potion Belt","WristBlade","Snake Skull","Singing Bowl","Juzu Bracelet","Nloth\u0027s Gift"],"acts_visited":["Exordium","TheCity"],"potions_floor_usage":[29,29,33,33],"damage_taken":[{"damage":0.0,"enemies":"2 Louse","floor":1.0,"turns":1.0},{"damage":0.0,"enemies":"Cultist","floor":5.0,"turns":1.0},{"damage":0.0,"enemies":"Lagavulin","floor":7.0,"turns":1.0},{"damage":14.0,"enemies":"3 Sentries","floor":8.0,"turns":6.0},{"damage":44.0,"enemies":"Gremlin Nob","floor":10.0,"turns":5.0},{"damage":8.0,"enemies":"Small Slimes","floor":13.0,"turns":3.0},{"damage":0.0,"enemies":"Slime Boss","floor":16.0,"turns":1.0},{"damage":15.0,"enemies":"Spheric Guardian","floor":18.0,"turns":5.0},{"damage":23.0,"enemies":"2 Thieves","floor":19.0,"turns":3.0},{"damage":10.0,"enemies":"Sentry and Sphere","floor":22.0,"turns":5.0},{"damage":6.0,"enemies":"Centurion and Healer","floor":25.0,"turns":8.0},{"damage":0.0,"enemies":"Snecko","floor":27.0,"turns":5.0},{"damage":0.0,"enemies":"Gremlin Leader","floor":28.0,"turns":7.0},{"damage":17,"enemies":"Cultist and Chosen","floor":29,"turns":6},{"damage":56,"enemies":"Champ","floor":33,"turns":12}],"seed_played":"1902888374515803689","potions_obtained":[{"floor":5.0,"key":"BlessingOfTheForge"},{"floor":10.0,"key":"FearPotion"},{"floor":13.0,"key":"SteroidPotion"},{"floor":19.0,"key":"FearPotion"},{"floor":27.0,"key":"Dexterity Potion"},{"floor":28.0,"key":"Ancient Potion"},{"floor":29,"key":"LiquidBronze"}],"is_trial":false,"path_per_floor":["M","?","$","?","M","R","E","?","T","E","?","?","M","?","R","B",null,"M","M","?","$","M","R","?","M","T","M","E","M","R","?","R","B"],"character_chosen":"THE_SILENT","items_purchased":["Snake Skull","Dodge and Roll"],"campfire_rested":2,"item_purchase_floors":[21,21],"current_hp_per_floor":[59,59,59,59,59,59,59,45,45,3,25,25,19,19,53,55,63,50,29,29,29,21,55,55,51,51,53,57,42,42,42,42,0,0],"gold":232,"neow_bonus":"THREE_ENEMY_KILL","is_daily":false,"chose_seed":false,"campfire_upgraded":3,"win_rate":0.0,"timestamp":1612952437,"path_taken":["M","?","$","?","?","R","E","?","T","E","?","?","M","?","R","BOSS","M","?","?","$","?","R","?","M","T","M","E","M","R","?","R","BOSS"],"items_purchased_type":["Relic","Card"],"build_version":"2020-12-22","purchased_purges":2,"victory":false,"max_hp_per_floor":[66,66,66,66,66,66,66,66,66,66,66,66,66,66,66,66,66,66,66,66,66,66,66,66,66,66,66,68,68,68,68,68,68,68],"card_choices":[{"not_picked":["Bane","Dagger Throw"],"picked":"Dagger Spray","floor":1.0},{"not_picked":["Acrobatics","Terror"],"picked":"Noxious Fumes","floor":5.0},{"not_picked":["Dagger Spray","Accuracy"],"picked":"PiercingWail","floor":7.0},{"not_picked":["Choke","Sucker Punch"],"picked":"Acrobatics","floor":8.0},{"not_picked":["Skewer","Acrobatics"],"picked":"Finisher","floor":10.0},{"not_picked":["Masterful Stab","Phantasmal Killer"],"picked":"Blade Dance","floor":13.0},{"not_picked":["Doppelganger","Phantasmal Killer"],"picked":"Venomology","floor":16.0},{"not_picked":["Terror","Cloak And Dagger"],"picked":"Footwork","floor":18.0},{"not_picked":["Underhanded Strike","Acrobatics"],"picked":"Backflip","floor":19.0},{"not_picked":["Dash","Outmaneuver+1"],"picked":"Tactician","floor":22.0},{"not_picked":["Outmaneuver","Deadly Poison"],"picked":"PiercingWail","floor":25.0},{"not_picked":["Expertise+1","Bane"],"picked":"Cloak And Dagger","floor":27.0},{"not_picked":["Deflect","Sucker Punch","Outmaneuver"],"picked":"Singing Bowl","floor":28.0},{"not_picked":["Infinite Blades+1","Backflip"],"picked":"Blur","floor":29}],"player_experience":895638,"relics_obtained":[{"floor":7.0,"key":"Regal Pillow"},{"floor":8.0,"key":"Bottled Tornado"},{"floor":9.0,"key":"Blood Vial"},{"floor":10.0,"key":"Potion Belt"},{"floor":26.0,"key":"Singing Bowl"},{"floor":28.0,"key":"Juzu Bracelet"}],"event_choices":[{"damage_healed":0.0,"max_hp_gain":0.0,"max_hp_loss":0.0,"gold_gain":0.0,"event_name":"Accursed Blacksmith","player_choice":"Rummage","floor":2.0,"gold_loss":0.0,"damage_taken":0.0,"relics_obtained":["WarpedTongs"],"cards_obtained":["Pain"]},{"cards_removed":["Strike_G"],"damage_healed":0.0,"max_hp_gain":0.0,"max_hp_loss":0.0,"gold_gain":0.0,"event_name":"Bonfire Elementals","player_choice":"Offered Basic","floor":4.0,"gold_loss":0.0,"damage_taken":0.0},{"damage_healed":0.0,"max_hp_gain":0.0,"max_hp_loss":0.0,"gold_gain":0.0,"event_name":"Dead Adventurer","player_choice":"Searched \u00271\u0027 times","floor":8.0,"gold_loss":0.0,"damage_taken":0.0},{"damage_healed":22.0,"max_hp_gain":0.0,"max_hp_loss":0.0,"gold_gain":0.0,"event_name":"Big Fish","player_choice":"Banana","floor":11.0,"gold_loss":0.0,"damage_taken":0.0},{"damage_healed":0.0,"max_hp_gain":0.0,"max_hp_loss":0.0,"gold_gain":0.0,"event_name":"Scrap Ooze","player_choice":"Fled","floor":12.0,"gold_loss":0.0,"damage_taken":0.0},{"cards_removed":["Strike_G"],"damage_healed":0.0,"max_hp_gain":0.0,"max_hp_loss":0.0,"gold_gain":0.0,"event_name":"Purifier","player_choice":"Purged","floor":14.0,"gold_loss":0.0,"damage_taken":0.0},{"damage_healed":0.0,"max_hp_gain":0.0,"max_hp_loss":0.0,"gold_gain":50.0,"event_name":"Golden Shrine","player_choice":"Pray","floor":20.0,"gold_loss":0.0,"damage_taken":0.0},{"cards_removed":["Strike_G"],"damage_healed":0.0,"max_hp_gain":0.0,"max_hp_loss":0.0,"gold_gain":0.0,"event_name":"Back to Basics","player_choice":"Elegance","floor":24.0,"gold_loss":0.0,"damage_taken":0.0},{"damage_healed":0,"gold_gain":0,"player_choice":"Traded Relic","damage_taken":0,"relics_obtained":["Nloth\u0027s Gift"],"max_hp_gain":0,"max_hp_loss":0,"event_name":"N\u0027loth","floor":31,"relics_lost":["Regal Pillow"],"gold_loss":0}],"is_beta":false,"boss_relics":[{"not_picked":["Snecko Eye","Velvet Choker"],"picked":"WristBlade"}],"items_purged_floors":[3,21],"is_endless":false,"potions_floor_spawned":[5,10,13,19,27,28,29],"killed_by":"Champ","ascension_level":20}}