{"host":"0kk91h4bq4kgfj0u","time":1612983466,"event":{"mods":["BaseMod","Bestiary","Block Reminder","Colored Map","Colored Powertips","Curses Come First","Highlight Path","Minty Spire (QoL Compilation)","Relic Stats","StSLib"],"gold_per_floor":[110,110,128,139,239,239,257,273,296,316,95,105,133,148,148,251,251,262,262,262,7,27,27,42,42,69,69,85,10,10,10,10,111,111,129,141,141,141,0,0,0],"floor_reached":40,"language":"ENG","playtime":1293,"items_purged":["Shame"],"score":563,"play_id":"c653e5b6-454c-4b05-ae6b-60943cd78483","local_time":"20210210135746","is_ascension_mode":true,"campfire_choices":[{"data":"Shrug It Off","floor":6.0,"key":"SMITH"},{"floor":15.0,"key":"RECALL"},{"floor":23.0,"key":"REST"},{"floor":25.0,"key":"REST"},{"data":"Inflame","floor":30.0,"key":"SMITH"},{"data":"Armaments","floor":32.0,"key":"SMITH"}],"circlet_count":0,"master_deck":["Strike_R","Strike_R","Strike_R","Strike_R","Strike_R","Defend_R","Defend_R","Defend_R","Defend_R","Bash+1","Cleave+1","Thunderclap","Shrug It Off+1","Power Through","Inflame+1","Sadistic Nature","Reckless Charge","Twin Strike","Perfected Strike","Impervious","Armaments+1","Fire Breathing","Blind","Wild Strike","Flex","Berserk","Pommel Strike+1","Thunderclap","Trip","Writhe"],"relics":["Black Blood","PreservedInsect","Strawberry","Mark of Pain","Enchiridion","Vajra","Red Skull","Red Mask"],"acts_visited":["Exordium","TheCity","TheBeyond"],"potions_floor_usage":[36],"damage_taken":[{"damage":8.0,"enemies":"Jaw Worm","floor":1.0,"turns":4.0},{"damage":7.0,"enemies":"2 Louse","floor":3.0,"turns":2.0},{"damage":1.0,"enemies":"Cultist","floor":4.0,"turns":3.0},{"damage":6.0,"enemies":"Blue Slaver","floor":7.0,"turns":4.0},{"damage":0.0,"enemies":"2 Fungi Beasts","floor":8.0,"turns":3.0},{"damage":3.0,"enemies":"Large Slime","floor":10.0,"turns":3.0},{"damage":4.0,"enemies":"Red Slaver","floor":12.0,"turns":3.0},{"damage":21.0,"enemies":"Gremlin Nob","floor":13.0,"turns":4.0},{"damage":8.0,"enemies":"Exordium Wildlife","floor":14.0,"turns":5.0},{"damage":39.0,"enemies":"Slime Boss","floor":16.0,"turns":8.0},{"damage":54.0,"enemies":"3 Byrds","floor":18.0,"turns":6.0},{"damage":12.0,"enemies":"Shell Parasite","floor":22.0,"turns":5.0},{"damage":25.0,"enemies":"Snecko","floor":24.0,"turns":6.0},{"damage":14.0,"enemies":"Chosen and Byrds","floor":28.0,"turns":5.0},{"damage":123.0,"enemies":"Collector","floor":33.0,"turns":11.0},{"damage":20,"enemies":"Orb Walker","floor":35,"turns":3},{"damage":25,"enemies":"3 Darklings","floor":36,"turns":5},{"damage":87,"enemies":"Nemesis","floor":40,"turns":5}],"seed_played":"5264693109049985979","potions_obtained":[{"floor":1.0,"key":"AttackPotion"},{"floor":4.0,"key":"PowerPotion"},{"floor":7.0,"key":"BloodPotion"},{"floor":13.0,"key":"AttackPotion"},{"floor":16.0,"key":"SpeedPotion"},{"floor":22.0,"key":"GamblersBrew"},{"floor":35,"key":"AttackPotion"}],"is_trial":false,"path_per_floor":["M","?","M","M","?","R","M","M","T","M","$","M","E","M","R","B",null,"M","?","?","$","M","R","M","R","T","?","M","$","R","?","R","B",null,"M","M","?","?","?","E"],"character_chosen":"IRONCLAD","items_purchased":["Sadistic Nature","Reckless Charge","Fire Breathing","FairyPotion","Blind"],"campfire_rested":2,"item_purchase_floors":[11,11,21,21,21],"current_hp_per_floor":[70,70,69,74,74,74,74,80,80,80,80,80,72,70,70,37,75,27,56,40,40,51,77,58,84,84,84,76,76,76,76,76,11,68,60,47,47,69,69,0,0],"gold":0,"neow_bonus":"UPGRADE_CARD","is_daily":false,"chose_seed":false,"campfire_upgraded":3,"win_rate":0.0,"timestamp":1612983466,"path_taken":["M","?","M","M","?","R","M","?","T","M","$","M","E","M","R","BOSS","M","?","?","$","M","R","M","R","T","?","M","$","R","?","R","BOSS","M","M","?","?","?","E"],"items_purchased_type":["Card","Card","Card","Potion","Card"],"build_version":"2020-12-22","purchased_purges":1,"victory":false,"max_hp_per_floor":[80,80,80,80,80,80,80,80,80,80,80,80,87,87,87,87,87,87,87,87,87,87,87,87,87,87,87,87,87,87,87,87,87,87,87,87,87,87,87,87,87],"relic_stats":{"counters":[18,85],"Black Blood":109,"PreservedInsect":72,"obtain_stats":[{"Strawberry":13,"Enchiridion":20,"Vajra":27,"Black Blood":34,"PreservedInsect":9,"Mark of Pain":17,"Red Mask":39,"Burning Blood":0,"Red Skull":31},{"Strawberry":8,"Enchiridion":11,"Vajra":13,"Black Blood":15,"PreservedInsect":5,"Mark of Pain":10,"Red Mask":17,"Burning Blood":0,"Red Skull":14},{"Strawberry":26,"Enchiridion":45,"Vajra":56,"Black Blood":72,"PreservedInsect":16,"Mark of Pain":39,"Red Mask":80,"Burning Blood":0,"Red Skull":61}]},"card_choices":[{"not_picked":["Searing Blow","Feel No Pain"],"picked":"Cleave","floor":1.0},{"not_picked":["Body Slam","Twin Strike"],"picked":"Thunderclap","floor":3.0},{"not_picked":["Headbutt","Sever Soul"],"picked":"Shrug It Off","floor":4.0},{"not_picked":["Disarm","Body Slam"],"picked":"Power Through","floor":7.0},{"not_picked":["Bloodletting","Disarm","Thunderclap"],"picked":"SKIP","floor":8.0},{"not_picked":["Wild Strike","Shockwave"],"picked":"Inflame","floor":10.0},{"not_picked":["Havoc","Headbutt"],"picked":"Twin Strike","floor":12.0},{"not_picked":["Iron Wave","Havoc"],"picked":"Perfected Strike","floor":13.0},{"not_picked":["Cleave","Shockwave","Dark Embrace"],"picked":"SKIP","floor":14.0},{"not_picked":["Offering","Fiend Fire"],"picked":"Impervious","floor":16.0},{"not_picked":["True Grit","Wild Strike"],"picked":"Armaments","floor":18.0},{"not_picked":["Feel No Pain","Cleave"],"picked":"Body Slam","floor":22.0},{"not_picked":["Corruption","Armaments"],"picked":"Wild Strike","floor":24.0},{"not_picked":["Blood for Blood","Perfected Strike+1"],"picked":"Flex","floor":28.0},{"not_picked":["Impervious","Double Tap"],"picked":"Berserk","floor":33.0},{"not_picked":["Power Through","True Grit"],"picked":"Pommel Strike+1","floor":35},{"not_picked":["Pommel Strike","Body Slam"],"picked":"Thunderclap","floor":36},{"not_picked":["Transmutation","HandOfGreed"],"picked":"Trip","floor":37}],"player_experience":868313,"relics_obtained":[{"floor":9.0,"key":"PreservedInsect"},{"floor":13.0,"key":"Strawberry"},{"floor":20.0,"key":"Enchiridion"}],"event_choices":[{"damage_healed":0.0,"max_hp_gain":0.0,"max_hp_loss":0.0,"gold_gain":0.0,"event_name":"Living Wall","player_choice":"Grow","floor":2.0,"gold_loss":0.0,"damage_taken":0.0,"cards_upgraded":["Cleave"]},{"damage_healed":0.0,"max_hp_gain":0.0,"max_hp_loss":0.0,"gold_gain":100.0,"event_name":"Wheel of Change","player_choice":"Gold","floor":5.0,"gold_loss":0.0,"damage_taken":0.0},{"damage_healed":29.0,"max_hp_gain":0.0,"max_hp_loss":0.0,"gold_gain":0.0,"event_name":"The Library","player_choice":"Heal","floor":19.0,"gold_loss":0.0,"damage_taken":0.0},{"damage_healed":0.0,"max_hp_gain":0.0,"max_hp_loss":0.0,"gold_gain":0.0,"event_name":"Cursed Tome","player_choice":"Obtained Book","floor":20.0,"gold_loss":0.0,"damage_taken":16.0},{"damage_healed":0.0,"max_hp_gain":0.0,"max_hp_loss":0.0,"gold_gain":0.0,"event_name":"Addict","player_choice":"Stole Relic","floor":27.0,"gold_loss":0.0,"damage_taken":0.0,"relics_obtained":["Vajra"],"cards_obtained":["Shame"]},{"cards_removed":["Body Slam"],"damage_healed":0.0,"max_hp_gain":0.0,"max_hp_loss":0.0,"gold_gain":0.0,"event_name":"WeMeetAgain","player_choice":"Gave Card","floor":31.0,"gold_loss":0.0,"damage_taken":0.0,"relics_obtained":["Red Skull"]},{"damage_healed":0,"gold_gain":0,"player_choice":"Memory 1","damage_taken":0,"max_hp_gain":0,"max_hp_loss":0,"event_name":"SensoryStone","floor":37,"gold_loss":0},{"damage_healed":22,"gold_gain":0,"player_choice":"Writhe","damage_taken":0,"max_hp_gain":0,"max_hp_loss":0,"event_name":"Winding Halls","floor":38,"gold_loss":0,"cards_obtained":["Writhe"]},{"damage_healed":0,"gold_gain":0,"player_choice":"Paid","damage_taken":0,"relics_obtained":["Red Mask"],"max_hp_gain":0,"max_hp_loss":0,"event_name":"Tomb of Lord Red Mask","floor":39,"gold_loss":141}],"is_beta":false,"boss_relics":[{"not_picked":["Sozu","Runic Cube"],"picked":"Mark of Pain"},{"not_picked":["Calling Bell","Philosopher\u0027s Stone"],"picked":"Black Blood"}],"items_purged_floors":[29],"is_endless":false,"potions_floor_spawned":[1,4,7,13,14,16,22,24,35],"killed_by":"Nemesis","ascension_level":9}}