{"host":"wbn3xdfsa5pc2kse","time":1612932691,"event":{"mods":["AchievementEnabler","BaseMod","Bestiary","Colored Map","Colored Powertips","Curses Come First","Highlight Path","Minty Spire (QoL Compilation)","Permanent Neow","Rare Cards Sparkle","Relic Stats","StSLib"],"gold_per_floor":[112,37,47,47,64,92,92,121,121,121,154,173,73,86,86,161,161,171,181,181,181,81,107,123,152,152,176,51,71,113,134,134,221,248,273,328,353,362,375,405,430,474,498,532,532,551,551,591,591,591,591,591,591,27,65,65,65],"floor_reached":56,"language":"ZHT","playtime":3946,"items_purged":["Defend_P","Defend_P","Strike_P","Conclude+1"],"score":2446,"play_id":"502f7378-018e-44ed-9a77-f23de5b6f7e4","local_time":"20210210125131","is_ascension_mode":true,"campfire_choices":[{"data":"Eruption","floor":7.0,"key":"SMITH"},{"data":"CrushJoints","floor":10.0,"key":"SMITH"},{"data":"Vengeance","floor":15.0,"key":"SMITH"},{"data":"Meditate","floor":32.0,"key":"SMITH"},{"floor":45.0,"key":"RECALL"},{"data":"Wallop","floor":47.0,"key":"SMITH"},{"floor":49.0,"key":"REST"},{"floor":53.0,"key":"REST"}],"circlet_count":0,"master_deck":["AscendersBane","Eruption+1","Vigilance+1","CrushJoints+1","Vengeance+1","DeusExMachina+1","LikeWater+1","DeceiveReality+1","Halt+1","Adaptation+1","DevaForm+1","FlurryOfBlows+1","SashWhip+1","Meditate+1","ThirdEye+1","Vault+1","LessonLearned+1","InnerPeace+1","Wallop+1","Meditate+1","MentalFortress+1","InnerPeace+1","Wallop+1"],"relics":["PureWater","HornCleat","Meat on the Bone","Yang","Anchor","Black Star","Nilry\u0027s Codex","Blue Candle","Sundial","CeramicFish","Centennial Puzzle","TeardropLocket","Smiling Mask","CloakClasp","Astrolabe","StoneCalendar","WingedGreaves","MealTicket","Strawberry","The Courier","Potion Belt","Lantern","Regal Pillow","Kunai","Eternal Feather","Blood Vial","Chemical X","Vajra","Thread and Needle"],"acts_visited":["Exordium","TheCity","TheBeyond","TheEnding"],"potions_floor_usage":[56,56],"damage_taken":[{"damage":5.0,"enemies":"Small Slimes","floor":1.0,"turns":8.0},{"damage":0.0,"enemies":"2 Louse","floor":3.0,"turns":1.0},{"damage":0.0,"enemies":"Cultist","floor":5.0,"turns":2.0},{"damage":9.0,"enemies":"Gremlin Nob","floor":6.0,"turns":3.0},{"damage":31.0,"enemies":"3 Sentries","floor":8.0,"turns":12.0},{"damage":2.0,"enemies":"Lagavulin","floor":11.0,"turns":4.0},{"damage":0.0,"enemies":"Lots of Slimes","floor":12.0,"turns":4.0},{"damage":0.0,"enemies":"Exordium Thugs","floor":14.0,"turns":4.0},{"damage":4.0,"enemies":"Hexaghost","floor":16.0,"turns":8.0},{"damage":3.0,"enemies":"Spheric Guardian","floor":18.0,"turns":5.0},{"damage":0.0,"enemies":"Shell Parasite","floor":19.0,"turns":5.0},{"damage":18.0,"enemies":"Slavers","floor":23.0,"turns":8.0},{"damage":0.0,"enemies":"Snecko","floor":24.0,"turns":3.0},{"damage":1.0,"enemies":"Book of Stabbing","floor":25.0,"turns":5.0},{"damage":4.0,"enemies":"Centurion and Healer","floor":27.0,"turns":5.0},{"damage":2.0,"enemies":"Shelled Parasite and Fungi","floor":29.0,"turns":3.0},{"damage":0.0,"enemies":"Slavers","floor":30.0,"turns":3.0},{"damage":0.0,"enemies":"Snake Plant","floor":31.0,"turns":3.0},{"damage":10.0,"enemies":"Collector","floor":33.0,"turns":6.0},{"damage":0.0,"enemies":"3 Shapes","floor":35.0,"turns":6.0},{"damage":7.0,"enemies":"2 Orb Walkers","floor":36.0,"turns":6.0},{"damage":0.0,"enemies":"Mind Bloom Boss Battle","floor":37.0,"turns":5.0},{"damage":0.0,"enemies":"Orb Walker","floor":39.0,"turns":3.0},{"damage":0.0,"enemies":"Giant Head","floor":40.0,"turns":8.0},{"damage":14.0,"enemies":"Reptomancer","floor":41.0,"turns":7.0},{"damage":0.0,"enemies":"Nemesis","floor":42.0,"turns":9.0},{"damage":0.0,"enemies":"Reptomancer","floor":44.0,"turns":10.0},{"damage":0.0,"enemies":"4 Shapes","floor":46.0,"turns":7.0},{"damage":0.0,"enemies":"Nemesis","floor":48.0,"turns":4.0},{"damage":13.0,"enemies":"Awakened One","floor":50.0,"turns":11.0},{"damage":12.0,"enemies":"Donu and Deca","floor":51.0,"turns":7.0},{"damage":26.0,"enemies":"Shield and Spear","floor":55.0,"turns":13.0},{"damage":39,"enemies":"The Heart","floor":56,"turns":3}],"seed_played":"779734798414862286","potions_obtained":[{"floor":11.0,"key":"Strength Potion"},{"floor":12.0,"key":"FearPotion"},{"floor":23.0,"key":"Weak Potion"},{"floor":25.0,"key":"Ambrosia"},{"floor":30.0,"key":"BlessingOfTheForge"},{"floor":33.0,"key":"EntropicBrew"},{"floor":36.0,"key":"Block Potion"},{"floor":39.0,"key":"ColorlessPotion"},{"floor":41.0,"key":"Explosive Potion"},{"floor":42.0,"key":"LiquidMemories"},{"floor":46.0,"key":"Energy Potion"}],"is_trial":false,"path_per_floor":["M","?","M","?","M","E","R","E","T","R","E","M","$","M","R","B",null,"M","M","?","?","$","E","M","E","T","M","$","M","E","M","R","B",null,"M","?","?","?","M","E","E","E","T","E","R","M","R","E","R","B","B",null,"R","$","E","B"],"character_chosen":"WATCHER","items_purchased":["Halt","Fruit Juice","Dexterity Potion","Dexterity Potion","Ambrosia","Blood Vial","Chemical X"],"campfire_rested":2,"item_purchase_floors":[13,54,54,54,54,54,54],"current_hp_per_floor":[56,56,56,56,56,47,47,16,16,16,26,38,38,38,38,34,55,52,52,31,43,43,37,37,36,36,32,32,42,42,42,42,32,55,55,48,48,48,48,55,41,41,41,41,41,41,41,41,69,56,44,63,69,74,48,11,11],"gold":65,"neow_bonus":"REMOVE_TWO","is_daily":false,"chose_seed":false,"campfire_upgraded":5,"win_rate":0.0,"timestamp":1612932691,"path_taken":["M","?","M","?","?","E","R","E","T","R","E","M","?","M","R","BOSS","M","M","?","?","?","E","M","E","T","M","$","M","E","?","R","BOSS","M","?","?","?","M","E","E","E","T","E","R","?","R","E","R","BOSS","BOSS","R","$","E","BOSS"],"items_purchased_type":["Card","Potion","Potion","Potion","Potion","Relic","Relic"],"build_version":"2020-12-22","purchased_purges":4,"victory":false,"max_hp_per_floor":[62,62,62,62,62,62,62,62,62,62,62,62,62,62,62,62,62,62,62,62,62,62,62,62,62,62,62,62,62,62,62,62,62,62,62,62,62,62,62,69,69,69,69,69,69,69,69,69,69,69,69,69,69,74,74,74,74],"relic_stats":{"Regal Pillow":0,"counters":[33,191],"Blue Candle":[0],"CeramicFish":108,"Astrolabe":["Conclude","LessonLearned","InnerPeace"],"Yang":[372],"StoneCalendar":[321],"Eternal Feather":18,"CloakClasp":[473],"Smiling Mask":70,"Blood Vial":2,"Centennial Puzzle":[27],"Sundial":[28],"MealTicket":0,"Black Star":9,"Kunai":[28],"Chemical X":[1],"obtain_stats":[{"Lantern":42,"Regal Pillow":42,"Nilry\u0027s Codex":20,"CeramicFish":25,"Vajra":55,"Yang":9,"StoneCalendar":36,"CloakClasp":30,"TeardropLocket":26,"Smiling Mask":30,"Blood Vial":54,"Centennial Puzzle":25,"HornCleat":6,"Sundial":23,"Strawberry":40,"MealTicket":40,"WingedGreaves":37,"Kunai":44,"Chemical X":54,"Potion Belt":41,"Blue Candle":23,"Astrolabe":34,"Eternal Feather":48,"Thread and Needle":55,"The Courier":41,"Anchor":11,"Black Star":17,"PureWater":0,"Meat on the Bone":8},{"Lantern":26,"Regal Pillow":26,"Nilry\u0027s Codex":11,"CeramicFish":14,"Vajra":32,"Yang":5,"StoneCalendar":21,"CloakClasp":17,"TeardropLocket":14,"Smiling Mask":17,"Blood Vial":31,"Centennial Puzzle":14,"HornCleat":4,"Sundial":12,"Strawberry":24,"MealTicket":24,"WingedGreaves":22,"Kunai":27,"Chemical X":31,"Potion Belt":25,"Blue Candle":12,"Astrolabe":19,"Eternal Feather":29,"Thread and Needle":32,"The Courier":25,"Anchor":6,"Black Star":9,"PureWater":0,"Meat on the Bone":5},{"Lantern":136,"Regal Pillow":136,"Nilry\u0027s Codex":56,"CeramicFish":72,"Vajra":188,"Yang":26,"StoneCalendar":104,"CloakClasp":83,"TeardropLocket":72,"Smiling Mask":83,"Blood Vial":175,"Centennial Puzzle":72,"HornCleat":14,"Sundial":64,"Strawberry":120,"MealTicket":120,"WingedGreaves":109,"Kunai":146,"Chemical X":175,"Potion Belt":127,"Blue Candle":64,"Astrolabe":92,"Eternal Feather":157,"Thread and Needle":188,"The Courier":127,"Anchor":30,"Black Star":46,"PureWater":0,"Meat on the Bone":26}],"Meat on the Bone":48},"card_choices":[{"not_picked":["PathToVictory","FollowUp"],"picked":"CrushJoints","floor":1.0},{"not_picked":["Evaluate","Protect"],"picked":"BowlingBash","floor":3.0},{"not_picked":["JustLucky","Evaluate"],"picked":"Vengeance","floor":5.0},{"not_picked":["Weave","Study","Devotion"],"picked":"SKIP","floor":6.0},{"not_picked":["SpiritShield","FlurryOfBlows"],"picked":"DeusExMachina","floor":8.0},{"not_picked":["BowlingBash","Fasting2"],"picked":"LikeWater","floor":11.0},{"not_picked":["PathToVictory","ThirdEye"],"picked":"DeceiveReality","floor":12.0},{"not_picked":["FollowUp","Weave"],"picked":"Adaptation","floor":14.0},{"not_picked":["Devotion","DeusExMachina"],"picked":"DevaForm","floor":16.0},{"not_picked":["BattleHymn","FlyingSleeves"],"picked":"FlurryOfBlows+1","floor":18.0},{"not_picked":["PathToVictory","Consecrate+1"],"picked":"ClearTheMind","floor":19.0},{"not_picked":["ThirdEye","Alpha","SandsOfTime"],"picked":"SKIP","floor":23.0},{"not_picked":["BowlingBash","EmptyBody","Prostrate+1"],"picked":"SKIP","floor":24.0},{"not_picked":["BowlingBash","EmptyBody","Prostrate+1"],"picked":"SKIP","floor":24.0},{"not_picked":["Collect+1","Blasphemy","ClearTheMind"],"picked":"SKIP","floor":25.0},{"not_picked":["EmptyBody","CrushJoints+1"],"picked":"SashWhip","floor":27.0},{"not_picked":["Halt","Adaptation","Protect"],"picked":"SKIP","floor":29.0},{"not_picked":["Prostrate","Nirvana"],"picked":"Meditate","floor":30.0},{"not_picked":["FollowUp","Collect","ThirdEye+1"],"picked":"SKIP","floor":31.0},{"not_picked":["FollowUp","Collect"],"picked":"ThirdEye+1","floor":31.0},{"not_picked":["ConjureBlade","Establishment"],"picked":"Vault","floor":33.0},{"not_picked":["EmptyBody","Perseverance"],"picked":"Wallop","floor":35.0},{"not_picked":["InnerPeace","FearNoEvil","FlurryOfBlows"],"picked":"SKIP","floor":39.0},{"not_picked":["CutThroughFate","WreathOfFlame","Swivel+1"],"picked":"SKIP","floor":40.0},{"not_picked":["BowlingBash","Evaluate","CarveReality"],"picked":"SKIP","floor":41.0},{"not_picked":["Perseverance","FearNoEvil"],"picked":"MentalFortress","floor":42.0},{"not_picked":["ThirdEye","EmptyFist+1","JustLucky"],"picked":"SKIP","floor":44.0},{"not_picked":["Protect","SignatureMove","Perseverance"],"picked":"SKIP","floor":46.0},{"not_picked":["SpiritShield","Perseverance"],"picked":"InnerPeace","floor":48.0},{"not_picked":["PathToVictory","Halt","Wallop+1"],"picked":"SKIP","floor":55.0},{"not_picked":["PathToVictory","Halt"],"picked":"Wallop+1","floor":55.0}],"player_experience":802050,"relics_obtained":[{"floor":6.0,"key":"HornCleat"},{"floor":8.0,"key":"Meat on the Bone"},{"floor":9.0,"key":"Yang"},{"floor":11.0,"key":"Anchor"},{"floor":20.0,"key":"Nilry\u0027s Codex"},{"floor":23.0,"key":"Blue Candle"},{"floor":23.0,"key":"Sundial"},{"floor":25.0,"key":"CeramicFish"},{"floor":25.0,"key":"Centennial Puzzle"},{"floor":26.0,"key":"TeardropLocket"},{"floor":30.0,"key":"Smiling Mask"},{"floor":30.0,"key":"CloakClasp"},{"floor":36.0,"key":"StoneCalendar"},{"floor":37.0,"key":"WingedGreaves"},{"floor":40.0,"key":"MealTicket"},{"floor":40.0,"key":"Strawberry"},{"floor":41.0,"key":"The Courier"},{"floor":41.0,"key":"Potion Belt"},{"floor":42.0,"key":"Lantern"},{"floor":42.0,"key":"Regal Pillow"},{"floor":44.0,"key":"Kunai"},{"floor":48.0,"key":"Eternal Feather"},{"floor":55.0,"key":"Vajra"},{"floor":55.0,"key":"Thread and Needle"}],"event_choices":[{"cards_removed":["Strike_P"],"damage_healed":0.0,"max_hp_gain":0.0,"max_hp_loss":0.0,"gold_gain":0.0,"event_name":"The Cleric","player_choice":"Card Removal","floor":2.0,"gold_loss":75.0,"damage_taken":0.0},{"cards_removed":["Strike_P"],"damage_healed":0.0,"max_hp_gain":0.0,"max_hp_loss":0.0,"gold_gain":0.0,"event_name":"Purifier","player_choice":"Purged","floor":4.0,"gold_loss":0.0,"damage_taken":0.0},{"damage_healed":0.0,"max_hp_gain":0.0,"max_hp_loss":0.0,"gold_gain":0.0,"event_name":"Cursed Tome","player_choice":"Obtained Book","floor":20.0,"gold_loss":0.0,"damage_taken":21.0},{"damage_healed":12.0,"max_hp_gain":0.0,"max_hp_loss":0.0,"gold_gain":0.0,"event_name":"The Library","player_choice":"Heal","floor":21.0,"gold_loss":0.0,"damage_taken":0.0},{"damage_healed":0.0,"max_hp_gain":0.0,"max_hp_loss":0.0,"gold_gain":0.0,"event_name":"Mysterious Sphere","player_choice":"Fight","floor":36.0,"gold_loss":0.0,"damage_taken":0.0},{"damage_healed":0.0,"max_hp_gain":0.0,"max_hp_loss":0.0,"gold_gain":0.0,"event_name":"MindBloom","player_choice":"Fight","floor":37.0,"gold_loss":0.0,"damage_taken":0.0},{"damage_healed":0.0,"max_hp_gain":0.0,"max_hp_loss":0.0,"gold_gain":0.0,"event_name":"Duplicator","player_choice":"Copied","floor":38.0,"gold_loss":0.0,"damage_taken":0.0,"cards_obtained":["Meditate"]}],"is_beta":false,"boss_relics":[{"not_picked":["Snecko Eye","VioletLotus"],"picked":"Black Star"},{"not_picked":["Velvet Choker","Empty Cage"],"picked":"Astrolabe"}],"items_purged_floors":[13,22,28,54],"is_endless":false,"potions_floor_spawned":[11,12,23,25,27,30,33,35,36,39,41,42,46],"killed_by":"The Heart","ascension_level":20}}