{"host":"7wi4qgm5yw4j7oz0","time":1612984268,"event":{"mods":["AchievementEnabler","BaseMod","Block Reminder","Colored Map","Colored Powertips","Highlight Path","Minty Spire (QoL Compilation)","Permanent Neow","Random Character Button","Rare Cards Sparkle","StSLib","everything is the same but u backflip on backflip"],"gold_per_floor":[111,125,142,153,153,153,153,153,205,237,252,252,26,61,61,165,165,179,94,25,31,31,31,31,58,81,81,81,93,113,113,113,113,113],"floor_reached":33,"language":"KOR","playtime":1798,"items_purged":["Strike_R"],"score":421,"play_id":"e6feb47b-9b0f-4342-86af-a2bad8bd319b","local_time":"20210211041108","is_ascension_mode":true,"campfire_choices":[{"data":"Flex","floor":6.0,"key":"SMITH"},{"data":"Pommel Strike","floor":8.0,"key":"SMITH"},{"data":"Body Slam","floor":15.0,"key":"SMITH"},{"data":"RitualDagger","floor":23.0,"key":"SMITH"},{"floor":27,"key":"REST"},{"floor":32,"key":"REST"}],"circlet_count":0,"master_deck":["Strike_R+1","Strike_R+1","Defend_R+1","Defend_R+1","Defend_R+1","Defend_R+1","Bash","Disarm","Flex+1","Pommel Strike+1","Clothesline","Sentinel","Shrug It Off","Body Slam+1","Juggernaut","Reaper","Body Slam","Spot Weakness","RitualDagger+1","Impervious"],"relics":["Burning Blood","Orichalcum","Potion Belt","Red Skull","Black Star","Smiling Mask","Enchiridion","Blood Vial","PreservedInsect","MealTicket"],"acts_visited":["Exordium","TheCity"],"potions_floor_usage":[25,30,33,33],"damage_taken":[{"damage":4.0,"enemies":"Jaw Worm","floor":1.0,"turns":6.0},{"damage":4.0,"enemies":"Cultist","floor":2.0,"turns":3.0},{"damage":1.0,"enemies":"2 Louse","floor":3.0,"turns":2.0},{"damage":4.0,"enemies":"Blue Slaver","floor":4.0,"turns":3.0},{"damage":8.0,"enemies":"Gremlin Nob","floor":10.0,"turns":5.0},{"damage":9.0,"enemies":"Large Slime","floor":11.0,"turns":10.0},{"damage":22.0,"enemies":"3 Sentries","floor":14.0,"turns":7.0},{"damage":21.0,"enemies":"Slime Boss","floor":16.0,"turns":11.0},{"damage":15.0,"enemies":"Chosen","floor":18.0,"turns":7.0},{"damage":24.0,"enemies":"2 Thieves","floor":21.0,"turns":5.0},{"damage":22,"enemies":"Book of Stabbing","floor":25,"turns":6},{"damage":13,"enemies":"Snake Plant","floor":29,"turns":4},{"damage":10,"enemies":"Centurion and Healer","floor":30,"turns":7},{"damage":92,"enemies":"Champ","floor":33,"turns":15}],"seed_played":"-7525807801603208361","potions_obtained":[{"floor":1.0,"key":"Fruit Juice"},{"floor":2.0,"key":"Fire Potion"},{"floor":7.0,"key":"ColorlessPotion"},{"floor":7.0,"key":"Fruit Juice"},{"floor":7.0,"key":"SkillPotion"},{"floor":10.0,"key":"Swift Potion"},{"floor":14.0,"key":"PowerPotion"},{"floor":16.0,"key":"Ancient Potion"},{"floor":18.0,"key":"DuplicationPotion"},{"floor":21.0,"key":"SkillPotion"},{"floor":29,"key":"Strength Potion"},{"floor":30,"key":"SkillPotion"}],"is_trial":false,"path_per_floor":["M","M","M","M","?","R","?","R","T","E","M","?","$","E","R","B",null,"M","?","$","M","?","R","?","E","T","R","?","M","M","?","R","B"],"character_chosen":"IRONCLAD","items_purchased":["Juggernaut","Spot Weakness"],"campfire_rested":2,"item_purchase_floors":[13,20],"current_hp_per_floor":[79,81,85,85,78,78,83,83,83,81,78,78,78,62,62,47,79,74,74,74,61,55,55,39,23,23,50,32,27,39,39,67,0,0],"gold":113,"neow_bonus":"TRANSFORM_CARD","is_daily":false,"chose_seed":false,"campfire_upgraded":4,"win_rate":0.0,"timestamp":1612984268,"path_taken":["M","M","M","M","?","R","?","R","T","E","?","?","$","E","R","BOSS","M","?","$","M","?","R","?","E","T","R","?","M","M","?","R","BOSS"],"items_purchased_type":["Card","Card"],"build_version":"2020-12-22","purchased_purges":1,"victory":false,"max_hp_per_floor":[85,85,85,85,85,85,90,90,90,90,90,90,90,90,90,90,90,90,90,90,90,90,90,90,90,90,90,95,95,95,95,95,95,95],"card_choices":[{"not_picked":["Combust","Heavy Blade"],"picked":"Flex","floor":1.0},{"not_picked":["Havoc","Intimidate"],"picked":"Pommel Strike","floor":2.0},{"not_picked":["Anger","Hemokinesis"],"picked":"Clothesline","floor":3.0},{"not_picked":["Sword Boomerang","Havoc"],"picked":"Sentinel","floor":4.0},{"not_picked":["Fiend Fire","Infernal Blade"],"picked":"Shrug It Off","floor":10.0},{"not_picked":["Reckless Charge","Headbutt"],"picked":"Body Slam","floor":11.0},{"not_picked":["Sentinel","Cleave","Warcry"],"picked":"SKIP","floor":14.0},{"not_picked":["Fiend Fire","Brutality"],"picked":"Reaper","floor":16.0},{"not_picked":["Pommel Strike","Perfected Strike"],"picked":"Body Slam","floor":18.0},{"not_picked":["Pommel Strike+1","Reckless Charge","Flex"],"picked":"SKIP","floor":21.0},{"not_picked":["Armaments","Second Wind"],"picked":"Impervious","floor":25},{"not_picked":["Evolve+1","Havoc+1","Pommel Strike"],"picked":"SKIP","floor":29},{"not_picked":["Flex","Wild Strike","Havoc+1"],"picked":"SKIP","floor":30}],"player_experience":293008,"relics_obtained":[{"floor":9.0,"key":"Orichalcum"},{"floor":10.0,"key":"Potion Belt"},{"floor":14.0,"key":"Red Skull"},{"floor":24.0,"key":"Enchiridion"},{"floor":25,"key":"Blood Vial"},{"floor":25,"key":"PreservedInsect"},{"floor":26,"key":"MealTicket"}],"event_choices":[{"cards_removed":["Strike_R"],"damage_healed":0.0,"max_hp_gain":0.0,"max_hp_loss":0.0,"gold_gain":0.0,"event_name":"Golden Wing","player_choice":"Card Removal","floor":5.0,"gold_loss":0.0,"damage_taken":7.0},{"damage_healed":0.0,"max_hp_gain":0.0,"max_hp_loss":0.0,"gold_gain":0.0,"event_name":"Lab","player_choice":"Got Potions","floor":7.0,"gold_loss":0.0,"damage_taken":0.0},{"damage_healed":0.0,"max_hp_gain":0.0,"max_hp_loss":0.0,"gold_gain":0.0,"event_name":"Golden Idol","player_choice":"Ignored","floor":12.0,"gold_loss":0.0,"damage_taken":0.0},{"damage_healed":0.0,"max_hp_gain":0.0,"max_hp_loss":0.0,"gold_gain":0.0,"event_name":"Addict","player_choice":"Obtained Relic","floor":19.0,"gold_loss":85.0,"damage_taken":0.0,"relics_obtained":["Smiling Mask"]},{"damage_healed":0.0,"max_hp_gain":0.0,"max_hp_loss":0.0,"gold_gain":0.0,"event_name":"Nest","player_choice":"Joined the Cult","floor":22.0,"gold_loss":0.0,"damage_taken":6.0,"cards_obtained":["RitualDagger"]},{"damage_healed":0.0,"max_hp_gain":0.0,"max_hp_loss":0.0,"gold_gain":0.0,"event_name":"Cursed Tome","player_choice":"Obtained Book","floor":24.0,"gold_loss":0.0,"damage_taken":16.0},{"damage_healed":0,"gold_gain":0,"player_choice":"Shed Blood","damage_taken":23,"max_hp_gain":5,"max_hp_loss":0,"event_name":"Forgotten Altar","floor":28,"gold_loss":0},{"damage_healed":0,"gold_gain":0,"player_choice":"Simplicity","damage_taken":0,"max_hp_gain":0,"max_hp_loss":0,"event_name":"Back to Basics","floor":31,"gold_loss":0,"cards_upgraded":["Strike_R","Strike_R","Defend_R","Defend_R","Defend_R","Defend_R"]}],"is_beta":false,"boss_relics":[{"not_picked":["Fusion Hammer","Runic Dome"],"picked":"Black Star"}],"items_purged_floors":[13],"is_endless":false,"potions_floor_spawned":[1,2,10,14,16,18,21,29,30],"killed_by":"Champ","ascension_level":9}}