{"host":"2smcgt1ki1qcud40","time":1612959070,"event":{"mods":["BaseMod","Minty Spire (QoL Compilation)"],"gold_per_floor":[116,391,405,417,429,456,456,19,68,68,68],"floor_reached":10,"language":"ENG","playtime":499,"items_purged":["Regret"],"score":112,"play_id":"ead3dada-f5f8-41d6-b39a-1f0c28ffa356","local_time":"20210210131110","is_ascension_mode":true,"campfire_choices":[{"floor":7,"key":"REST"}],"circlet_count":0,"master_deck":["AscendersBane","Zap","Dualcast","Doom and Gloom","Sweeping Beam","Steam Power","Beam Cell","Fusion","Go for the Eyes","Chaos","Steam","Turbo","Auto Shields","Conserve Battery","Genetic Algorithm","Capacitor+1","Cold Snap"],"relics":["Pandora\u0027s Box","Symbiotic Virus","Frozen Egg 2","Bronze Scales"],"acts_visited":["Exordium"],"potions_floor_usage":[10],"damage_taken":[{"damage":2,"enemies":"2 Louse","floor":1,"turns":2},{"damage":3,"enemies":"Cultist","floor":3,"turns":3},{"damage":12,"enemies":"Jaw Worm","floor":4,"turns":2},{"damage":0,"enemies":"2 Fungi Beasts","floor":5,"turns":2},{"damage":35,"enemies":"3 Sentries","floor":6,"turns":5},{"damage":41,"enemies":"Gremlin Nob","floor":10,"turns":6}],"seed_played":"-8082637925149869122","potions_obtained":[{"floor":5,"key":"Dexterity Potion"},{"floor":6,"key":"SkillPotion"}],"is_trial":false,"path_per_floor":["M","?","M","M","M","E","R","$","T","E"],"character_chosen":"DEFECT","items_purchased":["Frozen Egg 2","Capacitor+1","Cold Snap"],"campfire_rested":1,"item_purchase_floors":[8,8,8],"current_hp_per_floor":[66,66,63,51,51,16,38,38,38,0,0],"gold":68,"neow_bonus":"BOSS_RELIC","is_daily":false,"chose_seed":false,"campfire_upgraded":0,"win_rate":0.0,"timestamp":1612959070,"path_taken":["M","?","M","?","M","E","R","$","T","E"],"items_purchased_type":["Relic","Card","Card"],"build_version":"2020-12-22","purchased_purges":1,"victory":false,"max_hp_per_floor":[75,75,75,75,75,75,75,75,75,75,75],"card_choices":[{"not_picked":["Barrage","Streamline"],"picked":"Turbo","floor":1},{"not_picked":["Redo","Aggregate"],"picked":"Auto Shields","floor":3},{"not_picked":["Aggregate","Steam"],"picked":"Conserve Battery","floor":4},{"not_picked":["Chaos","Conserve Battery","Stack"],"picked":"SKIP","floor":5},{"not_picked":["Creative AI","Beam Cell"],"picked":"Genetic Algorithm","floor":6}],"player_experience":744162,"relics_obtained":[{"floor":6,"key":"Symbiotic Virus"},{"floor":9,"key":"Bronze Scales"}],"event_choices":[{"damage_healed":0,"gold_gain":275,"player_choice":"Desecrate","damage_taken":0,"max_hp_gain":0,"max_hp_loss":0,"event_name":"Golden Shrine","floor":2,"gold_loss":0,"cards_obtained":["Regret"]}],"is_beta":false,"boss_relics":[],"items_purged_floors":[8],"is_endless":false,"potions_floor_spawned":[5,6],"killed_by":"Gremlin Nob","ascension_level":13}}