{"host":"17xjy7b7ubl548g2","time":1612942394,"event":{"mods":["2.2 Compatiblity","Act Like it!","Aspiration","Astrologer","Bard","BaseMod","Challenge The Spire","ChefMod","Colored Map","Colored Powertips","Conspire","Elementarium","Energized Spire","Gensokyo","GifTheSpireLib","Halation","Hallownest","Hermit","Hubris","Infinite Spire","Jedi Mod","Jorbs\u0027s Wanderer Trilogy","Marisa（霧雨　魔理沙）","Marked Mod","Menagerie","Minty Spire (QoL Compilation)","Permanent Neow","Reliquary","Replay The Spire","Robot Space Explorer","Spicy Shops","Spire Arcade","StSLib","Stuff the Spire","The Blue Laboratory","The Bug Knight","The Construct","The Disciple","The Hayseed","The Hierophant","The Marked","The Runesmith","The Sage","TheFirefly"],"gold_per_floor":[111,111,111,125,125,125,153,153,153,184,184,196,196,213,213,213,213],"floor_reached":16,"language":"ENG","playtime":1471,"items_purged":[],"score":148,"play_id":"4a36deff-f842-4890-a266-e29e3ae1b79f","local_time":"20210210023314","is_ascension_mode":true,"campfire_choices":[{"data":"thefirefly:StealthMode","floor":6.0,"key":"SMITH"},{"data":"thefirefly:CoveringFire","floor":8,"key":"SMITH"},{"data":"thefirefly:LifeSupport","floor":11,"key":"SMITH"},{"data":"1","floor":13,"key":"LIFT"},{"data":"2","floor":15,"key":"LIFT"}],"circlet_count":0,"master_deck":["thefirefly:Strike","thefirefly:Strike","thefirefly:Strike","thefirefly:Strike","thefirefly:Defend","thefirefly:Defend","thefirefly:Defend","thefirefly:Defend","thefirefly:StealthMode+1","thefirefly:PhotonBlast","thefirefly:CoveringFire+1","thefirefly:PotentAmmunition","thefirefly:IonizedBarrier","thefirefly:LifeSupport+1","thefirefly:Reposition","thefirefly:Flight"],"relics":["thefirefly:StealthSystem","aspiration:HiddenCompartment","hubris:Icosahedron","Regal Pillow","Boot","Girya"],"acts_visited":["Exordium"],"potions_floor_usage":[14],"damage_taken":[{"damage":6.0,"enemies":"Gensokyo:Python","floor":1.0,"turns":6.0},{"damage":1.0,"enemies":"Gensokyo:3_Fairies","floor":4.0,"turns":4.0},{"damage":18,"enemies":"Gensokyo:Mamizou","floor":7,"turns":10},{"damage":6,"enemies":"Gensokyo:Cirno","floor":10,"turns":7},{"damage":0,"enemies":"Gensokyo:2_Kodama","floor":12,"turns":5},{"damage":9,"enemies":"Gensokyo:Gryphon_and_Rabbit","floor":14,"turns":5},{"damage":8,"enemies":"Gensokyo:Kokoro","floor":16,"turns":13}],"seed_played":"-7093758140060183092","potions_obtained":[{"floor":4.0,"key":"Venom Potion"},{"floor":10,"key":"Languid Potion"},{"floor":12,"key":"Explosive Potion"},{"floor":14,"key":"Swift Potion"}],"is_trial":false,"path_per_floor":["M","?","?","M","?","R","E","R","T","E","R","M","R","M","R","B"],"character_chosen":"THE_FIREFLY","items_purchased":[],"campfire_rested":0,"item_purchase_floors":[],"current_hp_per_floor":[44,44,50,49,49,49,31,31,31,25,25,34,34,34,34,35,35],"gold":213,"neow_bonus":"RANDOM_COMMON_RELIC","is_daily":false,"chose_seed":false,"campfire_upgraded":3,"win_rate":0.0,"timestamp":1612942394,"path_taken":["M","?","?","?","?","R","E","R","T","E","R","M","R","?","R","BOSS"],"items_purchased_type":[],"build_version":"2020-12-22","purchased_purges":0,"victory":false,"max_hp_per_floor":[55,55,55,55,55,55,55,55,55,55,55,55,55,55,55,55,55],"card_choices":[{"not_picked":["thefirefly:QuantumTunneling","thefirefly:Teleport"],"picked":"thefirefly:CoveringFire","floor":1.0},{"not_picked":["thefirefly:Distort","thefirefly:AccountUncertainty"],"picked":"thefirefly:PotentAmmunition","floor":4.0},{"not_picked":["thefirefly:Cosmogenesis","thefirefly:Distort"],"picked":"thefirefly:IonizedBarrier","floor":7},{"not_picked":["thefirefly:Exile","thefirefly:Teleport"],"picked":"thefirefly:LifeSupport","floor":10},{"not_picked":["thefirefly:Ruminate","thefirefly:SearingEnigma"],"picked":"thefirefly:Reposition","floor":12},{"not_picked":["thefirefly:StoredPower","thefirefly:ShieldArray"],"picked":"thefirefly:Flight","floor":14}],"player_experience":2126859,"relics_obtained":[{"floor":7,"key":"Regal Pillow"},{"floor":9,"key":"Boot"},{"floor":10,"key":"Girya"}],"event_choices":[],"is_beta":false,"boss_relics":[],"items_purged_floors":[],"is_endless":false,"potions_floor_spawned":[4,10,12,14],"killed_by":"Gensokyo:Kokoro","ascension_level":9}}