{"host":"oehe2dxjvdgux73m","time":1612959452,"event":{"mods":["AchievementEnabler","BaseMod","Colored Map","Colored Powertips","DeckTracker","Keyboard Shortcuts","Minty Spire (QoL Compilation)","Permanent Neow","Quick Restart","StSLib","SuperFastMode"],"gold_per_floor":[118,129,42,42,59,59,91,91,118,148,167,196,212,223,223,297,297,315,315,315,315,13,41,41,41,41],"floor_reached":25,"language":"KOR","playtime":710,"items_purged":["Strike_G"],"score":458,"play_id":"15e81b1a-ef04-469e-acab-1eb02d8e2e08","local_time":"20210210211732","is_ascension_mode":true,"campfire_choices":[{"data":"Flechettes","floor":6.0,"key":"SMITH"},{"floor":8.0,"key":"REST"},{"data":"After Image","floor":15.0,"key":"SMITH"},{"floor":24.0,"key":"REST"}],"circlet_count":0,"master_deck":["AscendersBane","Strike_G","Strike_G","Strike_G","Defend_G","Defend_G","Defend_G","Defend_G","Defend_G","Survivor","Neutralize","Blur","Quick Slash","All Out Attack","Grand Finale","Flechettes+1","Crippling Poison","Backstab","After Image+1","Deadly Poison","Adrenaline","Ghostly+1","Ghostly","Ghostly","Dodge and Roll","Bandage Up","Dagger Spray","Backflip+1"],"relics":["Ring of the Snake","Dream Catcher","Regal Pillow","Tiny Chest","Orichalcum","Black Star","The Specimen","Akabeko","HornCleat"],"acts_visited":["Exordium","TheCity"],"potions_floor_usage":[],"damage_taken":[{"damage":5.0,"enemies":"Small Slimes","floor":1.0,"turns":3.0},{"damage":1.0,"enemies":"2 Louse","floor":2.0,"turns":5.0},{"damage":1.0,"enemies":"Cultist","floor":5.0,"turns":5.0},{"damage":27.0,"enemies":"Gremlin Nob","floor":7.0,"turns":4.0},{"damage":0.0,"enemies":"Blue Slaver","floor":11.0,"turns":3.0},{"damage":17.0,"enemies":"3 Sentries","floor":12.0,"turns":6.0},{"damage":3.0,"enemies":"2 Fungi Beasts","floor":13.0,"turns":4.0},{"damage":1.0,"enemies":"Exordium Wildlife","floor":14.0,"turns":3.0},{"damage":34.0,"enemies":"Hexaghost","floor":16.0,"turns":12.0},{"damage":18.0,"enemies":"Chosen","floor":18.0,"turns":6.0},{"damage":14.0,"enemies":"Slavers","floor":23.0,"turns":4.0},{"damage":43,"enemies":"Book of Stabbing","floor":25,"turns":8}],"seed_played":"-4250968286862842610","potions_obtained":[{"floor":5.0,"key":"Fire Potion"},{"floor":11.0,"key":"SteroidPotion"},{"floor":12.0,"key":"LiquidBronze"},{"floor":16.0,"key":"SkillPotion"},{"floor":18.0,"key":"ColorlessPotion"}],"is_trial":false,"path_per_floor":["M","M","$","?","M","R","E","R","T","?","M","E","M","M","R","B",null,"M","?","?","T","$","E","R","E"],"character_chosen":"THE_SILENT","items_purchased":["All Out Attack","Dodge and Roll","Bandage Up","EssenceOfSteel"],"campfire_rested":2,"item_purchase_floors":[3,22,22,22],"current_hp_per_floor":[54,53,53,53,52,52,25,59,59,59,59,42,39,38,38,4,51,33,33,33,33,33,19,33,0,0],"gold":41,"neow_bonus":"RANDOM_COMMON_RELIC","is_daily":false,"chose_seed":false,"campfire_upgraded":2,"win_rate":0.0,"timestamp":1612959452,"path_taken":["M","M","$","?","M","R","E","R","T","?","M","E","M","M","R","BOSS","M","?","?","?","$","E","R","E"],"items_purchased_type":["Card","Card","Card","Potion"],"build_version":"2020-12-22","purchased_purges":1,"victory":false,"max_hp_per_floor":[66,66,66,66,66,66,66,66,66,66,66,66,66,66,66,66,66,66,33,33,33,33,33,33,33,33],"card_choices":[{"not_picked":["Dodge and Roll","Prepared"],"picked":"Blur","floor":1.0},{"not_picked":["Riddle With Holes","Bane"],"picked":"Quick Slash","floor":2.0},{"not_picked":["Eviscerate","Poisoned Stab"],"picked":"Flechettes","floor":5.0},{"not_picked":["Underhanded Strike","Sucker Punch"],"picked":"Crippling Poison","floor":7.0},{"not_picked":["Poisoned Stab","Underhanded Strike"],"picked":"Backstab","floor":8.0},{"not_picked":["Catalyst","Choke","Sucker Punch"],"picked":"SKIP","floor":11.0},{"not_picked":["Catalyst","Choke","Sucker Punch"],"picked":"SKIP","floor":11.0},{"not_picked":["Deadly Poison","Flying Knee"],"picked":"After Image","floor":12.0},{"not_picked":["Bane","Dagger Spray"],"picked":"Deadly Poison","floor":13.0},{"not_picked":["Poisoned Stab","Finisher","Masterful Stab"],"picked":"SKIP","floor":14.0},{"not_picked":["Wraith Form v2","Doppelganger"],"picked":"Adrenaline","floor":16.0},{"not_picked":["Slice","Blade Dance","Deadly Poison"],"picked":"SKIP","floor":18.0},{"not_picked":["Prepared","Dagger Throw"],"picked":"Dagger Spray","floor":23.0},{"not_picked":["Dagger Throw","Acrobatics"],"picked":"Backflip+1","floor":24.0}],"player_experience":446271,"relics_obtained":[{"floor":7.0,"key":"Regal Pillow"},{"floor":9.0,"key":"Tiny Chest"},{"floor":12.0,"key":"Orichalcum"},{"floor":21.0,"key":"The Specimen"},{"floor":23.0,"key":"Akabeko"},{"floor":23.0,"key":"HornCleat"}],"event_choices":[{"damage_healed":0.0,"max_hp_gain":0.0,"max_hp_loss":0.0,"gold_gain":0.0,"cards_transformed":["Strike_G"],"event_name":"Living Wall","player_choice":"Change","floor":4.0,"gold_loss":0.0,"damage_taken":0.0,"cards_obtained":["Grand Finale"]},{"damage_healed":0.0,"max_hp_gain":0.0,"max_hp_loss":0.0,"gold_gain":30.0,"event_name":"Dead Adventurer","player_choice":"Searched \u00271\u0027 times","floor":10.0,"gold_loss":0.0,"damage_taken":0.0},{"damage_healed":0.0,"max_hp_gain":0.0,"max_hp_loss":33.0,"gold_gain":0.0,"event_name":"Ghosts","player_choice":"Became a Ghost","floor":19.0,"gold_loss":0.0,"damage_taken":0.0,"cards_obtained":["Ghostly","Ghostly","Ghostly"]},{"damage_healed":0.0,"max_hp_gain":0.0,"max_hp_loss":0.0,"gold_gain":0.0,"event_name":"Upgrade Shrine","player_choice":"Upgraded","floor":20.0,"gold_loss":0.0,"damage_taken":0.0,"cards_upgraded":["Ghostly"]}],"is_beta":false,"boss_relics":[{"not_picked":["Ring of the Serpent","Busted Crown"],"picked":"Black Star"}],"items_purged_floors":[22],"is_endless":false,"potions_floor_spawned":[5,11,12,16,18],"killed_by":"Book of Stabbing","ascension_level":20}}