{"host":"37ccm3d17clopct7","time":1612948956,"event":{"mods":["BaseMod","GungeonMod","Hermit","Lobotomy","Minty Spire (QoL Compilation)","StSLib","The Bug Knight","The Cursed","The Hierophant","The Jungle","The Runesmith"],"gold_per_floor":[117,117,117,135,154,154,154,29,52,70,96,96,96,111,111,210,210,226,258,258,277,277,277,107,143,222,222,235,269,269,30,30,134,134,147,98,98,109,126,126,126],"floor_reached":40,"language":"KOR","playtime":3344,"items_purged":["TheCursedMod:Strike_TheCursed","TheCursedMod:Defend_TheCursed"],"score":444,"play_id":"ecfb967a-8509-4a04-9049-4c936cdb988b","local_time":"20210210182236","is_ascension_mode":true,"campfire_choices":[{"floor":6,"key":"RECALL"},{"floor":12,"key":"REST"},{"floor":15,"key":"REST"},{"data":"TheCursedMod:Hemoplague","floor":23,"key":"SMITH"},{"floor":27,"key":"REST"},{"floor":32,"key":"REST"}],"circlet_count":0,"master_deck":["TheCursedMod:Strike_TheCursed","TheCursedMod:Strike_TheCursed","TheCursedMod:Defend_TheCursed","TheCursedMod:CursedWand+1","TheCursedMod:CleanUpWorkshop","TheCursedMod:Dregs","TheCursedMod:Obscuration","TheCursedMod:LuckyCharm","TheCursedMod:CursedSpellbook","TheCursedMod:FleshFromBone","TheCursedMod:SpitefulPray","TheCursedMod:SurpriseAttack","TheCursedMod:CollectTribute","TheCursedMod:CircleOfAbyss","TheCursedMod:Hemoplague+1","TheCursedMod:Obscuration","RitualDagger","TheCursedMod:FleshFromBone","TheCursedMod:Hemoplague","TheCursedMod:WearCloak+1","TheCursedMod:TacticalStrike+1","TheCursedMod:CursedAmulet","TheCursedMod:VoidForm","CurseOfTheBell","TheCursedMod:CircleOfCorruption","TheCursedMod:CursedShiv+1","TheCursedMod:CursedShiv+1","TheCursedMod:SpitefulStrike+1"],"relics":["TheCursedMod:BlackMagic101","NeowsBlessing","Question Card","Bronze Scales","Empty Cage","Red Mask","Strawberry","Molten Egg 2","Blood Vial","DemoMod:BlueGuonStone","Calling Bell","Bag of Preparation","TheCursedMod:BloodyHarpoon","Ginger"],"acts_visited":["Exordium","TheCity","TheBeyond"],"potions_floor_usage":[25,25,25,29,29,29,33,40],"damage_taken":[{"damage":0,"enemies":"2 Louse","floor":1,"turns":1},{"damage":0,"enemies":"Jaw Worm","floor":4,"turns":1},{"damage":0,"enemies":"Cultist","floor":5,"turns":1},{"damage":1,"enemies":"Exordium Wildlife","floor":10,"turns":5},{"damage":5,"enemies":"3 Sentries","floor":11,"turns":13},{"damage":0,"enemies":"Blue Slaver","floor":14,"turns":4},{"damage":32,"enemies":"Hexaghost","floor":16,"turns":16},{"damage":14,"enemies":"Chosen","floor":18,"turns":11},{"damage":15,"enemies":"Masked Bandits","floor":19,"turns":6},{"damage":11,"enemies":"Snake Plant","floor":21,"turns":5},{"damage":9,"enemies":"3 Cultists","floor":25,"turns":5},{"damage":9,"enemies":"Shelled Parasite and Fungi","floor":28,"turns":6},{"damage":21,"enemies":"Gremlin Leader","floor":29,"turns":7},{"damage":4,"enemies":"Colosseum Slavers","floor":30,"turns":5},{"damage":9,"enemies":"Champ","floor":33,"turns":23},{"damage":12,"enemies":"3 Shapes","floor":35,"turns":6},{"damage":19,"enemies":"3 Darklings","floor":38,"turns":5},{"damage":23,"enemies":"Transient","floor":39,"turns":5},{"damage":46,"enemies":"Reptomancer","floor":40,"turns":6}],"seed_played":"-552919795297034892","potions_obtained":[{"floor":4,"key":"FearPotion"},{"floor":10,"key":"BlessingOfTheForge"},{"floor":14,"key":"EntropicBrew"},{"floor":25,"key":"SpeedPotion"},{"floor":29,"key":"TheCursedMod:DregsPotion"},{"floor":35,"key":"DistilledChaos"},{"floor":37,"key":"PowerPotion"},{"floor":37,"key":"Strength Potion"},{"floor":37,"key":"SpeedPotion"}],"is_trial":false,"path_per_floor":["M","?","?","M","M","R","?","$","T","M","E","R","$","M","R","B",null,"M","?","?","M","?","R","$","M","T","R","M","E","?","$","R","B",null,"M","$","?","M","M","E"],"character_chosen":"THE_CURSED","items_purchased":["TheCursedMod:FleshFromBone","TheCursedMod:Hemoplague","DemoMod:BlueGuonStone","TheCursedMod:CursedShiv+1"],"campfire_rested":4,"item_purchase_floors":[8,24,31,36],"current_hp_per_floor":[75,68,43,43,43,43,43,43,43,42,37,59,59,59,75,43,75,61,46,40,29,36,36,36,27,27,51,42,21,19,19,43,36,82,70,70,70,53,32,0,0],"gold":126,"neow_bonus":"THREE_ENEMY_KILL","is_daily":false,"chose_seed":false,"campfire_upgraded":1,"win_rate":0.0,"timestamp":1612948956,"path_taken":["M","?","?","M","M","R","?","?","T","?","E","R","$","M","R","BOSS","M","?","?","M","?","R","$","M","T","R","?","E","?","$","R","BOSS","M","$","?","?","?","E"],"items_purchased_type":["Card","Card","Relic","Card"],"build_version":"2020-12-22","purchased_purges":2,"victory":false,"max_hp_per_floor":[75,75,75,75,75,75,75,75,75,75,75,75,75,75,75,75,75,75,75,75,75,82,82,82,82,82,82,82,82,82,82,82,82,82,82,82,82,82,82,82,82],"card_choices":[{"not_picked":["TheCursedMod:Stretching","TheCursedMod:HellsGateOpen"],"picked":"TheCursedMod:Obscuration","floor":1},{"not_picked":["TheCursedMod:VitalStrike","TheCursedMod:ReleasedKnowledge","TheCursedMod:Stigma"],"picked":"TheCursedMod:LuckyCharm","floor":4},{"not_picked":["TheCursedMod:TacticalStrike","TheCursedMod:CursedBlade","TheCursedMod:SoulReap"],"picked":"TheCursedMod:CursedSpellbook","floor":5},{"not_picked":["TheCursedMod:CircleOfWindfury","TheCursedMod:HellsGateOpen","TheCursedMod:ReleasedKnowledge"],"picked":"TheCursedMod:SpitefulPray","floor":10},{"not_picked":["TheCursedMod:CursedArmor","TheCursedMod:TacticalStrike","TheCursedMod:ManaBullet"],"picked":"TheCursedMod:SurpriseAttack","floor":11},{"not_picked":["TheCursedMod:Torture","TheCursedMod:FleshFromBone","TheCursedMod:BlessingInDisguise"],"picked":"TheCursedMod:CollectTribute","floor":14},{"not_picked":["TheCursedMod:Neurasthenia","TheCursedMod:UltimatePain","TheCursedMod:ParallelWorld"],"picked":"TheCursedMod:CircleOfAbyss","floor":16},{"not_picked":["TheCursedMod:Stigma","TheCursedMod:CursedShiv+1","TheCursedMod:SurpriseAttack+1"],"picked":"TheCursedMod:Hemoplague","floor":18},{"not_picked":["TheCursedMod:Wield","TheCursedMod:CursedBlade","TheCursedMod:HellsGateOpen+1"],"picked":"TheCursedMod:Obscuration","floor":19},{"not_picked":["TheCursedMod:Torture","TheCursedMod:Stigma","TheCursedMod:RapidMovement"],"picked":"TheCursedMod:FleshFromBone","floor":21},{"not_picked":["TheCursedMod:SurpriseAttack","TheCursedMod:CircleOfFlame","TheCursedMod:HellsGateOpen"],"picked":"TheCursedMod:WearCloak+1","floor":25},{"not_picked":["TheCursedMod:Torture+1","TheCursedMod:Evocation+1","TheCursedMod:ForbiddenAlchemy"],"picked":"TheCursedMod:TacticalStrike+1","floor":28},{"not_picked":["TheCursedMod:HellsGateOpen","TheCursedMod:TacticalStrike+1","TheCursedMod:CircleOfBlood"],"picked":"TheCursedMod:CursedAmulet","floor":29},{"not_picked":["TheCursedMod:CollectTribute","TheCursedMod:DemonicPact","TheCursedMod:DemonSword+1"],"picked":"TheCursedMod:VoidForm","floor":33},{"not_picked":["TheCursedMod:Wield+1","TheCursedMod:WearCloak","TheCursedMod:CursedBoomerang+1"],"picked":"TheCursedMod:CircleOfCorruption","floor":35},{"not_picked":["TheCursedMod:ManaBullet+1","TheCursedMod:CursedSpellbook+1","TheCursedMod:CircleOfCorruption"],"picked":"TheCursedMod:CursedShiv+1","floor":38},{"not_picked":["TheCursedMod:NeowsMight","TheCursedMod:ManaBullet+1","TheCursedMod:SpreadPlague"],"picked":"TheCursedMod:SpitefulStrike+1","floor":39}],"player_experience":161536,"relics_obtained":[{"floor":11,"key":"Bronze Scales"},{"floor":19,"key":"Red Mask"},{"floor":26,"key":"Molten Egg 2"},{"floor":29,"key":"Blood Vial"},{"floor":34,"key":"Bag of Preparation"},{"floor":34,"key":"TheCursedMod:BloodyHarpoon"},{"floor":34,"key":"Ginger"}],"event_choices":[{"cards_removed":["TheCursedMod:Defend_TheCursed"],"damage_healed":0,"gold_gain":0,"player_choice":"Card Removal","damage_taken":7,"max_hp_gain":0,"max_hp_loss":0,"event_name":"Golden Wing","floor":2,"gold_loss":0},{"damage_healed":0,"gold_gain":0,"player_choice":"Success","damage_taken":25,"relics_obtained":["Question Card"],"max_hp_gain":0,"max_hp_loss":0,"event_name":"Scrap Ooze","floor":3,"gold_loss":0},{"damage_healed":0,"gold_gain":0,"player_choice":"Grow","damage_taken":0,"max_hp_gain":0,"max_hp_loss":0,"event_name":"Living Wall","floor":7,"gold_loss":0,"cards_upgraded":["TheCursedMod:CursedWand"]},{"damage_healed":0,"gold_gain":0,"player_choice":"Fought Bandits","damage_taken":0,"max_hp_gain":0,"max_hp_loss":0,"event_name":"Masked Bandits","floor":19,"gold_loss":0},{"damage_healed":0,"gold_gain":0,"player_choice":"Joined the Cult","damage_taken":6,"max_hp_gain":0,"max_hp_loss":0,"event_name":"Nest","floor":20,"gold_loss":0,"cards_obtained":["RitualDagger"]},{"damage_healed":0,"gold_gain":0,"player_choice":"Gave Potion","damage_taken":0,"relics_obtained":["Strawberry"],"max_hp_gain":0,"max_hp_loss":0,"event_name":"WeMeetAgain","floor":22,"gold_loss":0},{"damage_healed":0,"gold_gain":0,"player_choice":"Fight","damage_taken":0,"max_hp_gain":0,"max_hp_loss":0,"event_name":"Colosseum","floor":30,"gold_loss":0},{"damage_healed":0,"gold_gain":0,"player_choice":"Fled From Nobs","damage_taken":0,"max_hp_gain":0,"max_hp_loss":0,"event_name":"Colosseum","floor":30,"gold_loss":0},{"damage_healed":0,"gold_gain":0,"player_choice":"Got Potions","damage_taken":0,"max_hp_gain":0,"max_hp_loss":0,"event_name":"Lab","floor":37,"gold_loss":0}],"is_beta":false,"boss_relics":[{"not_picked":["Velvet Choker","TheCursedMod:OminousMark"],"picked":"Empty Cage"},{"not_picked":["Busted Crown","Runesmith:UraniumAnvil"],"picked":"Calling Bell"}],"items_purged_floors":[8,24],"is_endless":false,"potions_floor_spawned":[4,10,14,19,25,28,29,35],"killed_by":"Reptomancer","ascension_level":2}}