{"host":"nxma0dbhh74lxenq","time":1612949778,"event":{"mods":["Astrologer","BaseMod","Beaked The Cultist","CapriCore","Colored Map","DeckTracker","Gremlin Mod","Highlight Path","HololiveMod","Koishi","Mad Scientist","Minty Spire (QoL Compilation)","StSLib","SuperFastMode","The Bladedancer","The Cursed","The Immortal","The Mystic","YoumuÅiç∞ÈÆódöÎÅj"],"gold_per_floor":[88,107,107,107,126,126,178,178,178,198,239,262,296,315,315,412,412,388,388,313,333,85,111,111,138,138,175,175,175,195,255,255,332,332,359,371,371,384,384,436,436,20,90,101,119,119,119,144,144,144,144],"floor_reached":52,"language":"JPN","playtime":1960,"items_purged":[],"score":2741,"play_id":"76628962-b648-436b-881a-3919bb65c134","local_time":"20210210183618","is_ascension_mode":true,"campfire_choices":[{"data":"Hololive_CallYozoraMel","floor":6,"key":"SMITH"},{"data":"Hololive_CallShiranuiFlare","floor":8,"key":"SMITH"},{"data":"Hololive_CallOmaruPolka","floor":15,"key":"SMITH"},{"data":"beaked:NemesisSlickness","floor":29,"key":"SMITH"},{"data":"Hololive_CallManoAloe","floor":32,"key":"SMITH"},{"data":"Hololive_StrengthChampion+2","floor":41,"key":"SMITH"},{"data":"Hololive_StrengthChampion+3","floor":46,"key":"SMITH"},{"data":"Hololive_StrengthChampion+4","floor":49,"key":"SMITH"}],"circlet_count":0,"master_deck":["AscendersBane","Hololive_Defend+1","Hololive_OvertimeWork+1","Hololive_CallSakuraMiko+1","Hololive_CallShirakamiFubuki+1","Hololive_CallOzoraSubaru+1","Hololive_CallShiranuiFlare+1","Hololive_CallFriendA+1","Hololive_CallManoAloe+1","Hololive_CallYozoraMel+1","Hololive_IdolExercise+1","Hololive_StrengthChampion+1","Hololive_LuckPotion+1","Hololive_CallOmaruPolka+1","Hololive_CallAkiRosenthal+1","Hololive_Trident+1","Hololive_DDD+1","beaked:NemesisSlickness+1","Hololive_CocoNews+1","J.A.X.+1","Hololive_StrengthChampion+5","Hololive_CallTokoyamiTowa+1","Hololive_Rebound+1","Hololive_FlyingPonyTail+1","Hololive_CallOkamiMio+1","Hololive_CallAkaiHaato+1","Hololive_OvertimeWork+1","Hololive_CallHoushouMarine+1","Hololive_Nanodesu+1","Hololive_Yoholoon+1","Hololive_CocoNews+1","Hololive_Rebound+1","Hololive_Yoholoon+1","Hololive_Yoholoon+1","Hololive_CallMinatoAqua","Hololive_Psychosis+1","Hololive_StarCraft+1"],"relics":["Hololive_TheStar","Gambling Chip","Omamori","Ginger","Unceasing Top","Molten Egg 2","beaked:SacredDeck","ClockworkSouvenir","Art of War","Enchiridion","Oddly Smooth Stone","Lantern","Orichalcum","Tiny Chest","Calling Bell","Ancient Tea Set","The Courier","Du-Vu Doll","Mark of the Bloom","Sundial","Toxic Egg 2","StrikeDummy","MealTicket"],"acts_visited":["Exordium","TheCity","TheBeyond"],"potions_floor_usage":[25,50],"damage_taken":[{"damage":0,"enemies":"Cultist","floor":1,"turns":3},{"damage":0,"enemies":"2 Louse","floor":2,"turns":2},{"damage":0,"enemies":"Jaw Worm","floor":5,"turns":3},{"damage":0,"enemies":"Lagavulin","floor":7,"turns":6},{"damage":0,"enemies":"Exordium Wildlife","floor":10,"turns":4},{"damage":0,"enemies":"Gremlin Nob","floor":11,"turns":4},{"damage":0,"enemies":"Large Slime","floor":12,"turns":5},{"damage":0,"enemies":"3 Sentries","floor":13,"turns":7},{"damage":0,"enemies":"3 Louse","floor":14,"turns":2},{"damage":0,"enemies":"The Guardian","floor":16,"turns":6},{"damage":2,"enemies":"2 Thieves","floor":18,"turns":5},{"damage":3,"enemies":"3 Byrds","floor":21,"turns":3},{"damage":15,"enemies":"Book of Stabbing","floor":23,"turns":5},{"damage":0,"enemies":"Gremlin Leader","floor":25,"turns":5},{"damage":2,"enemies":"Book of Stabbing","floor":27,"turns":5},{"damage":0,"enemies":"Snake Plant","floor":30,"turns":3},{"damage":0,"enemies":"Gremlin Leader","floor":31,"turns":4},{"damage":0,"enemies":"Champ","floor":33,"turns":6},{"damage":0,"enemies":"3 Shapes","floor":35,"turns":3},{"damage":0,"enemies":"3 Darklings","floor":36,"turns":4},{"damage":0,"enemies":"4 Shapes","floor":38,"turns":3},{"damage":0,"enemies":"beaked:SuperParasite","floor":40,"turns":4},{"damage":0,"enemies":"Maw","floor":44,"turns":4},{"damage":0,"enemies":"3 Darklings","floor":45,"turns":3},{"damage":0,"enemies":"Nemesis","floor":48,"turns":5},{"damage":0,"enemies":"Awakened One","floor":50,"turns":6},{"damage":0,"enemies":"Donu and Deca","floor":51,"turns":5}],"seed_played":"-3938567105797146609","potions_obtained":[{"floor":1,"key":"SkillPotion"},{"floor":10,"key":"SmokeBomb"},{"floor":27,"key":"Weak Potion"},{"floor":30,"key":"CultistPotion"},{"floor":48,"key":"AttackPotion"}],"is_trial":false,"path_per_floor":["M","M","?","?","M","R","E","R","T","M","E","M","E","M","R","B",null,"M","?","?","M","$","E","?","E","T","E","?","R","M","E","R","B",null,"M","M","?","M","?","E","R","$","T","M","M","R","?","E","R","B","B",null],"character_chosen":"Hololive_HololiveCharacter","items_purchased":["Hololive_CallTokoyamiTowa","ClockworkSouvenir","Hololive_Yoholoon+1","Hololive_Yoholoon+1","Toxic Egg 2","Hololive_CallMinatoAqua"],"campfire_rested":0,"item_purchase_floors":[22,22,42,42,42,42],"current_hp_per_floor":[27,27,22,30,30,30,30,30,30,30,30,30,30,30,30,30,30,30,30,30,27,27,22,1,15,15,27,27,27,30,30,30,30,30,30,30,30,30,30,30,30,30,30,30,30,30,30,30,30,30,30],"gold":144,"neow_bonus":"REMOVE_CARD","is_daily":false,"chose_seed":false,"campfire_upgraded":8,"win_rate":0.0,"timestamp":1612949778,"path_taken":["M","M","?","?","?","R","E","R","T","M","E","M","E","M","R","BOSS","M","?","?","?","$","E","?","E","T","E","?","R","M","E","R","BOSS","M","M","?","M","?","E","R","$","T","M","M","R","?","E","R","BOSS","BOSS"],"items_purchased_type":["Card","Relic","Card","Card","Relic","Card"],"build_version":"2020-12-22","purchased_purges":0,"victory":true,"max_hp_per_floor":[30,30,30,30,30,30,30,30,30,30,30,30,30,30,30,30,30,30,30,30,30,30,30,30,30,30,30,30,30,30,30,30,30,30,30,30,30,30,30,30,30,30,30,30,30,30,30,30,30,30,30],"card_choices":[{"not_picked":["Hololive_CallTsunomakiWatame","Hololive_RevenueBasedLive","Hololive_Drill"],"picked":"Hololive_CallFriendA","floor":1},{"not_picked":["Hololive_Psychosis","Hololive_Drill","Hololive_CallSpadeEcho"],"picked":"Hololive_CallManoAloe","floor":2},{"not_picked":["Hololive_LuckPotion","Hololive_RevenueBasedLive","Hololive_HuntDinosaur"],"picked":"Hololive_CallYozoraMel","floor":5},{"not_picked":["Hololive_Nanodesu","Hololive_Sequa","Hololive_DiamondStrike"],"picked":"Hololive_IdolExercise","floor":7},{"not_picked":["Hololive_CallAkiRosenthal","Hololive_ManjiGathering","Hololive_LuckPotion"],"picked":"Hololive_StrengthChampion","floor":10},{"not_picked":["Hololive_CallYozoraMel","Hololive_HuntDinosaur","Hololive_CallSakuraMiko"],"picked":"Hololive_LuckPotion","floor":11},{"not_picked":["Hololive_CandyCastle","Hololive_Drill","Hololive_Sequa"],"picked":"Hololive_CallOmaruPolka","floor":12},{"not_picked":["Hololive_DevilCharm","Hololive_CallYozoraMel","Hololive_LuckPotion"],"picked":"Hololive_CallAkiRosenthal","floor":13},{"not_picked":["Hololive_SoulCatcher+1","Hololive_FlyingPonyTail","Hololive_Drill+1"],"picked":"Hololive_Trident+1","floor":14},{"not_picked":["Hololive_DiamondStrike+1","Hololive_AWSL","Hololive_MaximGun+1"],"picked":"Hololive_DDD","floor":16},{"not_picked":["Hololive_CallYozoraMel","Hololive_HuntDinosaur","Hololive_CallCivia"],"picked":"Hololive_CocoNews+1","floor":18},{"not_picked":["Hololive_FlyingPonyTail","Hololive_Trident+1","Hololive_Drill+1"],"picked":"Hololive_StrengthChampion+1","floor":21},{"not_picked":["Hololive_HighAtkLowDef","Hololive_Sequa+1","Hololive_SummonFox"],"picked":"Hololive_Rebound","floor":23},{"not_picked":["Hololive_BeCareful","Hololive_Trident+1","Hololive_CallShiranuiFlare"],"picked":"Hololive_FlyingPonyTail","floor":25},{"not_picked":["Hololive_Sequa+1","Hololive_ILoveYou","Hololive_Trident+1"],"picked":"Hololive_CallOkamiMio","floor":27},{"not_picked":["Hololive_CallSpadeEcho","Hololive_LuckPotion","Hololive_FlyingPonyTail"],"picked":"Hololive_OvertimeWork+1","floor":30},{"not_picked":["Hololive_CallShiroganeNoel","Hololive_Sequa+1","Hololive_HuntDinosaur"],"picked":"Hololive_CallHoushouMarine","floor":31},{"not_picked":["Hololive_AWSL","Hololive_ASMR+1","Hololive_BeCareful"],"picked":"Hololive_Nanodesu+1","floor":33},{"not_picked":["Hololive_Breathe+1","Hololive_CallYukihanaLamy","Hololive_DevilCharm+1"],"picked":"Hololive_Yoholoon+1","floor":35},{"not_picked":["Hololive_Drill+1","Hololive_LuckPotion+1","Hololive_Trident+1","Hololive_FlyingPonyTail"],"picked":"SKIP","floor":36},{"not_picked":["Hololive_Trident+1","Hololive_CallOmaruPolka","Hololive_HuntDinosaur"],"picked":"Hololive_CocoNews+1","floor":38},{"not_picked":["Hololive_Psychosis+1","Hololive_WolfAndLamb","Hololive_SummonFox+1"],"picked":"Hololive_Rebound+1","floor":40},{"not_picked":["Hololive_HuntDinosaur+1","Hololive_LuckPotion+1","Hololive_OvertimeWork+1","Hololive_Trident+1"],"picked":"SKIP","floor":44},{"not_picked":["Hololive_RevenueBasedLive+1","Hololive_CallMomosuzuNene+1","Hololive_CallOmaruPolka"],"picked":"Hololive_Psychosis+1","floor":45},{"not_picked":["Hololive_Trident+1","Hololive_CallAyundaRisu+1","Hololive_DDD+1"],"picked":"Hololive_StarCraft+1","floor":48}],"player_experience":577775,"relics_obtained":[{"floor":7,"key":"Omamori"},{"floor":9,"key":"Ginger"},{"floor":11,"key":"Unceasing Top"},{"floor":13,"key":"Molten Egg 2"},{"floor":23,"key":"Art of War"},{"floor":24,"key":"Enchiridion"},{"floor":25,"key":"Oddly Smooth Stone"},{"floor":26,"key":"Lantern"},{"floor":27,"key":"Orichalcum"},{"floor":31,"key":"Tiny Chest"},{"floor":34,"key":"Ancient Tea Set"},{"floor":34,"key":"The Courier"},{"floor":34,"key":"Du-Vu Doll"},{"floor":40,"key":"Sundial"},{"floor":43,"key":"StrikeDummy"},{"floor":48,"key":"MealTicket"}],"event_choices":[{"damage_healed":0,"gold_gain":0,"player_choice":"Success","damage_taken":5,"relics_obtained":["Gambling Chip"],"max_hp_gain":0,"max_hp_loss":0,"event_name":"Scrap Ooze","floor":3,"gold_loss":0},{"cards_removed":["Hololive_CallShirakamiFubuki"],"damage_healed":8,"gold_gain":0,"player_choice":"Offered Uncommon","damage_taken":0,"max_hp_gain":0,"max_hp_loss":0,"event_name":"Bonfire Elementals","floor":4,"gold_loss":0},{"damage_healed":0,"gold_gain":0,"player_choice":"Obtain J.A.X.","damage_taken":0,"max_hp_gain":0,"max_hp_loss":0,"event_name":"Drug Dealer","floor":19,"gold_loss":0,"cards_obtained":["J.A.X."]},{"cards_removed":["Hololive_Strike"],"damage_healed":0,"gold_gain":0,"player_choice":"Gave Gold","damage_taken":0,"max_hp_gain":0,"max_hp_loss":0,"event_name":"Beggar","floor":20,"gold_loss":75},{"damage_healed":0,"gold_gain":0,"player_choice":"Obtained Book","damage_taken":21,"max_hp_gain":0,"max_hp_loss":0,"event_name":"Cursed Tome","floor":24,"gold_loss":0},{"damage_healed":0,"gold_gain":0,"player_choice":"Read","damage_taken":0,"max_hp_gain":0,"max_hp_loss":0,"event_name":"The Library","floor":28,"gold_loss":0,"cards_obtained":["Hololive_CallAkaiHaato"]},{"damage_healed":0,"gold_gain":0,"player_choice":"Upgrade","damage_taken":0,"relics_obtained":["Mark of the Bloom"],"max_hp_gain":0,"max_hp_loss":0,"event_name":"MindBloom","floor":37,"gold_loss":0,"cards_upgraded":["Hololive_Defend","Hololive_Defend","Hololive_OvertimeWork","Hololive_CallSakuraMiko","Hololive_CallShirakamiFubuki","Hololive_CallOzoraSubaru","Hololive_CallFriendA","Hololive_IdolExercise","Hololive_StrengthChampion","Hololive_LuckPotion","Hololive_CallAkiRosenthal","Hololive_DDD","J.A.X.","Hololive_StrengthChampion","Hololive_CallTokoyamiTowa","Hololive_Rebound","Hololive_FlyingPonyTail","Hololive_CallOkamiMio","Hololive_CallAkaiHaato","Hololive_CallHoushouMarine"]},{"damage_healed":0,"gold_gain":0,"player_choice":"Ignored","damage_taken":0,"max_hp_gain":0,"max_hp_loss":0,"event_name":"Tomb of Lord Red Mask","floor":39,"gold_loss":0},{"cards_removed":["Hololive_Defend"],"damage_healed":0,"gold_gain":0,"player_choice":"Removed Skill","damage_taken":0,"max_hp_gain":0,"max_hp_loss":0,"event_name":"Falling","floor":47,"gold_loss":0}],"is_beta":false,"boss_relics":[{"not_picked":["SlaversCollar","Coffee Dripper"],"picked":"beaked:SacredDeck"},{"not_picked":["Philosopher\u0027s Stone","Hololive_ChaosS"],"picked":"Calling Bell"}],"items_purged_floors":[],"is_endless":false,"potions_floor_spawned":[1,10,11,16,18,27,30,31,36,48],"ascension_level":20}}