{"host":"lx933ja015x1ub68","time":1612954768,"event":{"mods":["AchievementEnabler","BaseMod","Better Match","Better Third Choice","BetterRewards","Colored Map","Exacting","FTL Soundtrack","Minty Spire (QoL Compilation)","Shop Mod","StSLib"],"gold_per_floor":[144,144,63,78,108,138,138,153,153,183,213,213,243,418,418,518,518,533,548,563,523,538,538,4,19,44,59,89,1,31,46,46,146,146,191,221,236,236,251,281,293,350,387,49,64,94,109,139,139,139],"floor_reached":51,"language":"ENG","playtime":12891,"items_purged":[],"score":1286,"play_id":"8f797cba-9aeb-4635-8aec-edeeab92c6ef","local_time":"20210210215928","daily_mods":["Draft","Hoarder","DeadlyEvents"],"is_ascension_mode":false,"campfire_choices":[{"data":"Cloak And Dagger","floor":7.0,"key":"SMITH"},{"floor":12.0,"key":"REST"},{"floor":15.0,"key":"REST"},{"floor":23.0,"key":"REST"},{"floor":32.0,"key":"REST"},{"floor":41.0,"key":"REST"},{"floor":49.0,"key":"REST"}],"circlet_count":0,"master_deck":["Cloak And Dagger","Cloak And Dagger","Cloak And Dagger","Outmaneuver","Outmaneuver","Outmaneuver","Quick Slash","Quick Slash","Cloak And Dagger","Cloak And Dagger","Cloak And Dagger","Outmaneuver","Outmaneuver","Outmaneuver","Deadly Poison","Deadly Poison","Deadly Poison","Flying Knee","Flying Knee","Flying Knee","Deflect","Deflect","Deflect","Sucker Punch","Sucker Punch","Sucker Punch","Dodge and Roll","Dodge and Roll","Dodge and Roll","Dash","Dash","Dash","Dodge and Roll","Dodge and Roll","Dodge and Roll","Cloak And Dagger+1","Cloak And Dagger","Cloak And Dagger","Deflect","Deflect","Deflect","Poisoned Stab","Poisoned Stab","Poisoned Stab","Bane","Bane","Bane","Pain","Pain","Pain","Caltrops","Caltrops","Caltrops","Blade Dance","Blade Dance","Blade Dance","Noxious Fumes","Noxious Fumes","Noxious Fumes","Deflect","Deflect","Deflect","Deflect","Deflect","Deflect","Slice","Slice","Slice","Doubt","Doubt","Doubt","Adrenaline","Adrenaline","Adrenaline+1","Dodge and Roll+1","Dodge and Roll+1","Dodge and Roll+1","Escape Plan+1","Escape Plan+1","Escape Plan+1","Slice","Slice","Slice","After Image","After Image","After Image","Swift Strike","Swift Strike","Swift Strike","Noxious Fumes+1","Noxious Fumes+1","Noxious Fumes+1","Venomology","Venomology","Venomology","Flash of Steel","Flash of Steel","Flash of Steel","Backstab","Backstab","Backstab","Slice+1","Slice+1","Slice+1","A Thousand Cuts","A Thousand Cuts","A Thousand Cuts","Accuracy+1","Accuracy+1","Accuracy+1","Dodge and Roll","Dodge and Roll","Dodge and Roll","Slice","Slice","Slice","Prepared","Prepared","Prepared","Adrenaline","Adrenaline","Adrenaline","Deflect+1","Deflect+1","Deflect+1","Distraction+1","Distraction+1","Distraction+1","Deadly Poison","Deadly Poison","Deadly Poison","After Image","After Image","After Image","Flying Knee+1","Flying Knee+1","Flying Knee+1","Terror+1","Terror+1","Terror+1"],"relics":["Ring of the Snake","WarpedTongs","Blood Vial","Vajra","Mercury Hourglass","MealTicket","Akabeko","Fusion Hammer","Snake Skull","TungstenRod","Happy Flower","Prayer Wheel","Question Card","Runic Pyramid","MawBank","Strawberry","White Beast Statue","Lantern","Mummified Hand"],"acts_visited":["Exordium","TheCity","TheBeyond"],"potions_floor_usage":[50,50,50],"damage_taken":[{"damage":0.0,"enemies":"Small Slimes","floor":1.0,"turns":4.0},{"damage":0.0,"enemies":"Cultist","floor":4.0,"turns":2.0},{"damage":7.0,"enemies":"2 Louse","floor":5.0,"turns":2.0},{"damage":3.0,"enemies":"Gremlin Nob","floor":6.0,"turns":4.0},{"damage":21.0,"enemies":"Exordium Thugs","floor":8.0,"turns":5.0},{"damage":10.0,"enemies":"Lagavulin","floor":10.0,"turns":6.0},{"damage":13.0,"enemies":"Gremlin Nob","floor":11.0,"turns":4.0},{"damage":11.0,"enemies":"3 Sentries","floor":13.0,"turns":5.0},{"damage":50.0,"enemies":"The Guardian","floor":16.0,"turns":10.0},{"damage":4.0,"enemies":"Spheric Guardian","floor":18.0,"turns":4.0},{"damage":16.0,"enemies":"Shell Parasite","floor":19.0,"turns":2.0},{"damage":8.0,"enemies":"Centurion and Healer","floor":20.0,"turns":5.0},{"damage":23.0,"enemies":"Snecko","floor":22.0,"turns":6.0},{"damage":0.0,"enemies":"3 Cultists","floor":25.0,"turns":5.0},{"damage":0.0,"enemies":"Cultist and Chosen","floor":27.0,"turns":4.0},{"damage":0.0,"enemies":"Gremlin Leader","floor":28.0,"turns":6.0},{"damage":5.0,"enemies":"Slavers","floor":30.0,"turns":6.0},{"damage":21.0,"enemies":"Snake Plant","floor":31.0,"turns":3.0},{"damage":24.0,"enemies":"Collector","floor":33.0,"turns":8.0},{"damage":3.0,"enemies":"3 Shapes","floor":35.0,"turns":3.0},{"damage":8.0,"enemies":"3 Darklings","floor":36.0,"turns":5.0},{"damage":0.0,"enemies":"Spire Growth","floor":37.0,"turns":4.0},{"damage":14.0,"enemies":"Writhing Mass","floor":39.0,"turns":4.0},{"damage":49.0,"enemies":"Giant Head","floor":40.0,"turns":9.0},{"damage":8.0,"enemies":"Sphere and 2 Shapes","floor":42.0,"turns":5.0},{"damage":0.0,"enemies":"4 Shapes","floor":45.0,"turns":5.0},{"damage":5.0,"enemies":"Reptomancer","floor":46.0,"turns":5.0},{"damage":0.0,"enemies":"Maw","floor":47.0,"turns":7.0},{"damage":3.0,"enemies":"Nemesis","floor":48.0,"turns":9.0},{"damage":58,"enemies":"Time Eater","floor":50,"turns":11}],"seed_played":"-878916022338446095","potions_obtained":[{"floor":1.0,"key":"BlessingOfTheForge"},{"floor":6.0,"key":"ColorlessPotion"},{"floor":13.0,"key":"DuplicationPotion"},{"floor":27.0,"key":"Regen Potion"},{"floor":28.0,"key":"PowerPotion"},{"floor":30.0,"key":"CunningPotion"},{"floor":33.0,"key":"PowerPotion"},{"floor":36.0,"key":"AttackPotion"},{"floor":39.0,"key":"PowerPotion"},{"floor":40.0,"key":"SpeedPotion"},{"floor":47.0,"key":"PowerPotion"}],"is_trial":false,"path_per_floor":["M","?","$","M","M","E","R","M","T","E","E","R","E","?","R","B",null,"M","M","M","?","M","R","$","M","T","M","E","$","E","M","R","B",null,"M","M","M","?","M","E","R","M","T","$","M","E","M","E","R","B",null],"character_chosen":"THE_SILENT","items_purchased":["Caltrops","Snake Skull","TungstenRod","Swift Strike","Flash of Steel","White Beast Statue","ColorlessPotion","SkillPotion"],"campfire_rested":6,"item_purchase_floors":[3,24,24,24,29,44,44,44],"current_hp_per_floor":[70,70,70,70,63,60,60,41,41,33,22,43,34,34,55,9,72,68,54,48,48,27,48,63,65,65,67,69,72,67,48,69,57,72,69,63,65,65,53,6,27,21,28,43,45,42,44,43,66,10],"gold":139,"neow_bonus":"","is_daily":true,"chose_seed":false,"campfire_upgraded":1,"win_rate":0.0,"timestamp":1612954768,"path_taken":["M","?","$","?","M","E","R","M","T","E","?","R","?","?","R","BOSS","M","M","M","?","?","R","?","M","T","M","E","$","?","M","R","BOSS","M","?","M","?","M","E","R","?","T","$","M","?","M","?","R","BOSS"],"items_purchased_type":["Card","Relic","Relic","Card","Card","Relic","Potion","Potion"],"build_version":"2020-12-22","purchased_purges":0,"victory":true,"max_hp_per_floor":[70,70,70,70,70,70,70,70,70,70,70,70,70,70,70,72,72,72,72,72,72,72,72,72,72,72,72,72,72,72,72,72,72,72,72,72,72,72,72,72,72,72,79,79,79,79,79,79,79,79],"card_choices":[{"not_picked":["Crippling Poison","Dodge and Roll"],"picked":"Cloak And Dagger","floor":0.0},{"not_picked":["Predator","Leg Sweep"],"picked":"Outmaneuver","floor":0.0},{"not_picked":["Backflip","Flechettes"],"picked":"Quick Slash","floor":0.0},{"not_picked":["Sucker Punch","Skewer"],"picked":"Cloak And Dagger","floor":0.0},{"not_picked":["Backflip","Expertise"],"picked":"Outmaneuver","floor":0.0},{"not_picked":["Acrobatics","Bane"],"picked":"Deadly Poison","floor":0.0},{"not_picked":["Skewer","Backflip"],"picked":"Flying Knee","floor":0.0},{"not_picked":["Prepared","PiercingWail"],"picked":"Deflect","floor":0.0},{"not_picked":["Quick Slash","PiercingWail"],"picked":"Sucker Punch","floor":0.0},{"not_picked":["Deadly Poison","Cloak And Dagger"],"picked":"Dodge and Roll","floor":0.0},{"not_picked":["Setup","Dagger Spray"],"picked":"Dash","floor":0.0},{"not_picked":["Acrobatics","Prepared"],"picked":"Dodge and Roll","floor":0.0},{"not_picked":["Crippling Poison","Deadly Poison"],"picked":"Cloak And Dagger","floor":0.0},{"not_picked":["Prepared","Outmaneuver"],"picked":"Deflect","floor":0.0},{"not_picked":["Outmaneuver","Quick Slash"],"picked":"Poisoned Stab","floor":0.0},{"not_picked":["Finisher","Backflip"],"picked":"Bane","floor":1.0},{"not_picked":["Quick Slash","Concentrate"],"picked":"Blade Dance","floor":4.0},{"not_picked":["Prepared","Dagger Throw","Flying Knee"],"picked":"SKIP","floor":5.0},{"not_picked":["Deadly Poison","Corpse Explosion"],"picked":"Noxious Fumes","floor":6.0},{"not_picked":["Dagger Spray","Backflip"],"picked":"Deflect","floor":8.0},{"not_picked":["Endless Agony","Quick Slash","Sucker Punch"],"picked":"SKIP","floor":10.0},{"not_picked":["Dagger Throw","Riddle With Holes"],"picked":"Deflect","floor":11.0},{"not_picked":["Bane","Adrenaline"],"picked":"Slice","floor":13.0},{"not_picked":["Venomology","Envenom"],"picked":"Adrenaline","floor":16.0},{"not_picked":["Eviscerate","Outmaneuver"],"picked":"Dodge and Roll+1","floor":18.0},{"not_picked":["Sucker Punch","Dash"],"picked":"Escape Plan+1","floor":19.0},{"not_picked":["Dagger Throw+1","Poisoned Stab"],"picked":"Slice","floor":20.0},{"not_picked":["Acrobatics","Outmaneuver"],"picked":"After Image","floor":22.0},{"not_picked":["Underhanded Strike","Escape Plan"],"picked":"Noxious Fumes+1","floor":25.0},{"not_picked":["Bane","Prepared","Leg Sweep"],"picked":"SKIP","floor":27.0},{"not_picked":["Poisoned Stab","Cloak And Dagger+1"],"picked":"Venomology","floor":28.0},{"not_picked":["Dodge and Roll","Eviscerate"],"picked":"Backstab","floor":30.0},{"not_picked":["Blade Dance","Flying Knee","Underhanded Strike"],"picked":"Slice+1","floor":31.0},{"not_picked":["Dagger Spray","Dash+1","Bouncing Flask","Crippling Poison+1"],"picked":"SKIP","floor":31.0},{"not_picked":["Bullet Time","Storm of Steel","Unload"],"picked":"A Thousand Cuts","floor":33.0},{"not_picked":["Dodge and Roll","Well Laid Plans","Sucker Punch+1","Bane+1"],"picked":"SKIP","floor":35.0},{"not_picked":["Eviscerate+1","Riddle With Holes","Outmaneuver+1","Prepared"],"picked":"SKIP","floor":35.0},{"not_picked":["Dagger Spray","Quick Slash","Bane"],"picked":"Accuracy+1","floor":36.0},{"not_picked":["Terror","Dagger Throw","Bouncing Flask+1"],"picked":"Dodge and Roll","floor":36.0},{"not_picked":["Well Laid Plans","Flying Knee+1","Poisoned Stab"],"picked":"Slice","floor":37.0},{"not_picked":["Poisoned Stab+1","Acrobatics","Footwork+1"],"picked":"Prepared","floor":37.0},{"not_picked":["Outmaneuver+1","Quick Slash+1","Backstab+1"],"picked":"Adrenaline","floor":39.0},{"not_picked":["Bane","PiercingWail","Setup+1","Dagger Spray+1"],"picked":"SKIP","floor":39.0},{"not_picked":["Slice+1","Acrobatics+1","Prepared"],"picked":"Deflect+1","floor":40.0},{"not_picked":["Flying Knee+1","Backflip+1","Crippling Poison+1"],"picked":"Distraction+1","floor":42.0},{"not_picked":["Quick Slash","Escape Plan+1","PiercingWail+1","Finisher+1"],"picked":"SKIP","floor":42.0},{"not_picked":["Prepared","Caltrops+1","Blur"],"picked":"Deadly Poison","floor":45.0},{"not_picked":["Expertise","Bouncing Flask","Quick Slash","Acrobatics+1"],"picked":"SKIP","floor":45.0},{"not_picked":["Dagger Throw","Reflex+1","Choke"],"picked":"After Image","floor":46.0},{"not_picked":["Flechettes","Skewer","Quick Slash"],"picked":"Flying Knee+1","floor":47.0},{"not_picked":["Expertise","Backflip+1","Dagger Spray+1","Reflex"],"picked":"SKIP","floor":47.0},{"not_picked":["Infinite Blades","Outmaneuver","Catalyst"],"picked":"Terror+1","floor":48.0}],"player_experience":39920,"relics_obtained":[{"floor":6.0,"key":"Blood Vial"},{"floor":9.0,"key":"Vajra"},{"floor":10.0,"key":"Mercury Hourglass"},{"floor":11.0,"key":"MealTicket"},{"floor":13.0,"key":"Akabeko"},{"floor":26.0,"key":"Happy Flower"},{"floor":28.0,"key":"Prayer Wheel"},{"floor":30.0,"key":"Question Card"},{"floor":40.0,"key":"MawBank"},{"floor":43.0,"key":"Strawberry"},{"floor":46.0,"key":"Lantern"},{"floor":48.0,"key":"Mummified Hand"}],"event_choices":[{"damage_healed":0.0,"max_hp_gain":0.0,"max_hp_loss":0.0,"gold_gain":0.0,"event_name":"Accursed Blacksmith","player_choice":"Rummage","floor":2.0,"gold_loss":0.0,"damage_taken":0.0,"relics_obtained":["WarpedTongs"],"cards_obtained":["Pain"]},{"damage_healed":0.0,"max_hp_gain":0.0,"max_hp_loss":0.0,"gold_gain":175.0,"event_name":"betterThird:BetterSerpent","player_choice":"AGREE","floor":14.0,"gold_loss":0.0,"damage_taken":243.0},{"damage_healed":0.0,"max_hp_gain":0.0,"max_hp_loss":0.0,"gold_gain":0.0,"event_name":"Designer","player_choice":"Upgrade","floor":21.0,"gold_loss":40.0,"damage_taken":0.0,"cards_upgraded":["Adrenaline"]},{"cards_removed":["Quick Slash"],"damage_healed":0.0,"max_hp_gain":0.0,"max_hp_loss":0.0,"gold_gain":0.0,"event_name":"Falling","player_choice":"Removed Attack","floor":38.0,"gold_loss":0.0,"damage_taken":0.0}],"is_beta":false,"boss_relics":[{"not_picked":["Ring of the Serpent","Sozu"],"picked":"Fusion Hammer"},{"not_picked":["Snecko Eye","Velvet Choker"],"picked":"Runic Pyramid"}],"items_purged_floors":[],"is_endless":false,"potions_floor_spawned":[1,6,13,27,28,30,33,36,39,40,45,46,47,48],"ascension_level":0}}