{"host":"msmkw03x1o7nq45i","time":1612945197,"event":{"mods":["AchievementEnabler","BaseMod","Bestiary","Colored Powertips","GifTheSpireLib","Highlight Path","Minty Spire (QoL Compilation)","Random Character Button","StSLib","everything is the same but u backflip on backflip"],"gold_per_floor":[111,261,271,286,155,155,186,199,199,218,94,94,121,121,121,195,195,209,228,239,239,85,85,85],"floor_reached":23,"language":"ENG","playtime":1236,"items_purged":["Doubt","Strike_G+1"],"score":392,"play_id":"fdb4a0bc-8990-437a-9aba-e6cfb889423d","local_time":"20210210101957","is_ascension_mode":true,"campfire_choices":[{"data":"Dagger Spray","floor":6,"key":"SMITH"},{"data":"Crippling Poison","floor":12,"key":"SMITH"},{"data":"Deadly Poison","floor":15,"key":"SMITH"}],"circlet_count":0,"master_deck":["AscendersBane","Strike_G+1","Strike_G+1","Strike_G+1","Defend_G+1","Defend_G+1","Defend_G+1","Defend_G+1","Defend_G+1","Survivor","Neutralize","Dagger Spray+1","Dagger Throw","Deadly Poison+1","PiercingWail","Quick Slash","Crippling Poison+1","Backstab","Dagger Spray","Malaise","Poisoned Stab","Footwork"],"relics":["Ring of the Snake","NeowsBlessing","Akabeko","Orichalcum","White Beast Statue","SacredBark"],"acts_visited":["Exordium","TheCity"],"potions_floor_usage":[7,13,16,20,23,23],"damage_taken":[{"damage":0,"enemies":"Small Slimes","floor":1,"turns":1},{"damage":0,"enemies":"2 Louse","floor":3,"turns":1},{"damage":0,"enemies":"Cultist","floor":4,"turns":1},{"damage":15,"enemies":"3 Sentries","floor":7,"turns":6},{"damage":0,"enemies":"Gremlin Gang","floor":8,"turns":1},{"damage":1,"enemies":"Exordium Wildlife","floor":10,"turns":2},{"damage":3,"enemies":"Gremlin Nob","floor":13,"turns":3},{"damage":32,"enemies":"Hexaghost","floor":16,"turns":10},{"damage":8,"enemies":"Spheric Guardian","floor":18,"turns":5},{"damage":15,"enemies":"Shell Parasite","floor":19,"turns":6},{"damage":13,"enemies":"Shelled Parasite and Fungi","floor":20,"turns":3},{"damage":15,"enemies":"Book of Stabbing","floor":23,"turns":5}],"seed_played":"-3125861292689176643","potions_obtained":[{"floor":4,"key":"Strength Potion"},{"floor":8,"key":"SneckoOil"},{"floor":10,"key":"BlessingOfTheForge"},{"floor":16,"key":"Weak Potion"},{"floor":18,"key":"Explosive Potion"},{"floor":19,"key":"AttackPotion"},{"floor":20,"key":"AttackPotion"}],"is_trial":false,"path_per_floor":["M","?","M","M","$","R","E","M","T","M","$","R","E","?","R","B",null,"M","M","M","?","$","E"],"character_chosen":"THE_SILENT","items_purchased":["FearPotion","Crippling Poison","Backstab","Fire Potion"],"campfire_rested":0,"item_purchase_floors":[5,11,11,22],"current_hp_per_floor":[59,59,59,59,59,59,44,44,44,43,43,43,40,33,33,1,50,42,27,14,14,14,0,0],"gold":85,"neow_bonus":"THREE_ENEMY_KILL","is_daily":false,"chose_seed":false,"campfire_upgraded":3,"win_rate":0.0,"timestamp":1612945197,"path_taken":["M","?","M","M","$","R","E","M","T","M","$","R","E","?","R","BOSS","M","M","M","?","$","E"],"items_purchased_type":["Potion","Card","Card","Potion"],"build_version":"2020-12-22","purchased_purges":2,"victory":false,"max_hp_per_floor":[66,66,66,66,66,66,66,66,66,66,66,66,66,66,66,66,66,66,66,66,66,66,66,66],"card_choices":[{"not_picked":["Prepared","Outmaneuver"],"picked":"Dagger Spray","floor":1},{"not_picked":["Quick Slash","Flying Knee"],"picked":"Dagger Throw","floor":3},{"not_picked":["Caltrops","Well Laid Plans"],"picked":"Deadly Poison","floor":4},{"not_picked":["Acrobatics","Deadly Poison","Concentrate"],"picked":"SKIP","floor":7},{"not_picked":["Acrobatics","Deadly Poison","Concentrate"],"picked":"SKIP","floor":7},{"not_picked":["Cloak And Dagger","Deflect"],"picked":"PiercingWail","floor":8},{"not_picked":["Predator","Concentrate"],"picked":"Quick Slash","floor":10},{"not_picked":["Flechettes","Masterful Stab"],"picked":"Dagger Spray","floor":13},{"not_picked":["A Thousand Cuts","Tools of the Trade"],"picked":"Malaise","floor":16},{"not_picked":["Dodge and Roll","Masterful Stab","Flying Knee"],"picked":"SKIP","floor":18},{"not_picked":["Sucker Punch","Heel Hook"],"picked":"Poisoned Stab","floor":19},{"not_picked":["Poisoned Stab","Endless Agony"],"picked":"Footwork","floor":20}],"player_experience":516597,"relics_obtained":[{"floor":7,"key":"Akabeko"},{"floor":9,"key":"Orichalcum"},{"floor":13,"key":"White Beast Statue"}],"event_choices":[{"damage_healed":0,"gold_gain":150,"player_choice":"AGREE","damage_taken":0,"max_hp_gain":0,"max_hp_loss":0,"event_name":"Liars Game","floor":2,"gold_loss":0,"cards_obtained":["Doubt"]},{"cards_removed":["Strike_G"],"damage_healed":0,"gold_gain":0,"player_choice":"Card Removal","damage_taken":7,"max_hp_gain":0,"max_hp_loss":0,"event_name":"Golden Wing","floor":14,"gold_loss":0},{"damage_healed":0,"gold_gain":0,"player_choice":"Simplicity","damage_taken":0,"max_hp_gain":0,"max_hp_loss":0,"event_name":"Back to Basics","floor":21,"gold_loss":0,"cards_upgraded":["Strike_G","Strike_G","Strike_G","Strike_G","Defend_G","Defend_G","Defend_G","Defend_G","Defend_G"]}],"is_beta":false,"boss_relics":[{"not_picked":["Snecko Eye","SlaversCollar"],"picked":"SacredBark"}],"items_purged_floors":[5,22],"is_endless":false,"potions_floor_spawned":[4,8,10,16,18,19,20],"killed_by":"Book of Stabbing","ascension_level":19}}