{"host":"uceopoba4zvqsgiy","time":1612970091,"event":{"mods":["2.2 Compatiblity","Act Like it!","BaseMod","Better Skull","Better Third Choice","Elementarium","Evolution","GifTheSpireLib","Hermit","Humility","Infinite Spire","Jorbs\u0027s Wanderer Trilogy","Marked Mod","Minty Spire (QoL Compilation)","Potionbrewer","Reliquary","Replay The Spire","Robot Space Explorer","Shade Mod","Spicy Shops","StS++","StSLib","Stuff the Spire","The Blue Laboratory","The Caster","The Cursed","The Dragon Tamer","The Hierophant","The Judge","The Jungle","TheSurvivalist","Wandering Minibosses"],"gold_per_floor":[111,111,123,68,68,95,114,143,143,153,153,153],"floor_reached":11,"language":"ENG","playtime":527,"items_purged":[],"score":218,"play_id":"e7834b6e-03f9-41f0-bf1c-30f40294a713","local_time":"20210211014451","is_ascension_mode":true,"campfire_choices":[],"circlet_count":0,"master_deck":["Ball Lightning","Ball Lightning","Ball Lightning","Ball Lightning","Defend_B","Defend_B","Defend_B","Defend_B","Zap","Dualcast","infinitespire:Fortify","White Noise+1","Zap","Melter","ReplayTheSpireMod:Calculation Training"],"relics":["Cracked Core","EVO:Axolotl","NeowsBlessing","Regal Pillow","Chameleon Ring","Oddly Smooth Stone"],"acts_visited":["Exordium"],"potions_floor_usage":[8,11,11],"damage_taken":[{"damage":0,"enemies":"Cultist","floor":1,"turns":1},{"damage":0,"enemies":"Jaw Worm","floor":3,"turns":1},{"damage":0,"enemies":"3 Sentries","floor":6,"turns":1},{"damage":1,"enemies":"infinitespire:Voidling","floor":7,"turns":2},{"damage":0,"enemies":"Replay:BlueRogue","floor":8,"turns":3},{"damage":18,"enemies":"Lots of Slimes","floor":10,"turns":3},{"damage":30,"enemies":"3 Sentries","floor":11,"turns":5}],"seed_played":"-8072557603294311964","potions_obtained":[{"floor":1,"key":"Swift Potion"},{"floor":3,"key":"FocusPotion"},{"floor":10,"key":"blueLaboratory:BottledHope"}],"is_trial":false,"path_per_floor":["M","?","M","$","?","E","M","E","T","M","E"],"character_chosen":"DEFECT","items_purchased":["White Noise+1"],"campfire_rested":0,"item_purchase_floors":[4],"current_hp_per_floor":[68,49,49,49,49,49,48,48,48,30,0,0],"gold":153,"neow_bonus":"THREE_ENEMY_KILL","is_daily":false,"chose_seed":false,"campfire_upgraded":0,"win_rate":0.0,"timestamp":1612970091,"path_taken":["M","?","M","$","?","E","M","E","T","?","E"],"items_purchased_type":["Card"],"build_version":"2020-12-22","purchased_purges":0,"victory":false,"max_hp_per_floor":[75,75,75,75,75,75,75,75,75,75,75,75],"card_choices":[{"not_picked":["Cold Snap","Compile Driver","Panic Button"],"picked":"SKIP","floor":1},{"not_picked":["infinitespire:FinalStrike","infinitespire:Punishment"],"picked":"infinitespire:Fortify","floor":2},{"not_picked":["Go for the Eyes","Hologram","Barrage"],"picked":"SKIP","floor":3},{"not_picked":["Cold Snap","Coolheaded","StuffTheSpire:LoadUp"],"picked":"SKIP","floor":6},{"not_picked":["Ball Lightning","Time Bomb"],"picked":"Melter","floor":7},{"not_picked":["Hologram","Meteor Strike","ReplaySort"],"picked":"SKIP","floor":8},{"not_picked":["Sweeping Beam","Streamline"],"picked":"ReplayTheSpireMod:Calculation Training","floor":10}],"player_experience":1795225,"relics_obtained":[{"floor":6,"key":"Regal Pillow"},{"floor":8,"key":"Chameleon Ring"},{"floor":9,"key":"Oddly Smooth Stone"}],"event_choices":[{"damage_healed":0,"gold_gain":0,"player_choice":"1 cards matched","damage_taken":0,"max_hp_gain":0,"max_hp_loss":0,"event_name":"Match and Keep!","floor":5,"gold_loss":0,"cards_obtained":["Zap"]}],"is_beta":false,"boss_relics":[],"items_purged_floors":[],"is_endless":false,"potions_floor_spawned":[1,3,10],"killed_by":"3 Sentries","ascension_level":9,"is_humility":true}}