{"host":"o3b7ow6d1xe49css","time":1612960316,"event":{"mods":["Act Like it!","Aspiration","BaseMod","Bestiary","Better Altar","Better Match","Better Note","Better Sensory Stone","Better Skull","Better Third Choice","Colored Powertips","Conspire","Energized Spire","Force Act Four","GifTheSpireLib","Halation","Hermit","Hubris","Infinite Spire","Lobotomy","Minty Spire (QoL Compilation)","Quick Restart","Rare Cards Sparkle","Relic Filter Mod","Reliquary","Replay The Spire","Spicy Shops","Spikes Relics","Spire Arcade","StSLib","Stuff the Spire","The Blue Laboratory","Wandering Minibosses"],"gold_per_floor":[110,127,122,142,417,442,69,69,69,69,80,105,118,143,143,237,237,243,257,257,24,24,24],"floor_reached":22,"language":"ENG","playtime":576,"items_purged":["Regret","Scorched"],"score":345,"play_id":"c61e491a-3772-4b9b-b765-e1c069680d15","local_time":"20210210033156","daily_mods":["Heirloom","Flight"],"is_ascension_mode":true,"campfire_choices":[{"data":"Devotion","floor":8,"key":"SMITH"},{"data":"BattleHymn","floor":10,"key":"SMITH"},{"floor":15,"key":"DIG"}],"circlet_count":0,"master_deck":["Strike_P","Strike_P+1","Strike_P","Strike_P","Defend_P","Defend_P","Defend_P","Defend_P","Eruption+1","Protect","Meditate","BattleHymn+1","UniverseFragment","Devotion+1","BowlingBash","ThirdEye","Scrawl","Consecrate","Wireheading"],"relics":["PureWater","Ring of Chaos","CogitoBucket","StuffTheSpire:DarkSteelAnvil","Ancient Tea Set","reliquary:MudwinsCradle","SkinProphecy","hubris:ToyBattleship","aspiration:StickyExplosives_weak","Whetstone","CosmicIsotope","Potion Belt","Bag of Preparation"],"acts_visited":["Exordium","TheCity"],"potions_floor_usage":[3,6,11,14,18,22],"damage_taken":[{"damage":2,"enemies":"2 Louse","floor":1,"turns":3},{"damage":0,"enemies":"Cultist","floor":2,"turns":3},{"damage":0,"enemies":"Small Slimes","floor":3,"turns":5},{"damage":2,"enemies":"Red Slaver","floor":4,"turns":2},{"damage":0,"enemies":"Gremlin Nob","floor":6,"turns":2},{"damage":11,"enemies":"Large Slime","floor":11,"turns":4},{"damage":0,"enemies":"Lagavulin","floor":12,"turns":3},{"damage":0,"enemies":"Exordium Wildlife","floor":13,"turns":3},{"damage":5,"enemies":"Gremlin Nob","floor":14,"turns":3},{"damage":9,"enemies":"Hexaghost","floor":16,"turns":5},{"damage":25,"enemies":"Chosen","floor":18,"turns":3},{"damage":0,"enemies":"Spheric Guardian","floor":19,"turns":1},{"damage":28,"enemies":"Shelled Parasite and Fungi","floor":22,"turns":3}],"seed_played":"961761261334114119","potions_obtained":[{"floor":1,"key":"ColorlessPotion"},{"floor":4,"key":"blueLaboratory:FruitPunch"},{"floor":11,"key":"AttackPotion"},{"floor":12,"key":"Weak Potion"},{"floor":14,"key":"blueLaboratory:BottleOfVodka"}],"is_trial":true,"path_per_floor":["M","M","M","M","?","E","$","R","T","R","M","E","M","E","R","B",null,"M","M","AVR","$","M"],"character_chosen":"WATCHER","items_purchased":["Devotion","Wireheading","Bag of Preparation"],"campfire_rested":0,"item_purchase_floors":[7,21,21],"current_hp_per_floor":[70,70,70,68,68,68,68,68,68,68,59,55,51,42,42,29,69,36,32,32,32,0,0],"gold":24,"neow_bonus":"","is_daily":false,"chose_seed":false,"campfire_upgraded":2,"win_rate":0.0,"timestamp":1612960316,"path_taken":["M","M","M","M","?","E","$","R","T","R","?","E","M","E","R","BOSS","M","M","AVR","$","M"],"items_purchased_type":["Card","Card","Relic"],"build_version":"2020-12-22","purchased_purges":2,"victory":false,"max_hp_per_floor":[72,72,72,72,72,72,72,72,72,72,74,76,78,80,80,82,82,86,88,88,88,90,90],"card_choices":[{"not_picked":["Replay:Anticipation","Replay:BluntJabs"],"picked":"Protect","floor":1},{"not_picked":["ShyLook","Bloodbath","MeatLantern"],"picked":"Singing Bowl","floor":1},{"not_picked":["DeceiveReality","Replay:Anticipation","FlurryOfBlows"],"picked":"SKIP","floor":2},{"not_picked":["Nirvana","FollowUp"],"picked":"Meditate","floor":3},{"not_picked":["HappyTeddy","Bloodbath"],"picked":"Scorched","floor":3},{"not_picked":["BeautyBeast","PunishingBird","QueenBee"],"picked":"Singing Bowl","floor":4},{"not_picked":["Replay:BluntJabs","Collect","ThirdEye"],"picked":"SKIP","floor":4},{"not_picked":["InnerPeace","EmptyBody"],"picked":"BattleHymn","floor":6},{"not_picked":["Murderer","BigBird"],"picked":"UniverseFragment","floor":6},{"not_picked":["Replay:Vibes","Crescendo"],"picked":"BowlingBash","floor":11},{"not_picked":["MeatLantern","CherryBlossoms","FairyFestival"],"picked":"Singing Bowl","floor":11},{"not_picked":["SignatureMove","PathToVictory"],"picked":"ThirdEye","floor":12},{"not_picked":["WaveOfTheHand","FollowUp"],"picked":"Scrawl","floor":13},{"not_picked":["Replay:AtTheReady","WreathOfFlame"],"picked":"Consecrate","floor":14},{"not_picked":["FlurryOfBlows","SashWhip","Indignation"],"picked":"SKIP","floor":18},{"not_picked":["JustLucky+1","Study","SandsOfTime"],"picked":"SKIP","floor":19}],"player_experience":1351641,"relics_obtained":[{"floor":6,"key":"Ancient Tea Set"},{"floor":9,"key":"reliquary:MudwinsCradle"},{"floor":12,"key":"hubris:ToyBattleship"},{"floor":14,"key":"aspiration:StickyExplosives_weak"},{"floor":15,"key":"Whetstone"}],"event_choices":[{"damage_healed":0,"gold_gain":275,"player_choice":"Desecrate","damage_taken":0,"max_hp_gain":0,"max_hp_loss":0,"event_name":"Golden Shrine","floor":5,"gold_loss":0,"cards_obtained":["Regret"]}],"is_beta":false,"boss_relics":[{"not_picked":["Replay:Grab Bag","StuffTheSpire:RunicConfusion"],"picked":"CosmicIsotope"}],"items_purged_floors":[7,20],"is_endless":false,"potions_floor_spawned":[1,4,11,12,14],"killed_by":"Shelled Parasite and Fungi","ascension_level":5}}