{"host":"vyjryxuuuxkt43k4","time":1612923156,"event":{"mods":["AchievementEnabler","BaseMod","Colored Map","DeckTracker","Keyboard Shortcuts","Minty Spire (QoL Compilation)","Permanent Neow","Quick Restart","StSLib","SuperFastMode","everything is the same but u backflip on backflip"],"gold_per_floor":[114,134,59,59,59,89,45,45,71,71,71,89,104,120,120,214,214,237,255,255,270,270,270,81,95,121,121,141,191,15,36,36,36,36],"floor_reached":33,"language":"KOR","playtime":1407,"items_purged":["Strike_R","Strike_R"],"score":544,"play_id":"170e5902-7f51-435e-99e8-9fd5eafad3f6","local_time":"20210210111236","is_ascension_mode":true,"campfire_choices":[{"data":"Feed","floor":8.0,"key":"SMITH"},{"data":"Carnage","floor":15.0,"key":"SMITH"},{"data":"Inflame","floor":23.0,"key":"SMITH"},{"floor":27.0,"key":"REST"},{"data":"Corruption","floor":32.0,"key":"SMITH"}],"circlet_count":0,"master_deck":["AscendersBane","Strike_R","Strike_R","Defend_R","Defend_R","Defend_R","Defend_R","Bash","Ghostly Armor","Shrug It Off","Feed+1","Inflame+1","Carnage+1","Fire Breathing","Sword Boomerang","Double Tap","Ghostly","Ghostly","Ghostly","Shrug It Off","Shockwave","Trip","Feel No Pain+1","Spot Weakness","Corruption+1","Shrug It Off"],"relics":["Burning Blood","NeowsBlessing","Regal Pillow","Akabeko","Golden Idol","Velvet Choker","Nunchaku"],"acts_visited":["Exordium","TheCity"],"potions_floor_usage":[],"damage_taken":[{"damage":0.0,"enemies":"Cultist","floor":1.0,"turns":1.0},{"damage":0.0,"enemies":"Jaw Worm","floor":2.0,"turns":1.0},{"damage":0.0,"enemies":"Lagavulin","floor":6.0,"turns":1.0},{"damage":0.0,"enemies":"2 Louse","floor":12.0,"turns":3.0},{"damage":3.0,"enemies":"Blue Slaver","floor":13.0,"turns":2.0},{"damage":8.0,"enemies":"Large Slime","floor":14.0,"turns":7.0},{"damage":64.0,"enemies":"The Guardian","floor":16.0,"turns":10.0},{"damage":12.0,"enemies":"2 Thieves","floor":18.0,"turns":3.0},{"damage":22.0,"enemies":"Chosen","floor":19.0,"turns":4.0},{"damage":15.0,"enemies":"Snake Plant","floor":21.0,"turns":5.0},{"damage":27.0,"enemies":"Snecko","floor":25.0,"turns":7.0},{"damage":3.0,"enemies":"3 Cultists","floor":28.0,"turns":6.0},{"damage":0.0,"enemies":"Snake Plant","floor":31.0,"turns":5.0},{"damage":0,"enemies":"Champ","floor":33,"turns":1}],"seed_played":"5061323331003129347","potions_obtained":[{"floor":6.0,"key":"DistilledChaos"},{"floor":12.0,"key":"Block Potion"},{"floor":14.0,"key":"AttackPotion"},{"floor":16.0,"key":"GamblersBrew"},{"floor":21.0,"key":"Fire Potion"},{"floor":25.0,"key":"SteroidPotion"}],"is_trial":false,"path_per_floor":["M","M","$","?","?","E","$","R","T","$","?","M","M","M","R","B",null,"M","M","?","M","?","R","$","M","T","R","M","?","$","M","R","B"],"character_chosen":"IRONCLAD","items_purchased":["Inflame","Trip","Corruption","Shrug It Off"],"campfire_rested":1,"item_purchase_floors":[7,24,30,30],"current_hp_per_floor":[74,75,75,80,80,80,80,80,80,80,52,62,69,71,71,13,72,66,50,46,37,37,37,37,16,16,44,50,50,50,50,50,50,50],"gold":36,"neow_bonus":"THREE_ENEMY_KILL","is_daily":false,"chose_seed":false,"campfire_upgraded":4,"win_rate":0.0,"timestamp":1612923156,"path_taken":["M","?","?","?","?","E","$","R","T","?","?","M","M","M","R","BOSS","M","M","?","M","?","R","?","?","T","R","M","?","$","M","R","BOSS"],"items_purchased_type":["Card","Card","Card","Card"],"build_version":"2020-12-22","purchased_purges":2,"victory":false,"max_hp_per_floor":[75,75,75,80,80,80,80,80,80,80,80,84,88,92,92,92,92,92,92,46,46,46,46,46,46,46,46,50,50,50,50,50,50,50],"card_choices":[{"not_picked":["Flex","Cleave"],"picked":"Ghostly Armor","floor":1.0},{"not_picked":["Armaments","Brutality"],"picked":"Shrug It Off","floor":2.0},{"not_picked":["Wild Strike","Dropkick"],"picked":"Feed","floor":6.0},{"not_picked":["Armaments","Whirlwind"],"picked":"Carnage","floor":12.0},{"not_picked":["Perfected Strike","Cleave"],"picked":"Fire Breathing","floor":13.0},{"not_picked":["Body Slam","Twin Strike"],"picked":"Sword Boomerang","floor":14.0},{"not_picked":["Bludgeon","Reaper"],"picked":"Double Tap","floor":16.0},{"not_picked":["Clash","Flex","Uppercut"],"picked":"SKIP","floor":18.0},{"not_picked":["Flex","Armaments","Clash"],"picked":"SKIP","floor":19.0},{"not_picked":["Thunderclap","Blood for Blood"],"picked":"Shrug It Off","floor":21.0},{"not_picked":["Rupture","Heavy Blade"],"picked":"Feel No Pain+1","floor":25.0},{"not_picked":["Cleave+1","Clothesline"],"picked":"Spot Weakness","floor":28.0},{"not_picked":["Clothesline","Perfected Strike","Berserk"],"picked":"SKIP","floor":31.0}],"player_experience":883250,"relics_obtained":[{"floor":6.0,"key":"Regal Pillow"},{"floor":9.0,"key":"Akabeko"},{"floor":26.0,"key":"Nunchaku"}],"event_choices":[{"damage_healed":0.0,"max_hp_gain":5.0,"max_hp_loss":0.0,"gold_gain":0.0,"event_name":"Big Fish","player_choice":"Donut","floor":4.0,"gold_loss":0.0,"damage_taken":0.0},{"cards_removed":["Strike_R"],"damage_healed":0.0,"max_hp_gain":0.0,"max_hp_loss":0.0,"gold_gain":0.0,"event_name":"Living Wall","player_choice":"Forget","floor":5.0,"gold_loss":0.0,"damage_taken":0.0},{"damage_healed":0.0,"max_hp_gain":0.0,"max_hp_loss":0.0,"gold_gain":0.0,"event_name":"Golden Idol","player_choice":"Take Damage","floor":11.0,"gold_loss":0.0,"damage_taken":28.0,"relics_obtained":["Golden Idol"]},{"damage_healed":0.0,"max_hp_gain":0.0,"max_hp_loss":46.0,"gold_gain":0.0,"event_name":"Ghosts","player_choice":"Became a Ghost","floor":20.0,"gold_loss":0.0,"damage_taken":0.0,"cards_obtained":["Ghostly","Ghostly","Ghostly"]},{"damage_healed":0.0,"max_hp_gain":0.0,"max_hp_loss":0.0,"gold_gain":0.0,"event_name":"The Library","player_choice":"Read","floor":22.0,"gold_loss":0.0,"damage_taken":0.0,"cards_obtained":["Shockwave"]},{"damage_healed":0.0,"max_hp_gain":0.0,"max_hp_loss":0.0,"gold_gain":50.0,"event_name":"Golden Shrine","player_choice":"Pray","floor":29.0,"gold_loss":0.0,"damage_taken":0.0}],"is_beta":false,"boss_relics":[{"not_picked":["Empty Cage","Sozu"],"picked":"Velvet Choker"}],"items_purged_floors":[3,24],"is_endless":false,"potions_floor_spawned":[6,12,14,16,21,25],"killed_by":"Champ","ascension_level":20}}