{"host":"3c8x8j1h2jyrixpf","time":1612996926,"event":{"mods":["BaseMod","Colored Powertips","Highlight Path","Minty Spire (QoL Compilation)","StSLib"],"gold_per_floor":[112,112,11,11,11,48,48,92,92,118,134,134,168,26,26,137,191,212,234,259,259,90,90,108,108,108,108,145,180,195,219,219,327,327,352,352,361,390,404,404,439,439,448,448,195,215,249,249,249,249,249,249,28,28,28],"floor_reached":54,"language":"ENG","playtime":2399,"items_purged":["Strike_P","Injury"],"score":1133,"play_id":"3ad6dc95-49de-45e4-bc43-d3145ee24a51","local_time":"20210210164206","is_ascension_mode":true,"campfire_choices":[{"floor":7,"key":"REST"},{"data":"EmptyFist","floor":12,"key":"SMITH"},{"floor":15,"key":"REST"},{"data":"Apotheosis","floor":23,"key":"SMITH"},{"data":"TalkToTheHand","floor":25,"key":"SMITH"},{"data":"DevaForm","floor":27,"key":"SMITH"},{"floor":32,"key":"REST"},{"floor":40,"key":"RECALL"},{"data":"Blasphemy","floor":42,"key":"SMITH"},{"data":"DeusExMachina","floor":49,"key":"SMITH"},{"data":"LessonLearned","floor":52,"key":"SMITH"}],"circlet_count":0,"master_deck":["AscendersBane","Eruption+1","Vigilance","Consecrate+1","EmptyFist+1","Meditate+1","FollowUp","WheelKick","LessonLearned+1","DevaForm+1","CrushJoints","DeusExMachina+1","ThirdEye+1","SandsOfTime+1","DeceiveReality","BowlingBash+1","SashWhip+1","TalkToTheHand+1","Apotheosis+1","EmptyFist+1","JustLucky+1","Blasphemy+1","JustLucky+1","Bandage Up","ThirdEye+1","Wallop+1","CutThroughFate+1","Wallop+1"],"relics":["PureWater","Pocketwatch","CeramicFish","Eternal Feather","Art of War","Oddly Smooth Stone","Pandora\u0027s Box","Molten Egg 2","Red Mask","Regal Pillow","Cursed Key","Bottled Flame","Bag of Preparation","Bird Faced Urn","Lee\u0027s Waffle"],"acts_visited":["Exordium","TheCity","TheBeyond","TheEnding"],"potions_floor_usage":[16,24,29,33,36],"damage_taken":[{"damage":7,"enemies":"Jaw Worm","floor":1,"turns":4},{"damage":12,"enemies":"Lagavulin","floor":6,"turns":6},{"damage":8,"enemies":"Gremlin Nob","floor":8,"turns":3},{"damage":0,"enemies":"Small Slimes","floor":10,"turns":4},{"damage":1,"enemies":"2 Louse","floor":11,"turns":2},{"damage":22,"enemies":"Lagavulin","floor":13,"turns":5},{"damage":37,"enemies":"Hexaghost","floor":16,"turns":9},{"damage":0,"enemies":"Shell Parasite","floor":18,"turns":3},{"damage":0,"enemies":"Spheric Guardian","floor":19,"turns":2},{"damage":18,"enemies":"Snake Plant","floor":20,"turns":3},{"damage":19,"enemies":"Shelled Parasite and Fungi","floor":24,"turns":3},{"damage":19,"enemies":"Masked Bandits","floor":28,"turns":4},{"damage":19,"enemies":"Book of Stabbing","floor":29,"turns":3},{"damage":0,"enemies":"Centurion and Healer","floor":30,"turns":4},{"damage":15,"enemies":"Snake Plant","floor":31,"turns":4},{"damage":1,"enemies":"Champ","floor":33,"turns":5},{"damage":12,"enemies":"3 Darklings","floor":35,"turns":3},{"damage":0,"enemies":"2 Orb Walkers","floor":36,"turns":1},{"damage":2,"enemies":"Orb Walker","floor":38,"turns":2},{"damage":1,"enemies":"3 Darklings","floor":39,"turns":3},{"damage":6,"enemies":"Nemesis","floor":41,"turns":3},{"damage":10,"enemies":"Maw","floor":46,"turns":6},{"damage":14,"enemies":"Reptomancer","floor":47,"turns":5},{"damage":27,"enemies":"Donu and Deca","floor":50,"turns":10},{"damage":93,"enemies":"Shield and Spear","floor":54,"turns":6}],"seed_played":"-4962647992432655675","potions_obtained":[{"floor":11,"key":"LiquidBronze"},{"floor":16,"key":"Swift Potion"},{"floor":20,"key":"Swift Potion"},{"floor":24,"key":"Strength Potion"},{"floor":31,"key":"SmokeBomb"},{"floor":33,"key":"SmokeBomb"},{"floor":39,"key":"BottledMiracle"},{"floor":41,"key":"DuplicationPotion"},{"floor":46,"key":"Weak Potion"}],"is_trial":false,"path_per_floor":["M","?","$","?","?","E","R","E","T","M","M","R","E","$","R","B",null,"M","M","M","?","$","R","M","R","T","R","?","E","M","M","R","B",null,"M","?","?","M","M","R","E","R","T","?","$","M","E","?","R","B",null,"R","$","E"],"character_chosen":"WATCHER","items_purchased":["EmptyFist","LessonLearned","Apotheosis","Bag of Preparation","Lee\u0027s Waffle","Wallop+1"],"campfire_rested":3,"item_purchase_floors":[3,14,22,45,53,53],"current_hp_per_floor":[58,63,63,56,31,19,42,34,34,34,33,39,17,17,49,12,61,61,61,43,37,37,49,30,42,42,54,35,16,16,1,51,50,70,58,58,58,62,61,76,70,77,77,77,77,70,62,62,77,52,71,77,84,0,0],"gold":28,"neow_bonus":"UPGRADE_CARD","is_daily":false,"chose_seed":false,"campfire_upgraded":7,"win_rate":0.0,"timestamp":1612996926,"path_taken":["M","?","$","?","?","E","R","E","T","?","M","R","E","$","R","BOSS","M","M","M","?","$","R","?","R","T","R","?","E","M","M","R","BOSS","M","?","?","M","M","R","E","R","T","?","$","?","E","?","R","BOSS","R","$","E"],"items_purchased_type":["Card","Card","Card","Relic","Relic","Card"],"build_version":"2020-12-22","purchased_purges":2,"victory":false,"max_hp_per_floor":[72,77,77,77,77,77,77,77,77,77,77,77,77,77,77,77,77,77,77,77,77,77,77,77,77,77,77,77,77,77,77,77,77,77,77,77,77,77,77,77,77,77,77,77,77,77,77,77,77,77,77,77,84,84,84],"card_choices":[{"not_picked":["BowlingBash","Halt"],"picked":"Consecrate","floor":1},{"not_picked":["EmptyFist","Prostrate"],"picked":"Meditate","floor":6},{"not_picked":["Nirvana","Crescendo"],"picked":"FollowUp","floor":8},{"not_picked":["FlurryOfBlows","CarveReality"],"picked":"WheelKick","floor":10},{"not_picked":["Crescendo","Pray","PathToVictory"],"picked":"SKIP","floor":11},{"not_picked":["ClearTheMind","FlyingSleeves","PathToVictory"],"picked":"SKIP","floor":13},{"not_picked":["Brilliance","LessonLearned"],"picked":"DevaForm","floor":16},{"not_picked":["PathToVictory","EmptyFist"],"picked":"BowlingBash","floor":18},{"not_picked":["Evaluate","ClearTheMind"],"picked":"SashWhip","floor":19},{"not_picked":["ReachHeaven","SignatureMove"],"picked":"TalkToTheHand","floor":20},{"not_picked":["BattleHymn+1","JustLucky","Protect"],"picked":"SKIP","floor":24},{"not_picked":["JustLucky+1","LikeWater+1"],"picked":"EmptyFist+1","floor":28},{"not_picked":["EmptyFist+1","CarveReality+1","CrushJoints+1"],"picked":"SKIP","floor":29},{"not_picked":["PathToVictory","FlyingSleeves+1","LessonLearned+1"],"picked":"SKIP","floor":30},{"not_picked":["BowlingBash+1","Crescendo"],"picked":"JustLucky+1","floor":31},{"not_picked":["LessonLearned+1","Wish"],"picked":"Blasphemy","floor":33},{"not_picked":["EmptyFist+1","Study"],"picked":"JustLucky+1","floor":35},{"not_picked":["The Bomb","Metamorphosis"],"picked":"Bandage Up","floor":37},{"not_picked":["ClearTheMind+1","Crescendo"],"picked":"ThirdEye+1","floor":38},{"not_picked":["FollowUp+1","Prostrate+1","Crescendo+1"],"picked":"SKIP","floor":39},{"not_picked":["JustLucky+1","EmptyFist+1","ClearTheMind"],"picked":"SKIP","floor":41},{"not_picked":["EmptyBody","BattleHymn+1"],"picked":"Wallop+1","floor":46},{"not_picked":["Blasphemy","ForeignInfluence+1"],"picked":"CutThroughFate+1","floor":47}],"player_experience":225402,"relics_obtained":[{"floor":6,"key":"CeramicFish"},{"floor":8,"key":"Eternal Feather"},{"floor":9,"key":"Art of War"},{"floor":13,"key":"Oddly Smooth Stone"},{"floor":26,"key":"Molten Egg 2"},{"floor":28,"key":"Red Mask"},{"floor":29,"key":"Regal Pillow"},{"floor":41,"key":"Bottled Flame"},{"floor":47,"key":"Bird Faced Urn"}],"event_choices":[{"damage_healed":0,"gold_gain":0,"player_choice":"Donut","damage_taken":0,"max_hp_gain":5,"max_hp_loss":0,"event_name":"Big Fish","floor":2,"gold_loss":0},{"cards_removed":["Defend_P"],"damage_healed":0,"gold_gain":0,"player_choice":"Card Removal","damage_taken":7,"max_hp_gain":0,"max_hp_loss":0,"event_name":"Golden Wing","floor":4,"gold_loss":0},{"damage_healed":0,"gold_gain":0,"player_choice":"Success","damage_taken":25,"relics_obtained":["Pocketwatch"],"max_hp_gain":0,"max_hp_loss":0,"event_name":"Scrap Ooze","floor":5,"gold_loss":0},{"damage_healed":0,"gold_gain":0,"player_choice":"","damage_taken":6,"max_hp_gain":0,"max_hp_loss":0,"event_name":"Knowing Skull","floor":21,"potions_obtained":[],"gold_loss":0,"cards_obtained":[]},{"damage_healed":0,"gold_gain":0,"player_choice":"Fought Bandits","damage_taken":0,"max_hp_gain":0,"max_hp_loss":0,"event_name":"Masked Bandits","floor":28,"gold_loss":0},{"damage_healed":0,"gold_gain":0,"player_choice":"Fight","damage_taken":0,"max_hp_gain":0,"max_hp_loss":0,"event_name":"Mysterious Sphere","floor":36,"gold_loss":0},{"damage_healed":0,"gold_gain":0,"player_choice":"Memory 1","damage_taken":0,"max_hp_gain":0,"max_hp_loss":0,"event_name":"SensoryStone","floor":37,"gold_loss":0},{"damage_healed":0,"gold_gain":0,"player_choice":"Upgraded","damage_taken":0,"max_hp_gain":0,"max_hp_loss":0,"event_name":"Upgrade Shrine","floor":44,"gold_loss":0,"cards_upgraded":["SandsOfTime"]},{"cards_removed":["SignatureMove"],"damage_healed":0,"gold_gain":0,"player_choice":"Removed Attack","damage_taken":0,"max_hp_gain":0,"max_hp_loss":0,"event_name":"Falling","floor":48,"gold_loss":0}],"is_beta":false,"boss_relics":[{"not_picked":["HolyWater","Philosopher\u0027s Stone"],"picked":"Pandora\u0027s Box"},{"not_picked":["Astrolabe","Runic Pyramid"],"picked":"Cursed Key"}],"items_purged_floors":[3,45],"is_endless":false,"potions_floor_spawned":[11,16,20,24,31,33,39,41,46],"killed_by":"Shield and Spear","ascension_level":11}}