{"host":"mydft8i2zzydgggw","time":1612944150,"event":{"mods":["AchievementEnabler","BaseMod","Colored Map","Colored Powertips","DeckTracker","Keyboard Shortcuts","Minty Spire (QoL Compilation)","Rare Cards Sparkle","StSLib","SuperFastMode","everything is the same but u backflip on backflip"],"gold_per_floor":[114,125,138,152,77,77,94,94,121,121,76,94,94,122,122,224,224,240,260,260,359,359,359],"floor_reached":22,"language":"KOR","playtime":573,"items_purged":["Strike_G"],"score":339,"play_id":"7cca6899-3a4b-412f-95f2-88a81d2ec36a","local_time":"20210210170230","is_ascension_mode":true,"campfire_choices":[{"data":"Well Laid Plans","floor":6,"key":"SMITH"},{"data":"Tactician","floor":8,"key":"SMITH"},{"data":"Corpse Explosion","floor":13,"key":"SMITH"},{"data":"Prepared","floor":15,"key":"SMITH"}],"circlet_count":0,"master_deck":["AscendersBane","Strike_G","Strike_G","Strike_G","Defend_G","Defend_G","Defend_G","Defend_G","Defend_G","Survivor","Neutralize","Well Laid Plans+1","Cloak And Dagger","Tactician+1","Backflip","Corpse Explosion+1","Predator","Prepared+1","Burst","Reflex+1","Prepared","Tactician+1"],"relics":["Ring of the Snake","StoneCalendar","Juzu Bracelet","Odd Mushroom","HoveringKite"],"acts_visited":["Exordium","TheCity"],"potions_floor_usage":[7,16,16,18],"damage_taken":[{"damage":0.0,"enemies":"Cultist","floor":1.0,"turns":5.0},{"damage":4.0,"enemies":"Small Slimes","floor":2.0,"turns":4.0},{"damage":1,"enemies":"Jaw Worm","floor":3,"turns":5},{"damage":7,"enemies":"2 Fungi Beasts","floor":4,"turns":6},{"damage":0,"enemies":"Red Slaver","floor":7,"turns":5},{"damage":0,"enemies":"Looter","floor":11,"turns":5},{"damage":11,"enemies":"2 Fungi Beasts","floor":12,"turns":3},{"damage":16,"enemies":"The Mushroom Lair","floor":14,"turns":3},{"damage":0,"enemies":"Hexaghost","floor":16,"turns":8},{"damage":24,"enemies":"Spheric Guardian","floor":18,"turns":7},{"damage":4,"enemies":"Shell Parasite","floor":19,"turns":5},{"damage":30,"enemies":"Masked Bandits","floor":22,"turns":2}],"seed_played":"-1530276811135797230","potions_obtained":[{"floor":3,"key":"PowerPotion"},{"floor":4,"key":"Regen Potion"},{"floor":7,"key":"BlessingOfTheForge"},{"floor":14,"key":"Block Potion"}],"is_trial":false,"path_per_floor":["M","M","M","M","$","R","M","R","T","?","M","M","R","?","R","B",null,"M","M","?","?","?"],"character_chosen":"THE_SILENT","items_purchased":[],"campfire_rested":0,"item_purchase_floors":[],"current_hp_per_floor":[45,41,40,33,33,33,45,45,45,38,38,27,27,11,11,11,55,31,27,27,27,0,0],"gold":359,"neow_bonus":"ONE_RARE_RELIC","is_daily":false,"chose_seed":false,"campfire_upgraded":4,"win_rate":0.0,"timestamp":1612944150,"path_taken":["M","?","M","M","$","R","M","R","T","?","M","M","R","?","R","BOSS","M","M","?","?","?"],"items_purchased_type":[],"build_version":"2020-12-22","purchased_purges":1,"victory":false,"max_hp_per_floor":[70,70,70,70,70,70,70,70,70,70,70,70,70,70,70,70,70,70,70,70,70,70,70],"card_choices":[{"not_picked":["Slice","Flechettes","Finisher"],"picked":"SKIP","floor":1.0},{"not_picked":["Predator","Catalyst"],"picked":"Well Laid Plans","floor":2},{"not_picked":["Bane","PiercingWail"],"picked":"Cloak And Dagger","floor":3},{"not_picked":["Blade Dance","Deflect"],"picked":"Tactician","floor":4},{"not_picked":["Dash","Endless Agony"],"picked":"Backflip","floor":7},{"not_picked":["Deadly Poison","Cloak And Dagger"],"picked":"Corpse Explosion","floor":11},{"not_picked":["Masterful Stab","Footwork"],"picked":"Predator","floor":12},{"not_picked":["Caltrops","Predator"],"picked":"Prepared","floor":14},{"not_picked":["Night Terror","Phantasmal Killer"],"picked":"Burst","floor":16},{"not_picked":["Prepared","Eviscerate"],"picked":"Reflex+1","floor":18},{"not_picked":["Crippling Poison","Slice"],"picked":"Prepared","floor":19}],"player_experience":261116,"relics_obtained":[{"floor":9,"key":"Juzu Bracelet"},{"floor":14,"key":"Odd Mushroom"}],"event_choices":[{"cards_removed":["Strike_G"],"damage_healed":0,"gold_gain":0,"player_choice":"Card Removal","damage_taken":7,"max_hp_gain":0,"max_hp_loss":0,"event_name":"Golden Wing","floor":10,"gold_loss":0},{"damage_healed":0,"gold_gain":0,"player_choice":"Fought Mushrooms","damage_taken":0,"max_hp_gain":0,"max_hp_loss":0,"event_name":"Mushrooms","floor":14,"gold_loss":0},{"damage_healed":0,"gold_gain":0,"player_choice":"Copied","damage_taken":0,"max_hp_gain":0,"max_hp_loss":0,"event_name":"Duplicator","floor":20,"gold_loss":0,"cards_obtained":["Tactician"]},{"damage_healed":0,"gold_gain":99,"player_choice":"Stole From Cult","damage_taken":0,"max_hp_gain":0,"max_hp_loss":0,"event_name":"Nest","floor":21,"gold_loss":0},{"damage_healed":0,"gold_gain":0,"player_choice":"Fought Bandits","damage_taken":0,"max_hp_gain":0,"max_hp_loss":0,"event_name":"Masked Bandits","floor":22,"gold_loss":0}],"is_beta":false,"boss_relics":[{"not_picked":["Ring of the Serpent","Runic Dome"],"picked":"HoveringKite"}],"items_purged_floors":[5],"is_endless":false,"potions_floor_spawned":[3,4,7,14],"killed_by":"Masked Bandits","ascension_level":10}}