{"host":"o3b7ow6d1xe49css","time":1612958338,"event":{"mods":["Act Like it!","Aspiration","BaseMod","Bestiary","Better Altar","Better Match","Better Note","Better Sensory Stone","Better Skull","Better Third Choice","Colored Powertips","Conspire","Energized Spire","Force Act Four","GifTheSpireLib","Halation","Hermit","Hubris","Infinite Spire","Lobotomy","Minty Spire (QoL Compilation)","Quick Restart","Rare Cards Sparkle","Relic Filter Mod","Reliquary","Replay The Spire","Spicy Shops","Spikes Relics","Spire Arcade","StSLib","Stuff the Spire","The Blue Laboratory","Wandering Minibosses"],"gold_per_floor":[112,130,147,10,10,38,38,71,71,96,125,157,186,186,186,282,282,292,303,303,303,313,313,347,373,373,387,287,319,319,329,329,455,455,496,541,541,541,385,437,500,561,588,656,710,776,855,318,318,446,446,446,13,62,189],"floor_reached":56,"language":"ENG","playtime":2332,"items_purged":["Injury","Strike_R","Strike_R","Strike_R","Strike_R","Bash"],"score":2518,"play_id":"42179a5c-0bd2-4b5a-b2bc-0b2c427e21ef","local_time":"20210210025858","daily_mods":["Heirloom","Flight"],"is_ascension_mode":true,"campfire_choices":[{"data":"BarbarianYell","floor":7,"key":"SMITH"},{"data":"Doubt","floor":15,"key":"PURGE"},{"data":"Replay:Undeath\u0027s Touch","floor":23,"key":"SMITH"},{"floor":32,"key":"RECALL"},{"data":"infinitespire:UltimateForm","floor":49,"key":"SMITH"},{"data":"Heavy Blade","floor":52,"key":"SMITH"}],"circlet_count":0,"master_deck":["Strike_R","Defend_R","Defend_R+1","Defend_R","Defend_R","BarbarianYell+1","UniverseFragment","Reckless Charge","Replay:Undeath\u0027s Touch+1","Cleave","Demon Form","Shockwave+1","Shrug It Off","Pummel","Heavy Blade+1","Burning Pact+1","Feed","infinitespire:UltimateForm+1","Feed"],"relics":["Burning Blood","Ring of Chaos","Pondfish Scales","CogitoBucket","StuffTheSpire:Mouthbags","Bag of Marbles","reliquary:Knoch","reliquary:RosewoodLute","Pantograph","Dead Branch","ReplayTheSpireMod:Shallot","Anchor","Ring of Misfortune","Ring of Panic","Black Star","CrustySpines","infinitespire:Golems Mask","Strawberry","StuffTheSpire:Barrel","reliquary:Aerogel","SnailShell","reliquary:JackalopeAntler","InkBottle","infinitespire:EvilPickle","Busted Crown","SkinProphecy","aspiration:FaultyCoupler","conspire:TreasureMap","StuffTheSpire:ForceGauntlet","infinitespire:Satchel","Snack Pack","Gremlin Food","infinitespire:Broken Mirror","infinitespire:Beetle Shell","Vajra","Eternal Feather","StuffTheSpire:Gunfinga","conspire:TopHat","Replay:Bandana","Bronze Scales","Lee\u0027s Waffle","Cursed Key","Ring of Chaos","hubris:MysteriousPyramids","Centennial Puzzle","StuffTheSpire:PointBlank"],"acts_visited":["Exordium","TheCity","TheBeyond","Exordium","TheEnding"],"potions_floor_usage":[6,24,41,41,41,42,47,54,55,55,55],"damage_taken":[{"damage":1,"enemies":"Cultist","floor":1,"turns":4},{"damage":4,"enemies":"2 Louse","floor":2,"turns":4},{"damage":5,"enemies":"Small Slimes","floor":3,"turns":3},{"damage":4,"enemies":"3 Sentries","floor":6,"turns":8},{"damage":5,"enemies":"Gremlin Nob","floor":8,"turns":3},{"damage":0,"enemies":"Lagavulin","floor":10,"turns":4},{"damage":0,"enemies":"Gremlin Nob","floor":11,"turns":2},{"damage":12,"enemies":"3 Sentries","floor":12,"turns":4},{"damage":2,"enemies":"Gremlin Nob","floor":13,"turns":2},{"damage":28,"enemies":"Hexaghost","floor":16,"turns":6},{"damage":0,"enemies":"Shell Parasite","floor":18,"turns":5},{"damage":6,"enemies":"2 Thieves","floor":19,"turns":4},{"damage":3,"enemies":"Cultist and Chosen","floor":22,"turns":5},{"damage":13,"enemies":"Nightmare","floor":24,"turns":4},{"damage":0,"enemies":"Slavers","floor":25,"turns":4},{"damage":0,"enemies":"Centurion and Healer","floor":27,"turns":3},{"damage":0,"enemies":"Book of Stabbing","floor":29,"turns":4},{"damage":0,"enemies":"Snecko","floor":31,"turns":1},{"damage":2,"enemies":"Pondfish","floor":33,"turns":5},{"damage":0,"enemies":"3 Shapes","floor":35,"turns":2},{"damage":2,"enemies":"Orb Walker","floor":36,"turns":7},{"damage":3,"enemies":"Giant Head","floor":40,"turns":4},{"damage":11,"enemies":"Nightmare","floor":41,"turns":6},{"damage":0,"enemies":"Reptomancer","floor":42,"turns":2},{"damage":0,"enemies":"R_Hoarder","floor":44,"turns":4},{"damage":0,"enemies":"3 Darklings","floor":45,"turns":2},{"damage":0,"enemies":"Spire Growth","floor":46,"turns":3},{"damage":0,"enemies":"Nemesis","floor":47,"turns":5},{"damage":17,"enemies":"conspire:OrnateMirror","floor":50,"turns":9},{"damage":4,"enemies":"Shield and Spear","floor":54,"turns":3},{"damage":16,"enemies":"The Heart","floor":55,"turns":4}],"seed_played":"8664015945369288084","potions_obtained":[{"floor":2,"key":"Dexterity Potion"},{"floor":12,"key":"FearPotion"},{"floor":16,"key":"blueLaboratory:EnragingPotion"},{"floor":18,"key":"Block Potion"},{"floor":20,"key":"blueLaboratory:BottleOfVodka"},{"floor":22,"key":"blueLaboratory:FruitPunch"},{"floor":24,"key":"Block Potion"},{"floor":29,"key":"Strength Potion"},{"floor":35,"key":"SteroidPotion"},{"floor":41,"key":"blueLaboratory:FruitPunch"},{"floor":45,"key":"HeartOfIron"},{"floor":46,"key":"Energy Potion"},{"floor":50,"key":"FearPotion"}],"is_trial":true,"path_per_floor":["M","M","M","$","?","E","R","E","T","E","E","E","E","?","R","B",null,"M","M","?","$","M","R","NM","E","T","M","$","E","AVR","M","R","B",null,"M","M","AVR","?","$","E","NM","E","T","E","M","M","E","$","R","B",null,"R","$","E","B",null],"character_chosen":"IRONCLAD","items_purchased":["StuffTheSpire:Mouthbags","conspire:TreasureMap","Bronze Scales","Lee\u0027s Waffle","LifebloodPotion","hubris:MysteriousPyramids","Elixir"],"campfire_rested":0,"item_purchase_floors":[4,39,48,48,48,53,53],"current_hp_per_floor":[80,80,80,80,80,80,80,80,80,80,80,74,78,78,78,58,75,80,80,80,80,80,80,75,88,88,89,89,89,89,89,89,89,89,92,98,98,98,98,103,100,114,114,118,128,138,148,157,157,148,158,159,159,167,159],"gold":189,"neow_bonus":"","is_daily":false,"chose_seed":false,"campfire_upgraded":4,"win_rate":0.0,"timestamp":1612958338,"path_taken":["M","M","M","$","?","E","R","E","T","E","E","E","E","?","R","BOSS","M","M","?","$","?","R","NM","E","T","M","$","E","AVR","?","R","BOSS","M","M","AVR","?","$","E","NM","E","T","E","M","?","E","$","R","BOSS","R","$","E","BOSS"],"items_purchased_type":["Relic","Relic","Relic","Relic","Potion","Relic","Potion"],"build_version":"2020-12-22","purchased_purges":6,"victory":true,"max_hp_per_floor":[80,80,80,80,80,80,80,80,80,80,80,80,80,80,80,80,80,80,80,80,80,80,80,82,89,89,89,89,89,89,89,89,89,89,92,98,98,98,98,106,114,124,124,126,134,142,150,157,157,159,159,159,159,167,169],"card_choices":[{"not_picked":["Disarm","Dual Wield"],"picked":"BarbarianYell","floor":1},{"not_picked":["Bloodbath","PunishingBird","CrumblingArmor"],"picked":"Singing Bowl","floor":1},{"not_picked":["BarbarianYell","Rage"],"picked":"Replay:Undeath\u0027s Touch","floor":2},{"not_picked":["WhiteNight","SnowQueen","CherryBlossoms"],"picked":"Singing Bowl","floor":2},{"not_picked":["CrumblingArmor","CherryBlossoms"],"picked":"UniverseFragment","floor":2},{"not_picked":["Combust","Body Slam"],"picked":"Reckless Charge","floor":3},{"not_picked":["OSAHOGD","BigBird","CherryBlossoms"],"picked":"Singing Bowl","floor":3},{"not_picked":["ReplayTheSpireMod:Corrosion Curse","Clash","Sword Boomerang"],"picked":"SKIP","floor":6},{"not_picked":["Murderer","CrumblingArmor","FairyFestival"],"picked":"Singing Bowl","floor":8},{"not_picked":["Dark Embrace","Replay:Undeath\u0027s Touch","Clothesline"],"picked":"SKIP","floor":8},{"not_picked":["StuffTheSpire:BloodClot","Demonic Infusion","Uppercut"],"picked":"SKIP","floor":10},{"not_picked":["Twin Strike","Sentinel"],"picked":"Cleave","floor":11},{"not_picked":["Perfected Strike","Clothesline","Sentinel"],"picked":"SKIP","floor":12},{"not_picked":["ReplayTheSpireMod:LeadingStrike","Replay:Undeath\u0027s Touch","Massacre"],"picked":"SKIP","floor":13},{"not_picked":["PunishingBird","NothingThere","NakedNest"],"picked":"Singing Bowl","floor":16},{"not_picked":["Feed","Juggernaut"],"picked":"Demon Form","floor":16},{"not_picked":["Cleave","Havoc"],"picked":"Shockwave+1","floor":18},{"not_picked":["SpiderBud","DespairKnight","Alriune"],"picked":"Singing Bowl","floor":19},{"not_picked":["Clash","Thunderclap+1","StuffTheSpire:BloodClot"],"picked":"SKIP","floor":19},{"not_picked":["Massacre+1","hubris:ReadiedAction+1"],"picked":"Shrug It Off","floor":22},{"not_picked":["Massacre","hubris:ReadiedAction"],"picked":"Pummel","floor":24},{"not_picked":["Body Slam","ReplayTheSpireMod:Corrosion Curse","Cleave"],"picked":"SKIP","floor":25},{"not_picked":["ReplayTheSpireMod:Corrosion Curse+1","Second Wind"],"picked":"Heavy Blade","floor":27},{"not_picked":["Heavy Blade","Berserk"],"picked":"Burning Pact+1","floor":29},{"not_picked":["ReplayReversal","Infernal Blade","hubris:CleavingFinish"],"picked":"SKIP","floor":31},{"not_picked":["Demonic Infusion","Offering"],"picked":"Feed","floor":33},{"not_picked":["Twin Strike"],"picked":"SKIP","floor":35},{"not_picked":["infinitespire:OneForAll"],"picked":"SKIP","floor":36},{"not_picked":["hubris:SharpeningStone+1"],"picked":"SKIP","floor":40},{"not_picked":["ReplayTheSpireMod:Corrosion Curse+1"],"picked":"SKIP","floor":41},{"not_picked":["Shockwave"],"picked":"SKIP","floor":42},{"not_picked":["ReplayTheSpireMod:Strike From Hell+1"],"picked":"SKIP","floor":44},{"not_picked":["Second Wind"],"picked":"SKIP","floor":45},{"not_picked":["Carnage+1"],"picked":"SKIP","floor":46},{"not_picked":["Absolvement+1"],"picked":"SKIP","floor":47},{"not_picked":["Rampage"],"picked":"SKIP","floor":54}],"player_experience":1348057,"relics_obtained":[{"floor":6,"key":"Bag of Marbles"},{"floor":8,"key":"reliquary:Knoch"},{"floor":9,"key":"reliquary:RosewoodLute"},{"floor":10,"key":"Pantograph"},{"floor":11,"key":"Dead Branch"},{"floor":12,"key":"ReplayTheSpireMod:Shallot"},{"floor":13,"key":"Anchor"},{"floor":14,"key":"Ring of Misfortune"},{"floor":14,"key":"Ring of Panic"},{"floor":24,"key":"CrustySpines"},{"floor":24,"key":"infinitespire:Golems Mask"},{"floor":25,"key":"Strawberry"},{"floor":25,"key":"StuffTheSpire:Barrel"},{"floor":26,"key":"reliquary:Aerogel"},{"floor":29,"key":"SnailShell"},{"floor":29,"key":"reliquary:JackalopeAntler"},{"floor":40,"key":"StuffTheSpire:ForceGauntlet"},{"floor":40,"key":"infinitespire:Satchel"},{"floor":41,"key":"Snack Pack"},{"floor":41,"key":"Gremlin Food"},{"floor":42,"key":"infinitespire:Broken Mirror"},{"floor":42,"key":"infinitespire:Beetle Shell"},{"floor":43,"key":"Vajra"},{"floor":44,"key":"Eternal Feather"},{"floor":44,"key":"StuffTheSpire:Gunfinga"},{"floor":47,"key":"conspire:TopHat"},{"floor":47,"key":"Replay:Bandana"},{"floor":54,"key":"Centennial Puzzle"},{"floor":54,"key":"StuffTheSpire:PointBlank"}],"event_choices":[{"damage_healed":0,"gold_gain":0,"player_choice":"Got Potions","damage_taken":0,"max_hp_gain":0,"max_hp_loss":0,"event_name":"Lab","floor":20,"gold_loss":0},{"damage_healed":0,"gold_gain":0,"player_choice":"Copied","damage_taken":0,"max_hp_gain":0,"max_hp_loss":0,"event_name":"Duplicator","floor":38,"gold_loss":0,"cards_obtained":["Feed"]}],"is_beta":false,"boss_relics":[{"not_picked":["energizedSpire:TabascoSauce","energizedSpire:DeadBattery"],"picked":"Black Star"},{"not_picked":["hubris:GrandSneckoEye","Runic Dome"],"picked":"Busted Crown"},{"not_picked":["halation:ForbiddenBikini","Ooze Armor"],"picked":"Cursed Key"}],"items_purged_floors":[4,28,30,37,48,53],"is_endless":true,"potions_floor_spawned":[2,12,16,18,22,24,29,31,35,41,45,46,50,55],"ascension_level":5}}