{"host":"ajxvnmsjfcleb5r5","time":1612958318,"event":{"mods":["2.2 Compatiblity","AchievementEnabler","BaseMod","Beaked The Cultist","Better Note","BetterRewards","Card Forge","Colored Powertips","DNKmod","Friendly Minions","Gremlin Mod","Hermit","Infinite Spire","Minty Spire (QoL Compilation)","Quick Restart","Shop Mod","StSLib","SuperFastMode"],"gold_per_floor":[114,132,82,82,9,35,53,53,53,64,89,41,76,92,92,196,196,207,207,5,5,15,15,15,27,39,51,74,86,114,140,152,263,275,303,326,351,381,393,435,447,447],"floor_reached":41,"language":"KOR","playtime":1956,"items_purged":["hermit:Strike_Hermit"],"score":518,"play_id":"6201b2a1-222e-4695-bde2-52c71721a7f8","local_time":"20210210205838","is_ascension_mode":false,"campfire_choices":[{"data":"hermit:TakeAim","floor":8.0,"key":"SMITH"},{"data":"hermit:Adapt","floor":15.0,"key":"SMITH"},{"data":"hermit:Vantage","floor":23.0,"key":"SMITH"},{"data":"hermit:Covet","floor":25.0,"key":"SMITH"},{"data":"hermit:Strike_Hermit","floor":27.0,"key":"PURGE"},{"floor":32.0,"key":"REST"}],"circlet_count":0,"master_deck":["hermit:Defend_Hermit","hermit:Defend_Hermit","hermit:Defend_Hermit","hermit:Defend_Hermit","hermit:Snapshot","hermit:Covet+1","hermit:GoldenBullet","hermit:TakeAim+1","hermit:Ricochet","hermit:TrackingShot","hermit:Enervate","hermit:Headshot","hermit:Adapt+1","hermit:Vantage+1","hermit:Magnum","hermit:Glare+1","hermit:Dive","hermit:Combo","hermit:Snipe","hermit:Quickdraw+1","hermit:FatalDesire","hermit:EyeOfTheStorm+1"],"relics":["hermit:ClaspedLocket","Hammer of Thor","Seething Fire","Anvil of the Gods","Calipers","CaptainsWheel","NeowsBlessing","infinitespire:EmpoweringShard","Singing Bowl","Gremlin Horn","Pantograph","Peace Pipe","Black Star","hermit:PetGhost","MawBank","Matryoshka","Strawberry","Gambling Chip"],"acts_visited":["Exordium","TheCity","TheBeyond"],"potions_floor_usage":[41,41,41,41,41],"damage_taken":[{"damage":0.0,"enemies":"2 Louse","floor":1.0,"turns":1.0},{"damage":1.0,"enemies":"Jaw Worm","floor":2.0,"turns":3.0},{"damage":0.0,"enemies":"Lagavulin","floor":6.0,"turns":1.0},{"damage":0.0,"enemies":"Cultist","floor":7.0,"turns":1.0},{"damage":8.0,"enemies":"Exordium Thugs","floor":10.0,"turns":3.0},{"damage":14.0,"enemies":"Gremlin Nob","floor":11.0,"turns":4.0},{"damage":0.0,"enemies":"Lagavulin","floor":13.0,"turns":4.0},{"damage":2.0,"enemies":"Blue Slaver","floor":14.0,"turns":2.0},{"damage":1.0,"enemies":"The Guardian","floor":16.0,"turns":9.0},{"damage":17.0,"enemies":"Shell Parasite","floor":18.0,"turns":5.0},{"damage":15.0,"enemies":"3 Byrds","floor":22.0,"turns":4.0},{"damage":22.0,"enemies":"Shelled Parasite and Fungi","floor":28.0,"turns":5.0},{"damage":0.0,"enemies":"Sentry and Sphere","floor":30.0,"turns":4.0},{"damage":18.0,"enemies":"Snake Plant","floor":31.0,"turns":4.0},{"damage":5,"enemies":"Collector","floor":33,"turns":10},{"damage":10,"enemies":"Orb Walker","floor":35,"turns":3},{"damage":0,"enemies":"3 Shapes","floor":36,"turns":3},{"damage":7,"enemies":"Spire Growth","floor":37,"turns":5},{"damage":6,"enemies":"Sphere and 2 Shapes","floor":38,"turns":4},{"damage":86,"enemies":"Nightmare","floor":40,"turns":10},{"damage":100011,"enemies":"2 Orb Walkers","floor":41,"turns":2}],"seed_played":"8681177196805434925","potions_obtained":[{"floor":2.0,"key":"Strength Potion"},{"floor":6.0,"key":"FearPotion"},{"floor":10.0,"key":"EntropicBrew"},{"floor":16.0,"key":"Explosive Potion"},{"floor":21.0,"key":"Explosive Potion"}],"is_trial":false,"path_per_floor":["M","M","?","?","$","E","M","R","T","M","E","$","E","M","R","B",null,"M","?","$","?","M","R","AVR","R","T","R","M","?","M","M","R","B",null,"M","M","M","M","AVR","NM","?"],"character_chosen":"HERMIT","items_purchased":["hermit:TakeAim","hermit:Headshot","hermit:PetGhost","hermit:Dive"],"campfire_rested":1,"item_purchase_floors":[5,12,20,20],"current_hp_per_floor":[75,74,74,74,74,74,74,74,74,68,54,54,54,52,52,76,77,60,60,60,60,47,47,47,47,47,47,25,19,19,1,24,44,79,71,73,68,64,64,8,0,0],"gold":447,"neow_bonus":"THREE_ENEMY_KILL","is_daily":false,"chose_seed":false,"campfire_upgraded":4,"win_rate":0.0,"timestamp":1612958318,"path_taken":["M","M","?","?","?","E","M","R","T","?","E","$","E","M","R","BOSS","M","?","?","?","M","R","AVR","R","T","R","M","?","M","M","R","BOSS","M","M","?","M","AVR","NM","?"],"items_purchased_type":["Card","Card","Relic","Card"],"build_version":"2020-12-22","purchased_purges":1,"victory":false,"max_hp_per_floor":[75,75,75,75,75,75,75,75,75,77,77,77,77,77,77,77,77,77,77,77,77,79,79,79,79,79,79,79,79,79,79,79,79,79,81,83,85,87,87,94,94,94],"card_choices":[{"not_picked":["hermit:Glare","hermit:WideOpen"],"picked":"hermit:GoldenBullet","floor":1.0},{"not_picked":["hermit:Desperado","hermit:Brawl","hermit:Glare"],"picked":"SKIP","floor":2.0},{"not_picked":["hermit:DeadMansHand","hermit:Brawl"],"picked":"hermit:Ricochet","floor":6.0},{"not_picked":["hermit:Manifest","hermit:Desperado"],"picked":"hermit:TrackingShot","floor":7.0},{"not_picked":["hermit:Feint","hermit:Snipe","hermit:Purgatory"],"picked":"Singing Bowl","floor":10.0},{"not_picked":["hermit:TrackingShot","hermit:LowProfile"],"picked":"hermit:Enervate","floor":11.0},{"not_picked":["hermit:Brawl","hermit:BodyArmor"],"picked":"hermit:Adapt","floor":13.0},{"not_picked":["hermit:Snipe","hermit:HighCaliber"],"picked":"hermit:Vantage","floor":14.0},{"not_picked":["hermit:RoundhouseKick","hermit:Gambit"],"picked":"hermit:Magnum","floor":16.0},{"not_picked":["hermit:Quickdraw+1","hermit:Spite+1"],"picked":"hermit:Glare+1","floor":18.0},{"not_picked":["hermit:HighNoon","hermit:LowProfile","hermit:Cheat"],"picked":"Singing Bowl","floor":22.0},{"not_picked":["hermit:BigShot","hermit:Gestalt+1"],"picked":"hermit:Combo","floor":28.0},{"not_picked":["hermit:GoldenBullet","hermit:BodyArmor"],"picked":"hermit:Snipe","floor":30.0},{"not_picked":["hermit:Desperado+1","hermit:Shortfuse"],"picked":"hermit:Quickdraw+1","floor":31.0},{"not_picked":["hermit:Dissolve","hermit:HighNoon"],"picked":"hermit:FatalDesire","floor":33},{"not_picked":["hermit:Manifest","hermit:Desperado+1","hermit:WideOpen"],"picked":"Singing Bowl","floor":35},{"not_picked":["hermit:Manifest","hermit:Dive+1","hermit:Snipe+1"],"picked":"Singing Bowl","floor":36},{"not_picked":["hermit:DeadOrAlive","hermit:Snipe","hermit:WideOpen+1"],"picked":"Singing Bowl","floor":37},{"not_picked":["hermit:HighCaliber","hermit:HighNoon","hermit:SprayPray"],"picked":"Singing Bowl","floor":38},{"not_picked":["hermit:Dive","hermit:BodyArmor"],"picked":"hermit:EyeOfTheStorm+1","floor":40}],"player_experience":167127,"relics_obtained":[{"floor":4.0,"key":"infinitespire:EmpoweringShard"},{"floor":6.0,"key":"Singing Bowl"},{"floor":9.0,"key":"Gremlin Horn"},{"floor":11.0,"key":"Pantograph"},{"floor":13.0,"key":"Peace Pipe"},{"floor":26.0,"key":"Matryoshka"},{"floor":40,"key":"Strawberry"},{"floor":40,"key":"Gambling Chip"}],"event_choices":[{"cards_removed":["hermit:Strike_Hermit"],"damage_healed":0.0,"max_hp_gain":0.0,"max_hp_loss":0.0,"gold_gain":0.0,"event_name":"The Cleric","player_choice":"Card Removal","floor":3.0,"gold_loss":50.0,"damage_taken":0.0},{"cards_removed":["hermit:Strike_Hermit"],"damage_healed":0.0,"max_hp_gain":0.0,"max_hp_loss":0.0,"gold_gain":0.0,"event_name":"Purifier","player_choice":"Purged","floor":19.0,"gold_loss":0.0,"damage_taken":0.0},{"damage_healed":0.0,"max_hp_gain":0.0,"max_hp_loss":0.0,"gold_gain":0.0,"event_name":"Lab","player_choice":"Got Potions","floor":21.0,"gold_loss":0.0,"damage_taken":0.0},{"damage_healed":0.0,"max_hp_gain":0.0,"max_hp_loss":0.0,"gold_gain":0.0,"event_name":"Knowing Skull","player_choice":"","floor":29.0,"potions_obtained":[],"gold_loss":0.0,"damage_taken":6.0,"cards_obtained":[]},{"damage_healed":0,"gold_gain":0,"player_choice":"Fight","damage_taken":0,"max_hp_gain":0,"max_hp_loss":0,"event_name":"Mysterious Sphere","floor":41,"gold_loss":0}],"is_beta":false,"boss_relics":[{"not_picked":["SlaversCollar","Runic Pyramid"],"picked":"Black Star"},{"not_picked":["Tiny House","infinitespire:Cupcake"],"picked":"hermit:ClaspedLocket"}],"items_purged_floors":[24],"is_endless":false,"potions_floor_spawned":[2,6,10,16,28,31,36],"killed_by":"2 Orb Walkers","ascension_level":0}}