{"host":"0qlrtuw7bw78ucw4","time":1612962823,"event":{"mods":["BaseMod","Downfall","Minty Spire (QoL Compilation)","StSLib"],"gold_per_floor":[99,116,127,127,127,37,37,55,75,75,102,102,137,150,166,242,242,242,253,88,88,108,108,108,108,128,128,128,138,138,138,149,223,223,223,233,243,253,253,238,238,38,38,52,78,78,93,93,107,107],"floor_reached":51,"language":"ENG","playtime":8292,"items_purged":["Guardian:Strike_Guardian","Guardian:Defend_Guardian"],"score":1162,"play_id":"efbe4936-903a-4e60-be20-9ee32482cd30","local_time":"20210211001343","is_ascension_mode":true,"campfire_choices":[{"data":"Guardian:PolyBeam","floor":1,"key":"SMITH"},{"data":"Guardian:BaubleBeam","floor":10,"key":"SMITH"},{"data":"Guardian:FloatingOrbs","floor":18,"key":"SMITH"},{"data":"Guardian:Repulse","floor":25,"key":"SMITH"},{"data":"Guardian:CurlUp","floor":28,"key":"SMITH"},{"data":"Guardian:CrystalBeam","floor":30,"key":"SMITH"},{"floor":35,"key":"RECALL"},{"data":"Guardian:ConstructionForm","floor":42,"key":"SMITH"},{"floor":46,"key":"DIG"}],"circlet_count":0,"master_deck":["AscendersBane","Guardian:Strike_Guardian","Guardian:Defend_Guardian","Guardian:Defend_Guardian","Guardian:Defend_Guardian","Guardian:CurlUp+1","Guardian:TwinSlam","Guardian:PolyBeam+1","Guardian:BaubleBeam+1","Guardian:ChargeUp+1","Guardian:CrystalBeam+1","Guardian:FloatingOrbs+1","Guardian:StasisEngine","Guardian:Suspension+1","Guardian:Repulse+1","Guardian:ConstructionForm+1","Guardian:EvasiveProtocol","Guardian:Recover+1","Guardian:ChargeUp+1","Guardian:PiercingHide+1","expansioncontent:Chronoboost","Guardian:StasisStrike"],"relics":["Guardian:ModeShifter","Toxic Egg 2","White Beast Statue","Coffee Dripper","Enchiridion","Pantograph","downfall:RedIOU","SlaversCollar","downfall:HeartBlessingRed","downfall:HeartBlessingBlue","Shovel","Happy Flower"],"acts_visited":["Exordium","TheCity","TheBeyond"],"potions_floor_usage":[16,16,22,26,33,33,38,50],"damage_taken":[{"damage":1,"enemies":"2 Louse","floor":2,"turns":4},{"damage":6,"enemies":"Jaw Worm","floor":3,"turns":4},{"damage":0,"enemies":"downfall:FleeingMerchant","floor":6,"turns":4},{"damage":1,"enemies":"Cultist","floor":8,"turns":3},{"damage":4,"enemies":"3 Louse","floor":9,"turns":4},{"damage":16,"enemies":"3 Sentries","floor":11,"turns":7},{"damage":7,"enemies":"Gremlin Nob","floor":13,"turns":5},{"damage":0,"enemies":"Blue Slaver","floor":14,"turns":2},{"damage":0,"enemies":"3 Louse","floor":15,"turns":3},{"damage":18,"enemies":"IC_STATUS_ARCHETYPE","floor":16,"turns":11},{"damage":0,"enemies":"Chosen","floor":19,"turns":5},{"damage":10,"enemies":"downfall:FleeingMerchant","floor":20,"turns":4},{"damage":14,"enemies":"Centurion and Healer","floor":22,"turns":5},{"damage":5,"enemies":"Sentry and Sphere","floor":26,"turns":5},{"damage":0,"enemies":"Snecko","floor":29,"turns":4},{"damage":0,"enemies":"Centurion and Healer","floor":32,"turns":5},{"damage":19,"enemies":"DF_ARCHETYPE_CLAW","floor":33,"turns":7},{"damage":0,"enemies":"3 Darklings","floor":36,"turns":5},{"damage":4,"enemies":"Orb Walker","floor":37,"turns":4},{"damage":0,"enemies":"Transient","floor":38,"turns":5},{"damage":0,"enemies":"downfall:FleeingMerchant","floor":40,"turns":4},{"damage":0,"enemies":"Maw","floor":44,"turns":6},{"damage":0,"enemies":"Giant Head","floor":45,"turns":7},{"damage":0,"enemies":"3 Darklings","floor":47,"turns":6},{"damage":13,"enemies":"Spire Growth","floor":49,"turns":5},{"damage":5,"enemies":"SI_POISON_ARCHETYPE","floor":50,"turns":7}],"seed_played":"-8722598825707808016","potions_obtained":[{"floor":5,"key":"DuplicationPotion"},{"floor":5,"key":"Fire Potion"},{"floor":14,"key":"Slimebound:ThreeZeroPotion"},{"floor":16,"key":"Regen Potion"},{"floor":19,"key":"PowerPotion"},{"floor":22,"key":"Weak Potion"},{"floor":26,"key":"champ:CounterPotion"},{"floor":27,"key":"CultistPotion"},{"floor":33,"key":"FairyPotion"},{"floor":36,"key":"LiquidMemories"},{"floor":38,"key":"sneckomod:MuddlingPotion"},{"floor":40,"key":"Energy Potion"},{"floor":45,"key":"CultistPotion"}],"is_trial":false,"path_per_floor":["R","M","M","?","?","$","T","M","M","R","E","?","E","M","M","B",null,"R","M","$","?","M","?","T","R","M","?","R","M","R","?","M","B",null,"R","M","M","M","?","$","T","R","?","M","E","R","M","?","M","B",null],"character_chosen":"GUARDIAN","items_purchased":["Guardian:Suspension+1"],"campfire_rested":0,"item_purchase_floors":[20],"current_hp_per_floor":[65,64,58,58,58,58,58,57,53,53,37,37,30,30,30,12,57,57,57,47,27,27,6,6,6,1,1,1,1,1,1,1,7,60,60,60,56,56,56,56,56,66,66,66,66,66,66,66,53,73],"gold":107,"neow_bonus":"TRANSFORM_CARD","is_daily":false,"chose_seed":false,"campfire_upgraded":7,"win_rate":0.0,"timestamp":1612962823,"path_taken":["R","M","M","?","?","$","T","?","M","R","E","?","E","M","M","BOSS","R","M","$","?","M","?","T","R","M","?","R","M","R","?","M","BOSS","R","M","M","M","?","$","T","R","?","M","E","R","M","?","M","BOSS"],"items_purchased_type":["Card"],"build_version":"2020-12-22","purchased_purges":2,"victory":true,"max_hp_per_floor":[72,72,72,72,72,72,72,72,72,72,72,72,72,72,72,72,72,72,72,72,77,77,77,77,77,77,77,77,77,77,77,77,77,77,77,77,77,77,77,77,77,87,87,87,87,87,87,87,87,87],"card_choices":[{"not_picked":["Guardian:Gem_Green","Guardian:Gem_Lightblue"],"picked":"Guardian:Gem_Cyan","floor":2},{"not_picked":["Guardian:Incinerate","Guardian:Gem_Green"],"picked":"Guardian:Gem_Fragmented","floor":3},{"not_picked":["Guardian:ChargeCore","Guardian:DonusPower"],"picked":"Guardian:BaubleBeam","floor":6},{"not_picked":["Guardian:Gem_Green","Guardian:Gem_Fragmented"],"picked":"Guardian:ChargeUp+1","floor":8},{"not_picked":["Guardian:ShieldCharger+1","Guardian:TimeBomb+1"],"picked":"Guardian:CrystalBeam","floor":9},{"not_picked":["Guardian:VentSteam+1","Guardian:GuardianWhirl"],"picked":"Guardian:Gem_Synthetic","floor":11},{"not_picked":["Guardian:Incinerate","Guardian:RefractedBeam"],"picked":"Guardian:Gem_Purple","floor":13},{"not_picked":["Guardian:Gem_Green","Guardian:WalkerClaw"],"picked":"Guardian:FloatingOrbs","floor":14},{"not_picked":["Guardian:RollAttack","Guardian:PrimingBeam","Guardian:CrystalBeam"],"picked":"SKIP","floor":15},{"not_picked":["Guardian:RevengeProtocol","Guardian:CompilePackage+1"],"picked":"Guardian:StasisEngine","floor":16},{"not_picked":["Guardian:Planning+1","Guardian:WalkerClaw","Guardian:Recover+1"],"picked":"SKIP","floor":19},{"not_picked":["Guardian:TimeSifter","Guardian:CrystalBeam","Guardian:Suspension+1"],"picked":"SKIP","floor":20},{"not_picked":["Guardian:Gem_Cyan","Guardian:Planning+1"],"picked":"Guardian:Repulse","floor":22},{"not_picked":["Guardian:Emergency+1","Guardian:BronzeArmor+1","Guardian:Planning+1"],"picked":"SKIP","floor":26},{"not_picked":["Guardian:VentSteam+1","Guardian:CrystalBeam","Guardian:TemporalStrike"],"picked":"SKIP","floor":29},{"not_picked":["Guardian:RollAttack","Guardian:BronzeArmor+1","Guardian:Incinerate"],"picked":"SKIP","floor":32},{"not_picked":["Guardian:AncientConstruct","Guardian:GemFinder"],"picked":"Guardian:ConstructionForm","floor":33},{"not_picked":["Guardian:ShieldCharger+1","Guardian:Gem_Yellow"],"picked":"Guardian:EvasiveProtocol","floor":36},{"not_picked":["Guardian:BodySlam","Guardian:Planning+1"],"picked":"Guardian:Recover+1","floor":37},{"not_picked":["Guardian:Preprogram+1","Guardian:TimeCapacitor+1","Guardian:RollAttack"],"picked":"SKIP","floor":38},{"not_picked":["Guardian:Gem_Yellow","Guardian:CrystalBeam+1"],"picked":"Guardian:ChargeUp+1","floor":40},{"not_picked":["Guardian:Planning+1","Guardian:Emergency+1"],"picked":"Guardian:PiercingHide+1","floor":44},{"not_picked":["Guardian:Recover+1","Guardian:ShieldCharger+1","Guardian:Gem_Blue"],"picked":"SKIP","floor":45},{"not_picked":["Guardian:Recover+1","Guardian:GuardianWhirl","Guardian:TimeCapacitor"],"picked":"SKIP","floor":47},{"not_picked":["expansioncontent:AwakenDeath","expansioncontent:InvincibleStrength"],"picked":"expansioncontent:Chronoboost","floor":48},{"not_picked":["Guardian:Incinerate+1","Guardian:Gem_Fragmented"],"picked":"Guardian:StasisStrike","floor":49}],"player_experience":974147,"relics_obtained":[{"floor":7,"key":"Toxic Egg 2"},{"floor":11,"key":"White Beast Statue"},{"floor":13,"key":"Bag of Marbles"},{"floor":23,"key":"Enchiridion"},{"floor":24,"key":"Pantograph"},{"floor":45,"key":"Shovel"},{"floor":46,"key":"Happy Flower"}],"event_choices":[{"damage_healed":0,"gold_gain":0,"player_choice":"Got Potions","damage_taken":0,"max_hp_gain":0,"max_hp_loss":0,"event_name":"Lab","floor":5,"gold_loss":0}],"is_beta":false,"boss_relics":[{"not_picked":["Velvet Choker","bronze:MakeshiftBattery"],"picked":"Coffee Dripper"},{"not_picked":["Runic Dome","Black Star"],"picked":"SlaversCollar"}],"items_purged_floors":[6,20],"is_endless":false,"potions_floor_spawned":[8,11,13,14,15,16,19,20,22,26,29,32,33,36,37,38,40,44,45,47,49],"ascension_level":15}}