{"host":"krw8blyxua7at9ak","time":1612983669,"event":{"mods":["BaseMod","Highlight Path","Minty Spire (QoL Compilation)","ojb\u0027s Info Mod"],"gold_per_floor":[110,185,150,170,170,205,220,255,255,275,304,304,335,67,67,142,142,155,171,171,182,182,214,264,279,279,279,304,304,339,359,359,430,430,441,663,588,863,423,450,470,498,525,541,567,577,577,577,577,577,577,577,577,118,143,143,143],"floor_reached":56,"language":"ENG","playtime":3779,"items_purged":["Pain","Regret"],"score":2077,"play_id":"b9eec07b-8dc0-425c-96e3-7b2c9353e1d7","local_time":"20210210200109","is_ascension_mode":true,"campfire_choices":[{"data":"Dagger Spray","floor":12,"key":"SMITH"},{"data":"Dash","floor":15,"key":"SMITH"},{"data":"Tools of the Trade","floor":27,"key":"SMITH"},{"data":"Neutralize","floor":29,"key":"SMITH"},{"data":"Blade Dance","floor":32,"key":"SMITH"},{"data":"Accuracy","floor":47,"key":"SMITH"},{"floor":49,"key":"RECALL"},{"floor":53,"key":"REST"}],"circlet_count":0,"master_deck":["AscendersBane","Strike_G","Strike_G","Strike_G","Strike_G","Defend_G","Defend_G","Defend_G","Defend_G","Defend_G","Survivor","Neutralize+1","Choke","Sucker Punch","Accuracy+1","Backstab","Dagger Spray+1","Backstab","Finisher","Leg Sweep","Dash+1","After Image","Cloak And Dagger+1","PiercingWail","Tools of the Trade+1","Deflect","Blade Dance+1","Blade Dance","Prepared+1","Deflect+1","Calculated Gamble","Prepared+1","Writhe","Acrobatics","Accuracy"],"relics":["Ring of the Snake","NeowsBlessing","Vajra","Meat on the Bone","Regal Pillow","Bronze Scales","Potion Belt","Kunai","Runic Pyramid","WarpedTongs","Singing Bowl","Blue Candle","Red Mask","Sozu","Toolbox","Oddly Smooth Stone","Bottled Tornado","Happy Flower","Lantern","Bag of Preparation","Strawberry","TwistedFunnel","White Beast Statue"],"acts_visited":["Exordium","TheCity","TheBeyond","TheEnding"],"potions_floor_usage":[8,16,23,27,28,28],"damage_taken":[{"damage":0,"enemies":"Cultist","floor":1,"turns":1},{"damage":0,"enemies":"Small Slimes","floor":4,"turns":1},{"damage":0,"enemies":"Gremlin Nob","floor":6,"turns":1},{"damage":0,"enemies":"2 Louse","floor":7,"turns":1},{"damage":27,"enemies":"Lagavulin","floor":8,"turns":7},{"damage":0,"enemies":"Lots of Slimes","floor":10,"turns":2},{"damage":12,"enemies":"3 Sentries","floor":11,"turns":6},{"damage":3,"enemies":"Gremlin Nob","floor":13,"turns":3},{"damage":29,"enemies":"Slime Boss","floor":16,"turns":12},{"damage":5,"enemies":"Spheric Guardian","floor":18,"turns":4},{"damage":5,"enemies":"Shell Parasite","floor":19,"turns":6},{"damage":24,"enemies":"Shelled Parasite and Fungi","floor":21,"turns":7},{"damage":13,"enemies":"Slavers","floor":23,"turns":5},{"damage":12,"enemies":"Snake Plant","floor":25,"turns":4},{"damage":20,"enemies":"Gremlin Leader","floor":28,"turns":9},{"damage":8,"enemies":"Masked Bandits","floor":30,"turns":4},{"damage":0,"enemies":"Centurion and Healer","floor":31,"turns":5},{"damage":14,"enemies":"Champ","floor":33,"turns":20},{"damage":6,"enemies":"3 Darklings","floor":35,"turns":5},{"damage":6,"enemies":"Nemesis","floor":40,"turns":5},{"damage":0,"enemies":"Orb Walker","floor":41,"turns":3},{"damage":3,"enemies":"Giant Head","floor":42,"turns":7},{"damage":0,"enemies":"Transient","floor":44,"turns":6},{"damage":2,"enemies":"Reptomancer","floor":45,"turns":8},{"damage":0,"enemies":"3 Darklings","floor":46,"turns":2},{"damage":44,"enemies":"Donu and Deca","floor":50,"turns":12},{"damage":31,"enemies":"Awakened One","floor":51,"turns":16},{"damage":7,"enemies":"Shield and Spear","floor":55,"turns":9},{"damage":88,"enemies":"The Heart","floor":56,"turns":5}],"seed_played":"-7089399969510963231","potions_obtained":[{"floor":1,"key":"Weak Potion"},{"floor":6,"key":"PowerPotion"},{"floor":8,"key":"Energy Potion"},{"floor":19,"key":"Dexterity Potion"},{"floor":21,"key":"Block Potion"},{"floor":23,"key":"Fruit Juice"},{"floor":30,"key":"Fire Potion"},{"floor":31,"key":"SkillPotion"}],"is_trial":false,"path_per_floor":["M","?","?","M","?","E","M","E","T","M","E","R","E","$","R","B",null,"M","M","?","M","?","E","?","M","T","R","E","R","?","M","R","B",null,"M","?","$","?","$","E","M","E","T","M","E","M","R","?","R","B","B",null,"R","$","E","B"],"character_chosen":"THE_SILENT","items_purchased":["Kunai","Toolbox","Oddly Smooth Stone","Acrobatics","Strawberry","Accuracy","TwistedFunnel"],"campfire_rested":1,"item_purchase_floors":[14,39,39,54,54,54,54],"current_hp_per_floor":[59,48,64,64,64,64,64,37,37,37,37,37,34,34,34,17,54,49,44,44,32,32,31,31,33,33,38,32,32,36,50,50,50,72,66,66,66,66,66,60,62,59,59,61,59,59,59,76,76,44,25,69,83,90,85,0,0],"gold":143,"neow_bonus":"THREE_ENEMY_KILL","is_daily":false,"chose_seed":false,"campfire_upgraded":6,"win_rate":0.0,"timestamp":1612983669,"path_taken":["M","?","?","M","?","E","M","E","T","M","E","R","E","$","R","BOSS","M","M","?","?","?","E","?","?","T","R","E","R","?","M","R","BOSS","M","?","$","?","$","E","?","E","T","M","E","M","R","?","R","BOSS","BOSS","R","$","E","BOSS"],"items_purchased_type":["Relic","Relic","Relic","Card","Relic","Card","Relic"],"build_version":"2020-12-22","purchased_purges":2,"victory":false,"max_hp_per_floor":[66,66,66,66,66,66,66,66,66,66,66,66,66,66,66,66,66,66,66,66,66,66,66,66,68,68,73,75,75,75,77,77,79,79,79,79,79,79,79,79,81,81,81,83,83,83,83,83,83,83,83,83,83,90,92,92,92],"card_choices":[{"not_picked":["Riddle With Holes","Reflex"],"picked":"Choke","floor":1},{"not_picked":["PiercingWail","Choke"],"picked":"Sucker Punch","floor":4},{"not_picked":["Predator","Riddle With Holes"],"picked":"Backstab","floor":6},{"not_picked":["Slice","Well Laid Plans"],"picked":"Dagger Spray","floor":7},{"not_picked":["Footwork","Deadly Poison"],"picked":"Backstab","floor":8},{"not_picked":["Riddle With Holes","Poisoned Stab"],"picked":"Finisher","floor":10},{"not_picked":["Bullet Time","Skewer"],"picked":"Leg Sweep","floor":11},{"not_picked":["Dodge and Roll","Leg Sweep"],"picked":"Dash","floor":13},{"not_picked":["Envenom","Glass Knife"],"picked":"After Image","floor":16},{"not_picked":["Poisoned Stab","Prepared","Underhanded Strike"],"picked":"SKIP","floor":18},{"not_picked":["Predator","Caltrops"],"picked":"Cloak And Dagger+1","floor":19},{"not_picked":["Sucker Punch","Acrobatics"],"picked":"PiercingWail","floor":21},{"not_picked":["Glass Knife","Deadly Poison"],"picked":"Deflect","floor":23},{"not_picked":["Blur","Predator","Acrobatics"],"picked":"Singing Bowl","floor":25},{"not_picked":["Outmaneuver","Leg Sweep","Sucker Punch+1"],"picked":"Singing Bowl","floor":28},{"not_picked":["Bouncing Flask","Dodge and Roll"],"picked":"Blade Dance","floor":30},{"not_picked":["Crippling Poison","Deadly Poison","Quick Slash"],"picked":"Singing Bowl","floor":31},{"not_picked":["Unload","Doppelganger","Corpse Explosion"],"picked":"Singing Bowl","floor":33},{"not_picked":["Dagger Spray","Prepared"],"picked":"Blade Dance","floor":35},{"not_picked":["Outmaneuver","Flying Knee+1"],"picked":"Prepared+1","floor":40},{"not_picked":["Deflect","Prepared","Masterful Stab+1"],"picked":"Singing Bowl","floor":41},{"not_picked":["Dodge and Roll+1","Eviscerate"],"picked":"Deflect+1","floor":42},{"not_picked":["Riddle With Holes","Setup","Concentrate"],"picked":"Singing Bowl","floor":44},{"not_picked":["Footwork+1","Prepared"],"picked":"Calculated Gamble","floor":45},{"not_picked":["Masterful Stab","All Out Attack"],"picked":"Prepared+1","floor":46},{"not_picked":["Slice+1","Well Laid Plans","Endless Agony+1"],"picked":"Singing Bowl","floor":55}],"player_experience":395861,"relics_obtained":[{"floor":6,"key":"Vajra"},{"floor":8,"key":"Meat on the Bone"},{"floor":9,"key":"Regal Pillow"},{"floor":11,"key":"Bronze Scales"},{"floor":13,"key":"Potion Belt"},{"floor":23,"key":"Singing Bowl"},{"floor":28,"key":"Blue Candle"},{"floor":30,"key":"Red Mask"},{"floor":40,"key":"Bottled Tornado"},{"floor":42,"key":"Happy Flower"},{"floor":43,"key":"Lantern"},{"floor":45,"key":"Bag of Preparation"},{"floor":55,"key":"White Beast Statue"}],"event_choices":[{"damage_healed":0,"gold_gain":75,"player_choice":"Gather Gold","damage_taken":11,"max_hp_gain":0,"max_hp_loss":0,"event_name":"World of Goop","floor":2,"gold_loss":0},{"damage_healed":16,"gold_gain":0,"player_choice":"Healed","damage_taken":0,"max_hp_gain":0,"max_hp_loss":0,"event_name":"The Cleric","floor":3,"gold_loss":35},{"damage_healed":0,"gold_gain":0,"cards_transformed":["Strike_G"],"player_choice":"Change","damage_taken":0,"max_hp_gain":0,"max_hp_loss":0,"event_name":"Living Wall","floor":5,"gold_loss":0,"cards_obtained":["Accuracy"]},{"damage_healed":0,"gold_gain":0,"player_choice":"Rummage","damage_taken":0,"relics_obtained":["WarpedTongs"],"max_hp_gain":0,"max_hp_loss":0,"event_name":"Accursed Blacksmith","floor":20,"gold_loss":0,"cards_obtained":["Pain"]},{"damage_healed":0,"gold_gain":0,"player_choice":"Read","damage_taken":0,"max_hp_gain":0,"max_hp_loss":0,"event_name":"The Library","floor":22,"gold_loss":0,"cards_obtained":["Tools of the Trade"]},{"damage_healed":0,"gold_gain":100,"player_choice":"Bet on Murderer","damage_taken":0,"max_hp_gain":0,"max_hp_loss":0,"event_name":"The Joust","floor":24,"gold_loss":50},{"damage_healed":0,"gold_gain":0,"player_choice":"Fought Bandits","damage_taken":0,"max_hp_gain":0,"max_hp_loss":0,"event_name":"Masked Bandits","floor":30,"gold_loss":0},{"damage_healed":0,"gold_gain":222,"player_choice":"Wore Mask","damage_taken":0,"max_hp_gain":0,"max_hp_loss":0,"event_name":"Tomb of Lord Red Mask","floor":36,"gold_loss":0},{"damage_healed":0,"gold_gain":275,"player_choice":"Desecrate","damage_taken":0,"max_hp_gain":0,"max_hp_loss":0,"event_name":"Golden Shrine","floor":38,"gold_loss":0,"cards_obtained":["Regret"]},{"damage_healed":17,"gold_gain":0,"player_choice":"Writhe","damage_taken":0,"max_hp_gain":0,"max_hp_loss":0,"event_name":"Winding Halls","floor":48,"gold_loss":0,"cards_obtained":["Writhe"]}],"is_beta":false,"boss_relics":[{"not_picked":["Busted Crown","Runic Dome"],"picked":"Runic Pyramid"},{"not_picked":["Ring of the Serpent","WristBlade"],"picked":"Sozu"}],"items_purged_floors":[37,39],"is_endless":false,"potions_floor_spawned":[1,6,8,19,21,23,30,31,42,44],"killed_by":"The Heart","ascension_level":20}}