{"host":"Doisman","time":1612978517,"event":{"mods":["AchievementEnabler","BaseMod","Better Note","Curses Come First","Minty Spire (QoL Compilation)","Permanent Neow","Relic Stats","Replay The Spire","StSLib"],"gold_per_floor":[110,35,46,61,79,117,136,136,216,216,186,186,212,227,227,337,337,358,381,65,87,87,87,128,128,128,149,160,160,188,213,213,213,213],"floor_reached":33,"language":"ENG","playtime":3242,"items_purged":["Strike_G"],"score":285,"play_id":"accf84f5-9da9-4455-94fe-a1142e1e9396","local_time":"20210210113517","is_ascension_mode":true,"campfire_choices":[{"data":"Flechettes","floor":8,"key":"SMITH"},{"floor":10,"key":"REST"},{"data":"Neutralize","floor":12,"key":"SMITH"},{"floor":15,"key":"REST"},{"floor":23,"key":"REST"},{"floor":25,"key":"REST"},{"floor":32,"key":"REST"}],"circlet_count":0,"master_deck":["Strike_G","Strike_G","Strike_G","Strike_G","Defend_G","Defend_G","Defend_G","Defend_G","Defend_G","Survivor","Neutralize+1","Flechettes+1","Prepared","Noxious Fumes","Underhanded Strike","PiercingWail","Envenom","Outmaneuver","Die Die Die","Backstab","Catalyst","Footwork+1","Deadly Poison","Underhanded Strike","Dodge and Roll+1","Catalyst+1"],"relics":["Runic Pyramid","CeramicFish","Fusion Hammer","Golden Egg","Potion Belt","Toxic Egg 2","Toy Ornithopter"],"acts_visited":["Exordium","TheCity"],"potions_floor_usage":[16,16,21,24,28,33],"damage_taken":[{"damage":0,"enemies":"Small Slimes","floor":1,"turns":3},{"damage":0,"enemies":"Cultist","floor":3,"turns":3},{"damage":0,"enemies":"2 Louse","floor":4,"turns":2},{"damage":13,"enemies":"Exordium Thugs","floor":5,"turns":6},{"damage":32,"enemies":"Gremlin Nob","floor":6,"turns":5},{"damage":9,"enemies":"2 Fungi Beasts","floor":7,"turns":3},{"damage":5,"enemies":"Exordium Wildlife","floor":13,"turns":4},{"damage":9,"enemies":"3 Louse","floor":14,"turns":4},{"damage":9,"enemies":"Slime Boss","floor":16,"turns":7},{"damage":14,"enemies":"Spheric Guardian","floor":18,"turns":6},{"damage":20,"enemies":"2 Thieves","floor":19,"turns":5},{"damage":12,"enemies":"Sentry and Sphere","floor":21,"turns":8},{"damage":14,"enemies":"Gremlin Leader","floor":24,"turns":5},{"damage":4,"enemies":"Centurion and Healer","floor":27,"turns":8},{"damage":2,"enemies":"Snecko","floor":28,"turns":6},{"damage":21,"enemies":"Snake Plant","floor":30,"turns":4},{"damage":59,"enemies":"Collector","floor":33,"turns":7}],"seed_played":"3656694340325286857","potions_obtained":[{"floor":4,"key":"LiquidBronze"},{"floor":5,"key":"Elixir"},{"floor":11,"key":"Venom Potion"},{"floor":11,"key":"SmokeBomb"},{"floor":13,"key":"Venom Potion"},{"floor":19,"key":"Block Potion"},{"floor":24,"key":"Adrenaline Potion"},{"floor":27,"key":"Fire Potion"},{"floor":30,"key":"BlessingOfTheForge"}],"is_trial":false,"path_per_floor":["M","$","M","M","M","E","M","R","T","R","?","R","M","M","R","B",null,"M","M","$","M","?","R","E","R","T","M","M","?","M","T","R","B"],"character_chosen":"THE_SILENT","items_purchased":["Golden Egg","Footwork"],"campfire_rested":5,"item_purchase_floors":[20,20],"current_hp_per_floor":[70,70,70,70,57,25,16,16,16,37,37,37,32,23,44,35,70,56,36,36,24,24,45,31,52,52,48,46,46,25,25,46,0,0],"gold":213,"neow_bonus":"BOSS_RELIC","is_daily":false,"chose_seed":false,"campfire_upgraded":2,"win_rate":0.0,"timestamp":1612978517,"path_taken":["M","$","M","M","M","E","M","R","T","R","?","R","M","?","R","BOSS","M","?","$","M","?","R","E","R","T","M","M","?","?","?","R","BOSS"],"items_purchased_type":["Relic","Card"],"build_version":"2020-12-18","purchased_purges":1,"victory":false,"max_hp_per_floor":[70,70,70,70,70,70,70,70,70,70,70,70,70,70,70,70,70,70,70,70,70,70,70,70,70,70,70,70,70,70,70,70,70,70],"relic_stats":{"counters":[17,86],"CeramicFish":99,"obtain_stats":[{"Potion Belt":24,"Golden Egg":20,"CeramicFish":6,"Fusion Hammer":17,"Toxic Egg 2":26,"Toy Ornithopter":31,"Ring of the Snake":0,"Runic Pyramid":0},{"Potion Belt":13,"Golden Egg":11,"CeramicFish":5,"Fusion Hammer":9,"Toxic Egg 2":13,"Toy Ornithopter":16,"Ring of the Snake":0,"Runic Pyramid":0},{"Potion Belt":61,"Golden Egg":48,"CeramicFish":19,"Fusion Hammer":37,"Toxic Egg 2":61,"Toy Ornithopter":79,"Ring of the Snake":0,"Runic Pyramid":0}],"Toy Ornithopter":5},"card_choices":[{"not_picked":["Bane","Backflip"],"picked":"Flechettes","floor":1},{"not_picked":["Dagger Spray","Bane"],"picked":"Prepared","floor":3},{"not_picked":["ReplayTheSpireMod:Exploit Weakness","Dagger Throw"],"picked":"Noxious Fumes","floor":4},{"not_picked":["Prepared","Replay:Poison Smokescreen"],"picked":"Underhanded Strike","floor":5},{"not_picked":["Acrobatics","Hidden Blade"],"picked":"PiercingWail","floor":6},{"not_picked":["Setup","Backstab"],"picked":"Envenom","floor":7},{"not_picked":["Poisoned Stab","Flying Knee"],"picked":"Outmaneuver","floor":13},{"not_picked":["Quick Slash","Doppelganger","Caltrops"],"picked":"SKIP","floor":14},{"not_picked":["Atom Bomb","Glass Knife"],"picked":"Die Die Die","floor":16},{"not_picked":["Prepared","ReplayTheSpireMod:The Works"],"picked":"Backstab","floor":18},{"not_picked":["Deflect","Acrobatics"],"picked":"Catalyst","floor":19},{"not_picked":["Predator","Sucker Punch"],"picked":"Deadly Poison","floor":21},{"not_picked":["Quick Slash","Acrobatics+1"],"picked":"Underhanded Strike","floor":24},{"not_picked":["Blade Dance+1","Bane"],"picked":"Dodge and Roll+1","floor":27},{"not_picked":["Dash","Flying Knee","Poisoned Stab+1"],"picked":"SKIP","floor":28},{"not_picked":["Hidden Blade+1","Prepared+1"],"picked":"Catalyst+1","floor":30}],"player_experience":1108914,"relics_obtained":[{"floor":6,"key":"CeramicFish"},{"floor":24,"key":"Potion Belt"},{"floor":26,"key":"Toxic Egg 2"},{"floor":31,"key":"Toy Ornithopter"}],"event_choices":[{"damage_healed":0,"gold_gain":0,"player_choice":"Bought 2 Potions","damage_taken":0,"max_hp_gain":0,"max_hp_loss":0,"event_name":"The Woman in Blue","floor":11,"gold_loss":0},{"cards_removed":["Die Die Die"],"damage_healed":0,"gold_gain":0,"player_choice":"Give","damage_taken":0,"max_hp_gain":0,"max_hp_loss":0,"event_name":"betterNote:BetterNote","floor":22,"gold_loss":0,"cards_obtained":["None"]}],"is_beta":true,"boss_relics":[{"not_picked":["Kintsugi","Snecko Heart"],"picked":"Fusion Hammer"}],"items_purged_floors":[2],"is_endless":false,"potions_floor_spawned":[4,5,13,14,19,24,27,30],"killed_by":"Collector","ascension_level":1}}