{"host":"dcj2yvrgcvh5dl2s","time":1612954324,"event":{"mods":["BaseMod","Bestiary","Better Note","Block Reminder","Colored Powertips","Curses Come First","DeckTracker","Minty Spire (QoL Compilation)","Quick Restart","Rare Cards Sparkle","Relic Stats","StSLib"],"gold_per_floor":[363,383,223,223,242,242,261,261,288,288,288],"floor_reached":10,"language":"ENG","playtime":203,"items_purged":["Strike_R"],"score":116,"play_id":"0104670a-8fc7-4d0a-a307-b9f3908bab62","local_time":"20210210205204","is_ascension_mode":true,"campfire_choices":[{"floor":6,"key":"REST"},{"data":"Body Slam","floor":8,"key":"SMITH"}],"circlet_count":0,"master_deck":["AscendersBane","Strike_R","Strike_R","Strike_R","Defend_R","Defend_R","Defend_R","Defend_R","Bash","Ghostly Armor","Body Slam+1","Entrench","Infernal Blade","Infernal Blade"],"relics":["Burning Blood","Potion Belt"],"acts_visited":["Exordium"],"potions_floor_usage":[10],"damage_taken":[{"damage":16,"enemies":"2 Louse","floor":1,"turns":2},{"damage":11,"enemies":"Cultist","floor":2,"turns":4},{"damage":9,"enemies":"Jaw Worm","floor":5,"turns":5},{"damage":15,"enemies":"3 Louse","floor":7,"turns":5},{"damage":62,"enemies":"Gremlin Nob","floor":10,"turns":4}],"seed_played":"5643015534519104423","potions_obtained":[{"floor":1,"key":"ColorlessPotion"}],"is_trial":false,"path_per_floor":["M","M","$","?","M","R","M","R","T","E"],"character_chosen":"IRONCLAD","items_purchased":["Entrench"],"campfire_rested":1,"item_purchase_floors":[3],"current_hp_per_floor":[40,35,35,35,32,54,45,45,45,0,0],"gold":288,"neow_bonus":"TWO_FIFTY_GOLD","is_daily":false,"chose_seed":false,"campfire_upgraded":1,"win_rate":0.0,"timestamp":1612954324,"path_taken":["M","M","$","?","?","R","M","R","T","E"],"items_purchased_type":["Card"],"build_version":"2020-12-22","purchased_purges":1,"victory":false,"max_hp_per_floor":[75,75,75,75,75,75,75,75,75,75,75],"relic_stats":{"counters":[5,20],"obtain_stats":[{"Potion Belt":9,"Burning Blood":0},{"Potion Belt":4,"Burning Blood":0},{"Potion Belt":16,"Burning Blood":0}],"Burning Blood":24},"card_choices":[{"not_picked":["Power Through","Clothesline"],"picked":"Ghostly Armor","floor":1},{"not_picked":["Rage","Sword Boomerang"],"picked":"Body Slam","floor":2},{"not_picked":["Clothesline","Iron Wave"],"picked":"Infernal Blade","floor":5},{"not_picked":["Bloodletting","Sword Boomerang"],"picked":"Infernal Blade","floor":7}],"player_experience":2360863,"relics_obtained":[{"floor":9,"key":"Potion Belt"}],"event_choices":[{"cards_removed":["Strike_R"],"damage_healed":0,"gold_gain":0,"player_choice":"Offered Basic","damage_taken":0,"max_hp_gain":0,"max_hp_loss":0,"event_name":"Bonfire Elementals","floor":4,"gold_loss":0}],"is_beta":false,"boss_relics":[],"items_purged_floors":[3],"is_endless":false,"potions_floor_spawned":[1],"killed_by":"Gremlin Nob","ascension_level":20}}