{"host":"5kirneupyg4uzd3w","time":1612941943,"event":{"mods":["BaseMod","Colored Map","Custom Start","Minty Spire (QoL Compilation)","StSLib","SuperFastMode"],"gold_per_floor":[112,9,9,9,9,36,36,64,64,80,113,124,124,159,159,248,248,261,276,276,16,16,50,50,50,50],"floor_reached":25,"language":"KOR","playtime":493,"items_purged":["Strike_R","Strike_R"],"score":570,"play_id":"902e9171-1b26-4e67-8600-615103f7ce22","local_time":"20210210162543","is_ascension_mode":true,"campfire_choices":[{"data":"Twin Strike","floor":7.0,"key":"SMITH"},{"data":"Inflame","floor":15.0,"key":"SMITH"},{"floor":24.0,"key":"REST"}],"circlet_count":0,"master_deck":["AscendersBane","Strike_R","Strike_R+1","Defend_R","Defend_R","Defend_R+1","Defend_R","Bash","Pommel Strike","Twin Strike+1","Evolve","Inflame+1","Battle Trance","Sword Boomerang","Flex","Double Tap","Disarm","Impervious","Warcry+1"],"relics":["Burning Blood","NeowsBlessing","Centennial Puzzle","Calipers","Ornamental Fan","Juzu Bracelet","Golden Idol","Odd Mushroom","Runic Dome","Bag of Preparation","Happy Flower","Tiny Chest"],"acts_visited":["Exordium","TheCity"],"potions_floor_usage":[],"damage_taken":[{"damage":0.0,"enemies":"2 Louse","floor":1.0,"turns":1.0},{"damage":0.0,"enemies":"Gremlin Nob","floor":6.0,"turns":1.0},{"damage":0.0,"enemies":"3 Sentries","floor":8.0,"turns":1.0},{"damage":0.0,"enemies":"Jaw Worm","floor":10.0,"turns":3.0},{"damage":12.0,"enemies":"Gremlin Nob","floor":11.0,"turns":3.0},{"damage":7.0,"enemies":"Small Slimes","floor":12.0,"turns":3.0},{"damage":7.0,"enemies":"The Mushroom Lair","floor":14.0,"turns":3.0},{"damage":20.0,"enemies":"Slime Boss","floor":16.0,"turns":8.0},{"damage":14.0,"enemies":"3 Byrds","floor":18.0,"turns":4.0},{"damage":14.0,"enemies":"2 Thieves","floor":19.0,"turns":3.0},{"damage":26.0,"enemies":"Slavers","floor":23.0,"turns":4.0},{"damage":48,"enemies":"Gremlin Leader","floor":25,"turns":4}],"seed_played":"-3721409601200906865","potions_obtained":[{"floor":8.0,"key":"SkillPotion"},{"floor":10.0,"key":"AttackPotion"},{"floor":14.0,"key":"Ancient Potion"},{"floor":23.0,"key":"Dexterity Potion"}],"is_trial":false,"path_per_floor":["M","$","?","?","$","E","R","E","T","M","E","M","?","?","R","B",null,"M","M","?","$","T","E","R","E"],"character_chosen":"IRONCLAD","items_purchased":["Twin Strike","Impervious"],"campfire_rested":1,"item_purchase_floors":[2,21],"current_hp_per_floor":[74,74,51,44,44,50,50,56,56,62,56,55,29,28,28,14,60,52,44,44,44,44,24,46,0,0],"gold":50,"neow_bonus":"THREE_ENEMY_KILL","is_daily":false,"chose_seed":false,"campfire_upgraded":2,"win_rate":0.0,"timestamp":1612941943,"path_taken":["M","$","?","?","$","E","R","E","T","M","E","M","?","?","R","BOSS","M","M","?","$","?","E","R","E"],"items_purchased_type":["Card","Card"],"build_version":"2020-12-22","purchased_purges":2,"victory":false,"max_hp_per_floor":[75,75,75,75,75,75,75,75,75,75,75,75,75,75,75,75,75,75,75,75,75,75,75,75,75,75],"card_choices":[{"not_picked":["Flex","Havoc"],"picked":"Pommel Strike","floor":1.0},{"not_picked":["Sever Soul","Thunderclap"],"picked":"Evolve","floor":6.0},{"not_picked":["Clothesline","Burning Pact"],"picked":"Inflame","floor":8.0},{"not_picked":["Anger","Armaments"],"picked":"Battle Trance","floor":10.0},{"not_picked":["Whirlwind","Combust"],"picked":"Sword Boomerang","floor":11.0},{"not_picked":["Cleave","Brutality"],"picked":"Flex","floor":12.0},{"not_picked":["Impervious","Corruption"],"picked":"Double Tap","floor":16.0},{"not_picked":["Armaments","Flex","Headbutt"],"picked":"SKIP","floor":18.0},{"not_picked":["Clothesline","Rampage"],"picked":"Disarm","floor":19.0},{"not_picked":["Dark Embrace","Burning Pact+1"],"picked":"Warcry+1","floor":23.0}],"player_experience":315959,"relics_obtained":[{"floor":6.0,"key":"Centennial Puzzle"},{"floor":8.0,"key":"Calipers"},{"floor":9.0,"key":"Ornamental Fan"},{"floor":11.0,"key":"Juzu Bracelet"},{"floor":14.0,"key":"Odd Mushroom"},{"floor":22.0,"key":"Happy Flower"},{"floor":23.0,"key":"Tiny Chest"}],"event_choices":[{"damage_healed":0.0,"max_hp_gain":0.0,"max_hp_loss":0.0,"gold_gain":0.0,"event_name":"Shining Light","player_choice":"Entered Light","floor":3.0,"gold_loss":0.0,"damage_taken":23.0,"cards_upgraded":["Defend_R","Strike_R"]},{"cards_removed":["Strike_R"],"damage_healed":0.0,"max_hp_gain":0.0,"max_hp_loss":0.0,"gold_gain":0.0,"event_name":"Golden Wing","player_choice":"Card Removal","floor":4.0,"gold_loss":0.0,"damage_taken":7.0},{"damage_healed":0.0,"max_hp_gain":0.0,"max_hp_loss":0.0,"gold_gain":0.0,"event_name":"Golden Idol","player_choice":"Take Damage","floor":13.0,"gold_loss":0.0,"damage_taken":26.0,"relics_obtained":["Golden Idol"]},{"damage_healed":0.0,"max_hp_gain":0.0,"max_hp_loss":0.0,"gold_gain":0.0,"event_name":"Mushrooms","player_choice":"Fought Mushrooms","floor":14.0,"gold_loss":0.0,"damage_taken":0.0},{"damage_healed":0.0,"max_hp_gain":0.0,"max_hp_loss":0.0,"gold_gain":0.0,"event_name":"WeMeetAgain","player_choice":"Gave Potion","floor":20.0,"gold_loss":0.0,"damage_taken":0.0,"relics_obtained":["Bag of Preparation"]}],"is_beta":false,"boss_relics":[{"not_picked":["Snecko Eye","Black Star"],"picked":"Runic Dome"}],"items_purged_floors":[2,21],"is_endless":false,"potions_floor_spawned":[8,10,14,23],"killed_by":"Gremlin Leader","ascension_level":20}}