{"host":"f3chan41r3z23lol","time":1612945002,"event":{"mods":["BaseMod","Hermit","Minty Spire (QoL Compilation)","StSLib","The Poker Player"],"gold_per_floor":[114,114,114,135,148,148,161,161,188,113,152,152,172,196,196,321,384,399,399,420,420,436,436,436,281,357,396,356,370,390,404,404,404,404,404],"floor_reached":33,"language":"KOR","playtime":1344,"items_purged":["PokerPlayerMod:Diamond2"],"score":294,"play_id":"a8fa4e49-5467-4b20-9c61-5903947dcbb8","local_time":"20210210171642","is_ascension_mode":false,"metric_token":350,"campfire_choices":[{"data":"PokerPlayerMod:Diamond1","floor":8,"key":"SMITH"},{"data":"PokerPlayerMod:Spade1","floor":12,"key":"SMITH"},{"data":"PokerPlayerMod:Club2","floor":15,"key":"SMITH"},{"data":"PokerPlayerMod:Club2","floor":23,"key":"SMITH"},{"data":"PokerPlayerMod:Heart2","floor":32,"key":"SMITH"}],"circlet_count":0,"master_deck":["PokerPlayerMod:Diamond3","PokerPlayerMod:Diamond7","PokerPlayerMod:Diamond5","PokerPlayerMod:Spade5","PokerPlayerMod:Spade2","PokerPlayerMod:Spade3","PokerPlayerMod:Spade4","PokerPlayerMod:Club3","PokerPlayerMod:Club3","PokerPlayerMod:Heart3","PokerPlayerMod:TrumpStrike","PokerPlayerMod:BadJoker","PokerPlayerMod:Mulligan","PokerPlayerMod:Heart4","PokerPlayerMod:Spade5","PokerPlayerMod:Raise+1","PokerPlayerMod:Club7"],"relics":["PokerPlayerMod:DeckCase","Golden Idol","Happy Flower","PokerPlayerMod:Splitter","Tiny House","PokerPlayerMod:ClubPass","PokerPlayerMod:PenAndEraser","Toxic Egg 2","Anchor"],"acts_visited":["Exordium","TheCity"],"potions_floor_usage":[],"damage_taken":[{"damage":0,"enemies":"Small Slimes","floor":1,"turns":3},{"damage":0,"enemies":"2 Louse","floor":4,"turns":1},{"damage":8,"enemies":"Jaw Worm","floor":5,"turns":2},{"damage":3,"enemies":"Red Slaver","floor":7,"turns":2},{"damage":11,"enemies":"3 Sentries","floor":11,"turns":4},{"damage":1,"enemies":"Gremlin Gang","floor":13,"turns":2},{"damage":0,"enemies":"2 Fungi Beasts","floor":14,"turns":1},{"damage":20,"enemies":"The Guardian","floor":16,"turns":9},{"damage":15,"enemies":"2 Thieves","floor":18,"turns":3},{"damage":24,"enemies":"Shell Parasite","floor":20,"turns":7},{"damage":12,"enemies":"Cultist and Chosen","floor":22,"turns":5},{"damage":14,"enemies":"Book of Stabbing","floor":27,"turns":5},{"damage":9,"enemies":"Centurion and Healer","floor":29,"turns":6},{"damage":4,"enemies":"Chosen and Byrds","floor":30,"turns":4},{"damage":13,"enemies":"Sentry and Sphere","floor":31,"turns":4},{"damage":62,"enemies":"Champ","floor":33,"turns":10}],"seed_played":"5335605010894750645","potions_obtained":[{"floor":1,"key":"Dexterity Potion"},{"floor":5,"key":"DuplicationPotion"},{"floor":14,"key":"Ancient Potion"},{"floor":20,"key":"Energy Potion"},{"floor":31,"key":"GamblersBrew"}],"is_trial":false,"path_per_floor":["M","?","?","M","M","?","M","R","T","$","E","R","M","M","R","B",null,"M","?","M","?","M","R","?","$","T","E","?","M","M","M","R","B"],"character_chosen":"THE_POKER_PLAYER","items_purchased":["PokerPlayerMod:PenAndEraser"],"campfire_rested":0,"item_purchase_floors":[25],"current_hp_per_floor":[57,62,47,49,46,46,47,47,47,47,42,42,44,54,54,45,67,52,52,43,43,43,43,43,43,43,38,38,29,38,37,37,0,0,0],"gold":404,"neow_bonus":"TEN_PERCENT_HP_BONUS","is_daily":false,"chose_seed":false,"campfire_upgraded":5,"win_rate":0.0,"timestamp":1612945002,"path_taken":["M","?","?","M","M","?","M","R","T","?","E","R","M","M","R","BOSS","M","?","?","?","M","R","?","?","T","E","?","M","?","M","R","BOSS"],"items_purchased_type":["Relic"],"build_version":"2020-12-22","purchased_purges":1,"victory":false,"max_hp_per_floor":[57,62,62,62,62,62,62,62,62,62,62,62,62,62,62,62,67,67,67,67,67,67,67,67,67,67,67,67,67,67,67,67,67,67,67],"card_choices":[{"not_picked":["PokerPlayerMod:Spade4","PokerPlayerMod:SecondChance"],"picked":"PokerPlayerMod:Heart4","floor":1},{"not_picked":["PokerPlayerMod:Trickery","PokerPlayerMod:Spade1"],"picked":"PokerPlayerMod:Spade5","floor":4},{"not_picked":["PokerPlayerMod:ClubsClub","PokerPlayerMod:Extraction","PokerPlayerMod:Diamond1"],"picked":"SKIP","floor":5},{"not_picked":["PokerPlayerMod:Harden","PokerPlayerMod:CloakAndDiamond","PokerPlayerMod:Fold"],"picked":"SKIP","floor":7},{"not_picked":["PokerPlayerMod:Diamond1","PokerPlayerMod:MagicTrick","PokerPlayerMod:CardBurn"],"picked":"SKIP","floor":11},{"not_picked":["PokerPlayerMod:Fold","PokerPlayerMod:MagicTrick","PokerPlayerMod:JackOfSpades"],"picked":"SKIP","floor":13},{"not_picked":["PokerPlayerMod:Heart3","PokerPlayerMod:TheDieIsCast"],"picked":"PokerPlayerMod:Raise","floor":14},{"not_picked":["PokerPlayerMod:Diamond4","PokerPlayerMod:Spade6","PokerPlayerMod:SpadeStrike+1"],"picked":"SKIP","floor":18},{"not_picked":["PokerPlayerMod:ClubsClub","PokerPlayerMod:DartThrow","PokerPlayerMod:Diamond3"],"picked":"SKIP","floor":20},{"not_picked":["PokerPlayerMod:Diamond1","PokerPlayerMod:Club3","PokerPlayerMod:Diamond5"],"picked":"SKIP","floor":22},{"not_picked":["PokerPlayerMod:Spade5","PokerPlayerMod:MagicTrick+1","PokerPlayerMod:Fold+1"],"picked":"SKIP","floor":27},{"not_picked":["PokerPlayerMod:Diamond4","PokerPlayerMod:Heart2","PokerPlayerMod:Diamond2"],"picked":"SKIP","floor":29},{"not_picked":["PokerPlayerMod:Spade4","PokerPlayerMod:Diamond1","PokerPlayerMod:SpadeStrike+1"],"picked":"SKIP","floor":30},{"not_picked":["PokerPlayerMod:DiamondStrike","PokerPlayerMod:Fold+1","PokerPlayerMod:FillThePot+1"],"picked":"SKIP","floor":31}],"player_experience":249561,"relics_obtained":[{"floor":9,"key":"Happy Flower"},{"floor":11,"key":"PokerPlayerMod:Splitter"},{"floor":26,"key":"Toxic Egg 2"},{"floor":27,"key":"Anchor"}],"event_choices":[{"damage_healed":0,"gold_gain":0,"player_choice":"Donut","damage_taken":0,"max_hp_gain":5,"max_hp_loss":0,"event_name":"Big Fish","floor":2,"gold_loss":0},{"damage_healed":0,"gold_gain":0,"player_choice":"Take Damage","damage_taken":15,"relics_obtained":["Golden Idol"],"max_hp_gain":0,"max_hp_loss":0,"event_name":"Golden Idol","floor":3,"gold_loss":0},{"damage_healed":0,"gold_gain":0,"player_choice":"Grow","damage_taken":0,"max_hp_gain":0,"max_hp_loss":0,"event_name":"Living Wall","floor":6,"gold_loss":0,"cards_upgraded":["PokerPlayerMod:Club2"]},{"damage_healed":0,"gold_gain":0,"player_choice":"Gave Potion","damage_taken":0,"relics_obtained":["PokerPlayerMod:ClubPass"],"max_hp_gain":0,"max_hp_loss":0,"event_name":"WeMeetAgain","floor":19,"gold_loss":0},{"damage_healed":0,"gold_gain":0,"player_choice":"Read","damage_taken":0,"max_hp_gain":0,"max_hp_loss":0,"event_name":"The Library","floor":21,"gold_loss":0,"cards_obtained":["PokerPlayerMod:Club6"]},{"cards_removed":["PokerPlayerMod:Diamond3"],"damage_healed":0,"gold_gain":0,"player_choice":"Elegance","damage_taken":0,"max_hp_gain":0,"max_hp_loss":0,"event_name":"PokerPlayerMod:BackToBasicsPoker","floor":24,"gold_loss":0},{"damage_healed":0,"gold_gain":0,"player_choice":"Upgraded Two","damage_taken":0,"max_hp_gain":0,"max_hp_loss":0,"event_name":"Designer","floor":28,"gold_loss":40,"cards_upgraded":["PokerPlayerMod:Raise","PokerPlayerMod:Club6"]}],"is_beta":false,"boss_relics":[{"not_picked":["Runic Dome","Busted Crown"],"picked":"Tiny House"}],"items_purged_floors":[10],"is_endless":false,"potions_floor_spawned":[1,5,14,20,29,30,31],"killed_by":"Champ","ascension_level":0}}