{"host":"9kesdg97wkrx2bva","time":1612938988,"event":{"mods":["AchievementEnabler","BaseMod","Colored Map","GifTheSpireLib","Infinite Spire","Minty Spire (QoL Compilation)","Replay The Spire","StSLib"],"gold_per_floor":[115,115,40,58,58,86,86,99,99,99,134,152,176,195,195,270,270,270,170,170,170,20,20,20,20,20,20,20,20],"floor_reached":28,"language":"ENG","playtime":879,"items_purged":["Defend_B","Strike_B"],"score":485,"play_id":"90099e9d-82c9-4c7c-aeef-df092a967652","local_time":"20210210003628","is_ascension_mode":true,"campfire_choices":[{"data":"infinitespire:Collect","floor":7,"key":"SMITH"},{"floor":15,"key":"REST"},{"data":"White Noise","floor":25,"key":"SMITH"}],"circlet_count":0,"master_deck":["AscendersBane","Strike_B+2","Strike_B+1","Defend_B","Defend_B","Defend_B","Zap+1","Dualcast","Hologram","infinitespire:Collect+1","Gash","Beam Cell","ReplayTheSpireMod:System Scan","Gash","Creative AI+1","Streamline","All For One+1","Rebound","Defragment","Core Surge+1","White Noise+1"],"relics":["Cracked Core","NeowsBlessing","infinitespire:CheckeredPen","Golden Egg","Nunchaku","Simple Rune","Ectoplasm","Girya"],"acts_visited":["Exordium","TheCity"],"potions_floor_usage":[11,11,16,27,27],"damage_taken":[{"damage":0,"enemies":"Jaw Worm","floor":1,"turns":1},{"damage":0,"enemies":"Small Slimes","floor":4,"turns":1},{"damage":0,"enemies":"Lagavulin","floor":6,"turns":1},{"damage":0,"enemies":"Cultist","floor":8,"turns":2},{"damage":10,"enemies":"3 Sentries","floor":11,"turns":3},{"damage":4,"enemies":"Exordium Thugs","floor":12,"turns":3},{"damage":0,"enemies":"Large Slime","floor":14,"turns":2},{"damage":20,"enemies":"The Guardian","floor":16,"turns":7},{"damage":0,"enemies":"Shell Parasite","floor":18,"turns":1},{"damage":10,"enemies":"3 Byrds","floor":21,"turns":3},{"damage":0,"enemies":"Snecko","floor":23,"turns":3},{"damage":0,"enemies":"Chosen and Byrds","floor":24,"turns":2},{"damage":24,"enemies":"Snake Plant","floor":27,"turns":2},{"damage":23,"enemies":"Gremlin Leader","floor":28,"turns":3}],"seed_played":"5100829733807866608","potions_obtained":[{"floor":1,"key":"Swift Potion"},{"floor":4,"key":"Explosive Potion"},{"floor":12,"key":"Swift Potion"},{"floor":21,"key":"Swift Potion"},{"floor":23,"key":"PowerPotion"}],"is_trial":false,"path_per_floor":["M","?","$","M","?","E","R","M","T","?","E","M","T","M","R","B",null,"M","$","?","M","$","M","M","R","T","M","E"],"character_chosen":"DEFECT","items_purchased":["Core Surge"],"campfire_rested":1,"item_purchase_floors":[22],"current_hp_per_floor":[64,47,47,47,26,26,26,26,26,26,16,12,12,12,33,13,57,57,57,57,47,47,47,47,47,47,23,0,0],"gold":20,"neow_bonus":"THREE_ENEMY_KILL","is_daily":false,"chose_seed":false,"campfire_upgraded":2,"win_rate":0.0,"timestamp":1612938988,"path_taken":["M","?","$","M","?","E","R","M","T","?","E","?","?","M","R","BOSS","M","$","?","M","$","M","M","R","T","?","E"],"items_purchased_type":["Card"],"build_version":"2020-12-22","purchased_purges":2,"victory":false,"max_hp_per_floor":[71,71,71,71,71,71,71,71,71,71,71,71,71,71,71,71,71,71,71,71,71,71,71,71,71,71,71,71,71],"card_choices":[{"not_picked":["ReplaySolidLightProjector","Redo"],"picked":"Hologram","floor":1},{"not_picked":["ReplayTheSpireMod:Chaos Vortex","ReplayTheSpireMod:Echoes of Time"],"picked":"infinitespire:Collect","floor":2},{"not_picked":["Chaos","Coolheaded"],"picked":"Gash","floor":4},{"not_picked":["Recycle","Double Energy","Coolheaded"],"picked":"SKIP","floor":6},{"not_picked":["Cold Snap","Barrage"],"picked":"Beam Cell","floor":8},{"not_picked":["FIFO Queue","Streamline"],"picked":"Gash","floor":11},{"not_picked":["ReplayTheSpireMod:Reroute Power","Chill"],"picked":"Creative AI","floor":12},{"not_picked":["Sweeping Beam","Panic Button"],"picked":"Streamline","floor":14},{"not_picked":["Mirror Shield","Seek"],"picked":"All For One","floor":16},{"not_picked":["Panic Button","Streamline"],"picked":"Rebound","floor":18},{"not_picked":["Panic Button","Hello World"],"picked":"Defragment","floor":21},{"not_picked":["Panic Button","Go for the Eyes"],"picked":"White Noise","floor":23},{"not_picked":["Meteor Strike","Sweeping Beam","Cold Snap"],"picked":"SKIP","floor":24},{"not_picked":["Rebound","Auto Shields","Rip and Tear"],"picked":"SKIP","floor":27}],"player_experience":1021506,"relics_obtained":[{"floor":6,"key":"infinitespire:CheckeredPen"},{"floor":9,"key":"Golden Egg"},{"floor":11,"key":"Nunchaku"},{"floor":13,"key":"Simple Rune"},{"floor":26,"key":"Girya"}],"event_choices":[{"damage_healed":0,"gold_gain":0,"player_choice":"Entered Light","damage_taken":21,"max_hp_gain":0,"max_hp_loss":0,"event_name":"Shining Light","floor":5,"gold_loss":0,"cards_upgraded":["Strike_B","Zap"]},{"damage_healed":0,"gold_gain":0,"cards_transformed":["Strike_B"],"player_choice":"Transformed","damage_taken":0,"max_hp_gain":0,"max_hp_loss":0,"event_name":"Transmorgrifier","floor":10,"gold_loss":0,"cards_obtained":["ReplayTheSpireMod:System Scan"]},{"damage_healed":0,"gold_gain":0,"player_choice":"0 cards matched","damage_taken":0,"max_hp_gain":0,"max_hp_loss":0,"event_name":"Match and Keep!","floor":20,"gold_loss":0,"cards_obtained":[]}],"is_beta":false,"boss_relics":[{"not_picked":["SlaversCollar","Pandora\u0027s Box"],"picked":"Ectoplasm"}],"items_purged_floors":[3,19],"is_endless":false,"potions_floor_spawned":[1,4,12,21,23],"killed_by":"Gremlin Leader","ascension_level":18}}