{"host":"ty2cix8xj6r3ad26","time":1612989732,"event":{"mods":["AchievementEnabler","BaseMod","BetterRewards","Marisa????????","Minty Spire (QoL Compilation)","Quick Restart","StSLib","SuperFastMode"],"gold_per_floor":[111,286,286,286,298,325,343,343,411,411,426,426,426,438,438,512,512,528,542,467,125,138,138,151,151,175,175,175,175,188,203,203,277,277,290,301,301,9,9,37,53,53,53,53,53,71,71,103,103,103],"floor_reached":51,"language":"ENG","playtime":2786,"items_purged":["Strike_R","Strike_R","Strike_R","Strike_R","Writhe"],"score":1658,"play_id":"57d1afeb-11cf-48c2-ad7b-9972f8d40086","local_time":"20210210224212","is_ascension_mode":true,"campfire_choices":[{"data":"Bludgeon","floor":8,"key":"SMITH"},{"data":"Clash","floor":10,"key":"SMITH"},{"data":"Iron Wave","floor":12,"key":"SMITH"},{"data":"Bash","floor":15,"key":"SMITH"},{"data":"Dark Embrace","floor":25,"key":"SMITH"},{"data":"Second Wind","floor":27,"key":"SMITH"},{"data":"Evolve","floor":32,"key":"SMITH"},{"data":"Demon Form","floor":42,"key":"SMITH"},{"data":"Heavy Blade","floor":44,"key":"SMITH"},{"data":"Flame Barrier","floor":49,"key":"SMITH"}],"circlet_count":0,"master_deck":["AscendersBane","Defend_R","Defend_R","Defend_R","Defend_R","Bash+1","Feel No Pain","Sever Soul+1","Seeing Red","Power Through+1","Clash+1","Bludgeon+1","Warcry","Iron Wave+1","Second Wind+1","Immolate","Fire Breathing","Dark Embrace+1","Evolve+1","Wild Strike+1","Demon Form+1","Entrench","Heavy Blade+1","Injury","Wraith","Flame Barrier+1"],"relics":["Burning Blood","Strange Spoon","Lee\u0027s Waffle","Red Skull","Cursed Key","TheAbacus","Toy Ornithopter","Snecko Eye","StoneCalendar","Lizard Tail","Boot"],"acts_visited":["Exordium","TheCity","TheBeyond"],"potions_floor_usage":[14,23,33,35,39,41,46],"damage_taken":[{"damage":0,"enemies":"Small Slimes","floor":1,"turns":4},{"damage":0,"enemies":"Cultist","floor":5,"turns":3},{"damage":31,"enemies":"3 Sentries","floor":6,"turns":8},{"damage":2,"enemies":"2 Louse","floor":7,"turns":2},{"damage":18,"enemies":"Gremlin Gang","floor":11,"turns":4},{"damage":0,"enemies":"Blue Slaver","floor":14,"turns":1},{"damage":18,"enemies":"Hexaghost","floor":16,"turns":8},{"damage":16,"enemies":"Chosen","floor":18,"turns":5},{"damage":11,"enemies":"Spheric Guardian","floor":19,"turns":3},{"damage":6,"enemies":"Snake Plant","floor":22,"turns":4},{"damage":0,"enemies":"Slavers","floor":23,"turns":1},{"damage":18,"enemies":"Snecko","floor":24,"turns":4},{"damage":0,"enemies":"Chosen and Byrds","floor":30,"turns":6},{"damage":24,"enemies":"Centurion and Healer","floor":31,"turns":5},{"damage":19,"enemies":"Automaton","floor":33,"turns":10},{"damage":48,"enemies":"3 Darklings","floor":35,"turns":3},{"damage":18,"enemies":"Orb Walker","floor":36,"turns":3},{"damage":0,"enemies":"Sphere and 2 Shapes","floor":39,"turns":1},{"damage":17,"enemies":"Nemesis","floor":40,"turns":7},{"damage":19,"enemies":"3 Darklings","floor":41,"turns":3},{"damage":0,"enemies":"Maw","floor":46,"turns":5},{"damage":36,"enemies":"Reptomancer","floor":48,"turns":3},{"damage":33,"enemies":"Time Eater","floor":50,"turns":7}],"seed_played":"7099256311923192101","potions_obtained":[{"floor":7,"key":"SkillPotion"},{"floor":11,"key":"SmokeBomb"},{"floor":24,"key":"Strength Potion"},{"floor":33,"key":"AttackPotion"},{"floor":36,"key":"SmokeBomb"},{"floor":40,"key":"Weak Potion"},{"floor":41,"key":"LiquidMemories"}],"is_trial":false,"path_per_floor":["M","?","?","?","M","E","M","R","T","R","M","R","?","M","R","B",null,"M","M","?","$","M","E","M","R","T","R","?","?","M","M","R","B",null,"M","M","?","$","M","E","M","R","T","R","?","M","?","E","R","B",null],"character_chosen":"IRONCLAD","items_purchased":["Strange Spoon","Feel No Pain","Sever Soul","Lee\u0027s Waffle","Seeing Red","Power Through","Clash","Dark Embrace","TheAbacus","Entrench","Heavy Blade"],"campfire_rested":0,"item_purchase_floors":[0,0,0,0,0,0,0,21,21,38,38],"current_hp_per_floor":[82,82,75,75,81,56,60,60,60,60,48,48,48,54,54,42,72,62,57,57,57,57,63,51,51,51,51,51,51,57,39,39,31,69,32,20,41,41,52,41,33,33,33,33,33,44,44,14,14,34],"gold":103,"neow_bonus":"","is_daily":false,"chose_seed":false,"campfire_upgraded":10,"win_rate":0.0,"timestamp":1612989732,"path_taken":["M","?","?","?","?","E","?","R","T","R","M","R","?","?","R","BOSS","M","?","?","$","M","E","M","R","T","R","?","?","M","M","R","BOSS","M","M","?","$","M","E","M","R","T","R","?","M","?","E","R","BOSS"],"items_purchased_type":["Relic","Card","Card","Relic","Card","Card","Card","Card","Relic","Card","Card"],"build_version":"2020-12-22","purchased_purges":5,"victory":true,"max_hp_per_floor":[82,82,82,82,82,82,82,82,82,82,82,82,82,82,82,82,82,82,82,82,82,82,82,82,82,82,82,82,82,82,82,82,82,82,82,82,82,82,82,82,82,82,82,82,82,82,82,82,82,82],"card_choices":[{"not_picked":["True Grit","Disarm","Armaments"],"picked":"SKIP","floor":1},{"not_picked":["Headbutt","Pommel Strike"],"picked":"Bludgeon","floor":5},{"not_picked":["Armaments","Body Slam","Heavy Blade"],"picked":"SKIP","floor":6},{"not_picked":["Iron Wave","Rampage"],"picked":"Warcry","floor":7},{"not_picked":["Perfected Strike","Dropkick"],"picked":"Iron Wave","floor":11},{"not_picked":["Armaments","Twin Strike"],"picked":"Second Wind","floor":14},{"not_picked":["Double Tap","Juggernaut"],"picked":"Immolate","floor":16},{"not_picked":["Infernal Blade+1","Dropkick"],"picked":"Fire Breathing","floor":18},{"not_picked":["Cleave","Pummel","Seeing Red"],"picked":"SKIP","floor":19},{"not_picked":["Shrug It Off","Dark Embrace"],"picked":"Evolve","floor":22},{"not_picked":["Clothesline","Warcry","Shrug It Off"],"picked":"SKIP","floor":24},{"not_picked":["Perfected Strike","Iron Wave","Ghostly Armor"],"picked":"SKIP","floor":30},{"not_picked":["Evolve","Heavy Blade"],"picked":"Wild Strike+1","floor":31},{"not_picked":["Fiend Fire","Exhume"],"picked":"Demon Form","floor":33},{"not_picked":["Flex+1","Armaments+1","Warcry"],"picked":"SKIP","floor":35},{"not_picked":["Body Slam","Flex","Fire Breathing"],"picked":"SKIP","floor":36},{"not_picked":["Bludgeon","Exhume","Cleave"],"picked":"SKIP","floor":40},{"not_picked":["Heavy Blade","Perfected Strike","Warcry+1"],"picked":"SKIP","floor":41},{"not_picked":["Sever Soul","Twin Strike","Intimidate+1"],"picked":"SKIP","floor":46},{"not_picked":["Uppercut","Twin Strike"],"picked":"Flame Barrier","floor":48}],"player_experience":577234,"relics_obtained":[{"floor":6,"key":"Red Skull"},{"floor":26,"key":"Toy Ornithopter"},{"floor":40,"key":"StoneCalendar"},{"floor":43,"key":"Lizard Tail"},{"floor":48,"key":"Boot"}],"event_choices":[{"damage_healed":0,"gold_gain":175,"player_choice":"AGREE","damage_taken":0,"max_hp_gain":0,"max_hp_loss":0,"event_name":"Liars Game","floor":2,"gold_loss":0,"cards_obtained":["Doubt"]},{"cards_removed":["Doubt"],"damage_healed":0,"gold_gain":0,"player_choice":"Card Removal","damage_taken":7,"max_hp_gain":0,"max_hp_loss":0,"event_name":"Golden Wing","floor":3,"gold_loss":0},{"damage_healed":0,"gold_gain":0,"player_choice":"Upgraded","damage_taken":0,"max_hp_gain":0,"max_hp_loss":0,"event_name":"Upgrade Shrine","floor":4,"gold_loss":0,"cards_upgraded":["Sever Soul"]},{"damage_healed":0,"gold_gain":0,"player_choice":"Forge","damage_taken":0,"max_hp_gain":0,"max_hp_loss":0,"event_name":"Accursed Blacksmith","floor":13,"gold_loss":0,"cards_upgraded":["Power Through"]},{"cards_removed":["Strike_R"],"damage_healed":0,"gold_gain":0,"player_choice":"Gave Gold","damage_taken":0,"max_hp_gain":0,"max_hp_loss":0,"event_name":"Beggar","floor":20,"gold_loss":75},{"cards_removed":["Writhe"],"damage_healed":0,"gold_gain":0,"player_choice":"Elegance","damage_taken":0,"max_hp_gain":0,"max_hp_loss":0,"event_name":"Back to Basics","floor":28,"gold_loss":0},{"damage_healed":0,"gold_gain":0,"player_choice":"Ignored","damage_taken":0,"max_hp_gain":0,"max_hp_loss":0,"event_name":"Ghosts","floor":29,"gold_loss":0},{"damage_healed":21,"gold_gain":0,"player_choice":"Writhe","damage_taken":0,"max_hp_gain":0,"max_hp_loss":0,"event_name":"Winding Halls","floor":37,"gold_loss":0,"cards_obtained":["Writhe"]},{"damage_healed":0,"gold_gain":0,"player_choice":"Memory 1","damage_taken":0,"max_hp_gain":0,"max_hp_loss":0,"event_name":"SensoryStone","floor":45,"gold_loss":0},{"damage_healed":0,"gold_gain":0,"player_choice":"Ignored","damage_taken":0,"max_hp_gain":0,"max_hp_loss":0,"event_name":"OrinTheCat","floor":47,"gold_loss":0}],"is_beta":false,"boss_relics":[{"not_picked":["Empty Cage","Tiny House"],"picked":"Cursed Key"},{"not_picked":["Sozu","Busted Crown"],"picked":"Snecko Eye"}],"items_purged_floors":[0,0,0,21,38],"is_endless":false,"potions_floor_spawned":[7,11,23,24,33,36,39,40,41],"ascension_level":14}}