{"host":"hcfgv6p6h0ubjkk0","time":1612993894,"event":{"mods":["AchievementEnabler","BaseMod","Highlight Path","Minty Spire (QoL Compilation)","Quick Restart","Replay The Spire","StSLib"],"gold_per_floor":[114,114,114,128,53,53,79,97,97,97,107,107,127,147,147,250,250,270,301,226,240,70,70,87,87,112,112,125,125,22,41,41,41,41],"floor_reached":33,"language":"ENG","playtime":1683,"items_purged":["Defend_R","Strike_R"],"score":326,"play_id":"77493023-618f-4e32-b012-9bfd9ede5230","local_time":"20210210215134","is_ascension_mode":true,"campfire_choices":[{"data":"Shockwave","floor":10,"key":"SMITH"},{"data":"Flame Barrier","floor":12,"key":"SMITH"},{"data":"Inflame","floor":15,"key":"SMITH"},{"data":"Berserk","floor":23,"key":"SMITH"},{"floor":25,"key":"REST"},{"data":"Uppercut","floor":27,"key":"SMITH"},{"data":"Defend_R","floor":32,"key":"PURGE"}],"circlet_count":0,"master_deck":["Strike_R","Strike_R","Defend_R","Bash","Armaments+1","Flame Barrier+1","Shrug It Off","Shockwave+1","Uppercut+1","Inflame+1","Berserk+1","Battle Trance","Cleave","Dark Embrace","ReplayTheSpireMod:Stacked","Offering+1","Limit Break"],"relics":["Burning Blood","NeowsBlessing","ReplayTheSpireMod:Ring of Addiction","Potion Belt","SacredBark","Mummified Hand","Mirror","Runic Cube","Red Mask","ReplayTheSpireMod:Spearhead"],"acts_visited":["Exordium","TheCity"],"potions_floor_usage":[7,11,11,11,14,16,18,19,33],"damage_taken":[{"damage":0,"enemies":"Jaw Worm","floor":1,"turns":1},{"damage":0,"enemies":"Small Slimes","floor":4,"turns":1},{"damage":0,"enemies":"Gremlin Nob","floor":7,"turns":1},{"damage":0,"enemies":"2 Louse","floor":8,"turns":3},{"damage":0,"enemies":"Exordium Wildlife","floor":11,"turns":3},{"damage":2,"enemies":"Red Slaver","floor":13,"turns":6},{"damage":7,"enemies":"Exordium Thugs","floor":14,"turns":7},{"damage":31,"enemies":"Hexaghost","floor":16,"turns":13},{"damage":5,"enemies":"Shell Parasite","floor":18,"turns":7},{"damage":48,"enemies":"Masked Bandits","floor":19,"turns":5},{"damage":0,"enemies":"3 Byrds","floor":21,"turns":1},{"damage":22,"enemies":"Shelled Parasite and Fungi","floor":24,"turns":6},{"damage":12,"enemies":"Snecko","floor":28,"turns":4},{"damage":6,"enemies":"3 Cultists","floor":31,"turns":3},{"damage":50,"enemies":"Automaton","floor":33,"turns":6}],"seed_played":"-9112363965006749840","potions_obtained":[{"floor":1,"key":"PowerPotion"},{"floor":2,"key":"Adrenaline Potion"},{"floor":2,"key":"Swift Potion"},{"floor":2,"key":"AttackPotion"},{"floor":4,"key":"Energy Potion"},{"floor":8,"key":"Adrenaline Potion"},{"floor":14,"key":"Dexterity Potion"},{"floor":16,"key":"Adrenaline Potion"},{"floor":18,"key":"ColorlessPotion"},{"floor":21,"key":"LiquidBronze"},{"floor":24,"key":"BlessingOfTheForge"},{"floor":28,"key":"Doom Potion"},{"floor":31,"key":"ColorlessPotion"}],"is_trial":false,"path_per_floor":["M","?","?","M","$","?","E","M","T","R","M","R","M","M","R","B",null,"M","?","?","M","$","R","M","R","T","R","M","$","$","M","R","B"],"character_chosen":"IRONCLAD","items_purchased":["Dark Embrace","Offering+1"],"campfire_rested":1,"item_purchase_floors":[22,30],"current_hp_per_floor":[80,80,80,80,80,71,77,78,78,78,76,76,76,75,75,50,76,76,34,34,40,40,40,24,46,46,46,40,40,40,40,40,0,0],"gold":41,"neow_bonus":"THREE_ENEMY_KILL","is_daily":false,"chose_seed":false,"campfire_upgraded":5,"win_rate":0.0,"timestamp":1612993894,"path_taken":["M","?","?","M","$","?","E","M","T","R","M","R","M","M","R","BOSS","M","?","?","M","$","R","?","R","T","R","M","?","$","M","R","BOSS"],"items_purchased_type":["Card","Card"],"build_version":"2020-12-22","purchased_purges":2,"victory":false,"max_hp_per_floor":[80,80,80,80,80,78,78,78,78,78,76,76,76,76,76,76,76,76,76,76,76,76,74,74,74,72,72,72,70,70,70,68,68,68],"card_choices":[{"not_picked":["Clash","Headbutt","Iron Wave"],"picked":"SKIP","floor":1},{"not_picked":["Sword Boomerang","Sentinel"],"picked":"Flame Barrier","floor":4},{"not_picked":["ReplayTheSpireMod:Muscle Training","Whirlwind"],"picked":"Shrug It Off","floor":7},{"not_picked":["Wild Strike","Sever Soul"],"picked":"Shockwave","floor":8},{"not_picked":["Clothesline","Havoc","Exhume"],"picked":"SKIP","floor":11},{"not_picked":["Blood for Blood","Whirlwind"],"picked":"Uppercut","floor":13},{"not_picked":["Iron Wave","Replay:Undeath\u0027s Touch"],"picked":"Inflame","floor":14},{"not_picked":["Hemogenesis","Brutality"],"picked":"Berserk","floor":16},{"not_picked":["Flex","Sentinel"],"picked":"Battle Trance","floor":18},{"not_picked":["Armaments","Iron Wave+1"],"picked":"Cleave","floor":19},{"not_picked":["Sword Boomerang+1","ReplayTheSpireMod:Strike From Hell","Flex"],"picked":"SKIP","floor":21},{"not_picked":["Clash+1","Iron Wave+1","Power Through+1"],"picked":"SKIP","floor":24},{"not_picked":["Perfected Strike","Armaments+1"],"picked":"ReplayTheSpireMod:Stacked","floor":28},{"not_picked":["Clothesline+1","Clash"],"picked":"Limit Break","floor":31}],"player_experience":191835,"relics_obtained":[{"floor":2,"key":"ReplayTheSpireMod:Ring of Addiction"},{"floor":2,"key":"Potion Belt"},{"floor":2,"key":"SacredBark"},{"floor":7,"key":"Mummified Hand"},{"floor":9,"key":"Mirror"},{"floor":19,"key":"Red Mask"},{"floor":26,"key":"ReplayTheSpireMod:Spearhead"}],"event_choices":[{"cards_removed":["Strike_R"],"damage_healed":0,"gold_gain":0,"player_choice":"Card Removal","damage_taken":7,"max_hp_gain":0,"max_hp_loss":0,"event_name":"Golden Wing","floor":6,"gold_loss":0},{"damage_healed":0,"gold_gain":0,"player_choice":"Fought Bandits","damage_taken":0,"max_hp_gain":0,"max_hp_loss":0,"event_name":"Masked Bandits","floor":19,"gold_loss":0},{"cards_removed":["Defend_R"],"damage_healed":0,"gold_gain":0,"player_choice":"Gave Gold","damage_taken":0,"max_hp_gain":0,"max_hp_loss":0,"event_name":"Beggar","floor":20,"gold_loss":75}],"is_beta":false,"boss_relics":[{"not_picked":["Busted Crown","Replay:Bronze Core"],"picked":"Runic Cube"}],"items_purged_floors":[5,22],"is_endless":false,"potions_floor_spawned":[1,4,8,14,16,18,21,24,28,31],"killed_by":"Automaton","ascension_level":4}}