{"host":"pke0xxyzw0teju56","time":1612991645,"event":{"mods":["BaseMod","Bestiary","Colored Powertips","Highlight Path","Minty Spire (QoL Compilation)","Relic Stats","Slay the Relics Exporter","StSLib","ojb\u0027s Info Mod"],"gold_per_floor":[211,224,224,241,256,267,23,23,46,81,6,18,50,63,63,140,140,158,185,204,154,54,54,71,71,71,71,97,67,98,113,113,192,192,210,210,432,449,463,463,463,463],"floor_reached":41,"language":"ENG","playtime":2532,"items_purged":["Strike_R","Strike_R"],"score":911,"play_id":"129e69ca-1242-450f-976b-0b84168192de","local_time":"20210210161405","is_ascension_mode":true,"campfire_choices":[{"data":"Carnage","floor":8,"key":"SMITH"},{"data":"Inflame","floor":15,"key":"SMITH"},{"floor":23,"key":"REST"},{"data":"True Grit","floor":25,"key":"SMITH"},{"floor":27,"key":"REST"},{"data":"True Grit","floor":32,"key":"SMITH"},{"data":"Limit Break","floor":40,"key":"SMITH"}],"circlet_count":0,"master_deck":["AscendersBane","Strike_R","Defend_R","Defend_R","Defend_R","Defend_R","Bash","Infernal Blade","Flame Barrier","Battle Trance","Combust","Corruption","Carnage+1","Inflame+1","Sword Boomerang","Dark Embrace","Feed","Spot Weakness","True Grit+1","Sword Boomerang","True Grit+1","Reaper","Disarm","Rupture+1","Limit Break+1","Disarm+1","Dark Shackles","Entrench+1"],"relics":["Burning Blood","Happy Flower","PreservedInsect","Oddly Smooth Stone","Runic Pyramid","Red Mask","Eternal Feather","StrikeDummy","Darkstone Periapt","SlaversCollar"],"acts_visited":["Exordium","TheCity","TheBeyond"],"potions_floor_usage":[6,12,16,16,18,19,28,30,33,33,41],"damage_taken":[{"damage":12,"enemies":"2 Louse","floor":1,"turns":4},{"damage":1,"enemies":"Cultist","floor":2,"turns":3},{"damage":2,"enemies":"Jaw Worm","floor":4,"turns":3},{"damage":5,"enemies":"Looter","floor":5,"turns":4},{"damage":16,"enemies":"Large Slime","floor":6,"turns":6},{"damage":16,"enemies":"Gremlin Nob","floor":10,"turns":3},{"damage":13,"enemies":"Lots of Slimes","floor":12,"turns":2},{"damage":12,"enemies":"3 Sentries","floor":13,"turns":3},{"damage":13,"enemies":"Blue Slaver","floor":14,"turns":3},{"damage":27,"enemies":"The Guardian","floor":16,"turns":8},{"damage":18,"enemies":"Spheric Guardian","floor":18,"turns":4},{"damage":36,"enemies":"Masked Bandits","floor":19,"turns":3},{"damage":24,"enemies":"Shell Parasite","floor":20,"turns":6},{"damage":10,"enemies":"Snake Plant","floor":24,"turns":4},{"damage":16,"enemies":"Gremlin Leader","floor":28,"turns":5},{"damage":45,"enemies":"Slavers","floor":30,"turns":4},{"damage":38,"enemies":"3 Cultists","floor":31,"turns":5},{"damage":28,"enemies":"Champ","floor":33,"turns":9},{"damage":47,"enemies":"3 Shapes","floor":35,"turns":9},{"damage":12,"enemies":"Orb Walker","floor":38,"turns":4},{"damage":62,"enemies":"3 Darklings","floor":39,"turns":5},{"damage":116,"enemies":"Reptomancer","floor":41,"turns":3}],"seed_played":"-1122846481927227612","potions_obtained":[{"floor":4,"key":"SkillPotion"},{"floor":5,"key":"Regen Potion"},{"floor":10,"key":"Swift Potion"},{"floor":14,"key":"FearPotion"},{"floor":16,"key":"ColorlessPotion"},{"floor":18,"key":"AttackPotion"},{"floor":24,"key":"AttackPotion"},{"floor":29,"key":"Regen Potion"},{"floor":29,"key":"AttackPotion"},{"floor":31,"key":"PowerPotion"},{"floor":39,"key":"SpeedPotion"}],"is_trial":false,"path_per_floor":["M","M","?","M","M","M","$","R","T","E","?","M","E","M","R","B",null,"M","?","M","?","$","R","M","R","T","R","E","?","E","M","R","B",null,"M","?","?","M","M","R","E"],"character_chosen":"IRONCLAD","items_purchased":["Corruption","Carnage"],"campfire_rested":2,"item_purchase_floors":[7,7],"current_hp_per_floor":[62,67,67,71,72,62,62,62,62,52,52,54,48,41,41,20,61,52,25,10,10,10,35,31,31,31,68,61,61,39,31,43,81,92,64,64,64,58,59,74,0,0],"gold":463,"neow_bonus":"HUNDRED_GOLD","is_daily":false,"chose_seed":false,"campfire_upgraded":5,"win_rate":0.0,"timestamp":1612991645,"path_taken":["M","M","?","M","?","M","$","R","T","E","?","M","E","M","R","BOSS","M","?","M","?","$","R","?","R","T","R","E","?","E","?","R","BOSS","M","?","?","M","M","R","E"],"items_purchased_type":["Card","Card"],"build_version":"2020-12-22","purchased_purges":2,"victory":false,"max_hp_per_floor":[75,75,75,75,75,75,75,75,75,75,75,75,75,75,75,75,75,78,81,84,84,84,84,84,84,84,84,87,87,90,93,93,96,96,99,99,99,99,102,102,102,102],"relic_stats":{"Darkstone Periapt":0,"Happy Flower":[26],"counters":[22,100],"Eternal Feather":39,"PreservedInsect":182,"obtain_stats":[{"Darkstone Periapt":30,"SlaversCollar":34,"Happy Flower":9,"Oddly Smooth Stone":13,"Eternal Feather":26,"PreservedInsect":10,"Red Mask":19,"StrikeDummy":28,"Burning Blood":0,"Runic Pyramid":17},{"Darkstone Periapt":16,"SlaversCollar":18,"Happy Flower":5,"Oddly Smooth Stone":8,"Eternal Feather":14,"PreservedInsect":6,"Red Mask":12,"StrikeDummy":15,"Burning Blood":0,"Runic Pyramid":10},{"Darkstone Periapt":65,"SlaversCollar":79,"Happy Flower":20,"Oddly Smooth Stone":28,"Eternal Feather":56,"PreservedInsect":23,"Red Mask":46,"StrikeDummy":61,"Burning Blood":0,"Runic Pyramid":39}],"Burning Blood":126},"card_choices":[{"not_picked":["Iron Wave","Dropkick"],"picked":"Infernal Blade","floor":1},{"not_picked":["Clothesline","Perfected Strike"],"picked":"Flame Barrier","floor":2},{"not_picked":["Wild Strike","Thunderclap"],"picked":"Battle Trance","floor":4},{"not_picked":["Burning Pact","Anger"],"picked":"Combust","floor":5},{"not_picked":["Wild Strike","Armaments","Fire Breathing"],"picked":"SKIP","floor":6},{"not_picked":["Thunderclap","True Grit"],"picked":"Inflame","floor":10},{"not_picked":["Pommel Strike","Blood for Blood"],"picked":"Sword Boomerang","floor":12},{"not_picked":["Cleave","Headbutt","Armaments"],"picked":"SKIP","floor":13},{"not_picked":["Perfected Strike","Dropkick"],"picked":"Dark Embrace","floor":14},{"not_picked":["Impervious","Fiend Fire"],"picked":"Feed","floor":16},{"not_picked":["Perfected Strike","Cleave"],"picked":"Spot Weakness","floor":18},{"not_picked":["Inflame","Thunderclap"],"picked":"True Grit","floor":19},{"not_picked":["Cleave","Reckless Charge"],"picked":"Sword Boomerang","floor":20},{"not_picked":["Entrench","Headbutt"],"picked":"True Grit","floor":24},{"not_picked":["Perfected Strike","Flame Barrier"],"picked":"Reaper","floor":28},{"not_picked":["Dark Embrace","Body Slam"],"picked":"Disarm","floor":30},{"not_picked":["Uppercut+1","Headbutt"],"picked":"Rupture+1","floor":31},{"not_picked":["Exhume","Juggernaut"],"picked":"Limit Break","floor":33},{"not_picked":["Blood for Blood","Clothesline"],"picked":"Disarm+1","floor":35},{"not_picked":["Mind Blast","Forethought"],"picked":"Dark Shackles","floor":36},{"not_picked":["Perfected Strike","Armaments","Sword Boomerang"],"picked":"SKIP","floor":38},{"not_picked":["Armaments","True Grit+1"],"picked":"Entrench+1","floor":39}],"player_experience":5321642,"relics_obtained":[{"floor":9,"key":"Happy Flower"},{"floor":10,"key":"PreservedInsect"},{"floor":13,"key":"Oddly Smooth Stone"},{"floor":19,"key":"Red Mask"},{"floor":26,"key":"Eternal Feather"},{"floor":28,"key":"StrikeDummy"},{"floor":30,"key":"Darkstone Periapt"}],"event_choices":[{"cards_removed":["Strike_R"],"damage_healed":0,"gold_gain":0,"player_choice":"Purged","damage_taken":0,"max_hp_gain":0,"max_hp_loss":0,"event_name":"Purifier","floor":3,"gold_loss":0},{"cards_removed":["Strike_R"],"damage_healed":0,"gold_gain":0,"player_choice":"Card Removal","damage_taken":0,"max_hp_gain":0,"max_hp_loss":0,"event_name":"The Cleric","floor":11,"gold_loss":75},{"damage_healed":0,"gold_gain":0,"player_choice":"Fought Bandits","damage_taken":0,"max_hp_gain":0,"max_hp_loss":0,"event_name":"Masked Bandits","floor":19,"gold_loss":0},{"damage_healed":0,"gold_gain":0,"player_choice":"Bet on Murderer","damage_taken":0,"max_hp_gain":0,"max_hp_loss":0,"event_name":"The Joust","floor":21,"gold_loss":50},{"damage_healed":0,"gold_gain":0,"player_choice":"Bought 2 Potions","damage_taken":0,"max_hp_gain":0,"max_hp_loss":0,"event_name":"The Woman in Blue","floor":29,"gold_loss":0},{"damage_healed":0,"gold_gain":0,"player_choice":"Memory 1","damage_taken":0,"max_hp_gain":0,"max_hp_loss":0,"event_name":"SensoryStone","floor":36,"gold_loss":0},{"damage_healed":0,"gold_gain":222,"player_choice":"Wore Mask","damage_taken":0,"max_hp_gain":0,"max_hp_loss":0,"event_name":"Tomb of Lord Red Mask","floor":37,"gold_loss":0}],"is_beta":false,"boss_relics":[{"not_picked":["Black Star","Empty Cage"],"picked":"Runic Pyramid"},{"not_picked":["Velvet Choker","SacredBark"],"picked":"SlaversCollar"}],"items_purged_floors":[7,22],"is_endless":false,"potions_floor_spawned":[4,5,10,14,16,18,24,31,39],"killed_by":"Reptomancer","ascension_level":20}}