{"host":"fj5i6t4nkss7815d","time":1612923910,"event":{"mods":["AchievementEnabler","BaseMod","Minty Spire (QoL Compilation)","Quick Restart","Relic Stats"],"gold_per_floor":[112,128,140,159,172,172,199,212,212,212,224,224,241,266,266,345,345,364,377,389,45,45,45,45],"floor_reached":23,"language":"ENG","playtime":1679,"items_purged":[],"score":404,"play_id":"a08af608-bd63-4bd9-8659-95ef7a1fcdad","local_time":"20210209182510","is_ascension_mode":true,"campfire_choices":[{"data":"Infinite Blades","floor":6.0,"key":"SMITH"},{"floor":10.0,"key":"REST"},{"floor":12.0,"key":"REST"},{"floor":15.0,"key":"REST"}],"circlet_count":0,"master_deck":["AscendersBane","Strike_G","Strike_G","Strike_G","Strike_G","Strike_G","Defend_G","Defend_G","Defend_G","Defend_G","Defend_G","Survivor","Neutralize","Poisoned Stab","Endless Agony","Catalyst","Infinite Blades+1","Blade Dance","Cloak And Dagger","Blade Dance","Dash","Envenom","Storm of Steel","Venomology","Bouncing Flask","Panache","Writhe"],"relics":["Ring of the Snake","Blood Vial","Meat on the Bone","The Specimen","Runic Pyramid","Sling","Frozen Egg 2"],"acts_visited":["Exordium","TheCity"],"potions_floor_usage":[23],"damage_taken":[{"damage":4.0,"enemies":"Cultist","floor":1.0,"turns":5.0},{"damage":6.0,"enemies":"Jaw Worm","floor":2.0,"turns":4.0},{"damage":2.0,"enemies":"Small Slimes","floor":3.0,"turns":4.0},{"damage":1.0,"enemies":"3 Louse","floor":4.0,"turns":5.0},{"damage":5.0,"enemies":"Exordium Wildlife","floor":5.0,"turns":3.0},{"damage":36.0,"enemies":"Gremlin Nob","floor":7.0,"turns":4.0},{"damage":5.0,"enemies":"2 Fungi Beasts","floor":8.0,"turns":3.0},{"damage":11.0,"enemies":"Exordium Thugs","floor":11.0,"turns":6.0},{"damage":10.0,"enemies":"Gremlin Gang","floor":13.0,"turns":5.0},{"damage":5.0,"enemies":"3 Sentries","floor":14.0,"turns":5.0},{"damage":50.0,"enemies":"Slime Boss","floor":16.0,"turns":12.0},{"damage":22.0,"enemies":"Spheric Guardian","floor":18.0,"turns":6.0},{"damage":23.0,"enemies":"2 Thieves","floor":19.0,"turns":3.0},{"damage":5.0,"enemies":"Snecko","floor":20.0,"turns":5.0},{"damage":26,"enemies":"Book of Stabbing","floor":23,"turns":3}],"seed_played":"7154167849188818400","potions_obtained":[{"floor":3.0,"key":"PowerPotion"},{"floor":4.0,"key":"SneckoOil"},{"floor":7.0,"key":"SkillPotion"},{"floor":8.0,"key":"Energy Potion"},{"floor":11.0,"key":"Ancient Potion"},{"floor":13.0,"key":"AttackPotion"},{"floor":18.0,"key":"DistilledChaos"}],"is_trial":false,"path_per_floor":["M","M","M","M","M","R","E","M","T","R","M","R","M","E","R","B",null,"M","M","M","$","?","E"],"character_chosen":"THE_SILENT","items_purchased":["Panache","Sling"],"campfire_rested":3,"item_purchase_floors":[21,21],"current_hp_per_floor":[61,55,53,52,47,47,11,8,8,29,32,53,45,42,63,27,61,41,32,41,41,41,17,17],"gold":45,"neow_bonus":"TEN_PERCENT_HP_BONUS","is_daily":false,"chose_seed":false,"campfire_upgraded":1,"win_rate":0.0,"timestamp":1612923910,"path_taken":["M","M","?","M","M","R","E","M","T","R","M","R","M","E","R","BOSS","M","M","M","$","?","E"],"items_purchased_type":["Card","Relic"],"build_version":"2020-12-22","purchased_purges":0,"victory":false,"max_hp_per_floor":[72,72,72,72,72,72,72,72,72,72,72,72,72,72,72,72,72,72,72,72,72,72,72,72],"relic_stats":{"Blood Vial":18,"counters":[15,73],"obtain_stats":[{"Blood Vial":7,"The Specimen":14,"Frozen Egg 2":22,"Sling":21,"Ring of the Snake":0,"Meat on the Bone":9,"Runic Pyramid":17},{"Blood Vial":6,"The Specimen":10,"Frozen Egg 2":14,"Sling":14,"Ring of the Snake":0,"Meat on the Bone":7,"Runic Pyramid":11},{"Blood Vial":25,"The Specimen":44,"Frozen Egg 2":70,"Sling":70,"Ring of the Snake":0,"Meat on the Bone":28,"Runic Pyramid":56}],"Ring of the Snake":[30],"Meat on the Bone":48},"card_choices":[{"not_picked":["Sucker Punch","Prepared"],"picked":"Poisoned Stab","floor":1.0},{"not_picked":["Blur","Escape Plan"],"picked":"Endless Agony","floor":2.0},{"not_picked":["Quick Slash","Escape Plan"],"picked":"Catalyst","floor":3.0},{"not_picked":["Choke","Calculated Gamble","Underhanded Strike"],"picked":"SKIP","floor":4.0},{"not_picked":["Dodge and Roll","Slice"],"picked":"Infinite Blades","floor":5.0},{"not_picked":["Dagger Throw","Outmaneuver"],"picked":"Blade Dance","floor":7.0},{"not_picked":["Underhanded Strike","Deadly Poison"],"picked":"Cloak And Dagger","floor":8.0},{"not_picked":["Outmaneuver","Underhanded Strike"],"picked":"Blade Dance","floor":11.0},{"not_picked":["Blur","Well Laid Plans"],"picked":"Dash","floor":13.0},{"not_picked":["Cloak And Dagger","Deflect"],"picked":"Envenom","floor":14.0},{"not_picked":["Malaise","Unload"],"picked":"Storm of Steel","floor":16.0},{"not_picked":["Quick Slash","Outmaneuver","Acrobatics"],"picked":"SKIP","floor":18.0},{"not_picked":["Prepared","Blade Dance"],"picked":"Venomology","floor":19.0},{"not_picked":["Poisoned Stab","PiercingWail"],"picked":"Bouncing Flask","floor":20.0}],"player_experience":1023976,"relics_obtained":[{"floor":7.0,"key":"Blood Vial"},{"floor":9.0,"key":"Meat on the Bone"},{"floor":14.0,"key":"The Specimen"}],"event_choices":[{"damage_healed":0.0,"max_hp_gain":0.0,"max_hp_loss":0.0,"gold_gain":0.0,"event_name":"The Mausoleum","player_choice":"Opened","floor":22.0,"gold_loss":0.0,"damage_taken":0.0,"relics_obtained":["Frozen Egg 2"],"cards_obtained":["Writhe"]}],"is_beta":false,"boss_relics":[{"not_picked":["Empty Cage","Snecko Eye"],"picked":"Runic Pyramid"}],"items_purged_floors":[],"is_endless":false,"potions_floor_spawned":[3,4,7,8,11,13,18],"killed_by":"Book of Stabbing","ascension_level":19}}