{"host":"2wp95sdfrgw3k439","time":1612977248,"event":{"mods":["BaseMod","Better Altar","Better Skull","Better Third Choice","Curses Come First","Minty Spire (QoL Compilation)","Permanent Neow","StSLib"],"gold_per_floor":[115,126,126,146,161,161,6,34,60,60,60,104,129,129,129,252,252,277,292,292,316,334,334,373,404,416,5,5,19,54,75,75,201,201,214,214,214],"floor_reached":36,"language":"ENG","playtime":1191,"items_purged":["Strike_B"],"score":603,"play_id":"988486d2-626d-4fd4-8798-077583d8f5d6","local_time":"20210210101408","is_ascension_mode":true,"campfire_choices":[{"floor":6,"key":"REST"},{"floor":11,"key":"REST"},{"floor":15,"key":"REST"},{"floor":23,"key":"REST"},{"floor":28,"key":"REST"},{"data":"Machine Learning","floor":32,"key":"SMITH"}],"circlet_count":0,"master_deck":["Strike_B","Strike_B","Strike_B","Defend_B+1","Defend_B","Defend_B","Defend_B","Zap","Dualcast+1","Streamline","BootSequence","Defragment","Ball Lightning","Creative AI","Self Repair","Conserve Battery+1","Defragment","Electrodynamics","Machine Learning+1","Redo+1","Leap+1","Melter+1","Auto Shields+1","Tempest+1","Loop","Ball Lightning+1","Self Repair+1","Buffer+1","Chill+1"],"relics":["Cracked Core","Prayer Wheel","Happy Flower","Akabeko","ClockworkSouvenir","DataDisk","Omamori","Golden Idol","MealTicket","Regal Pillow","Sozu","MawBank","Eternal Feather","Frozen Egg 2","Membership Card","War Paint","Philosopher\u0027s Stone"],"acts_visited":["Exordium","TheCity","TheBeyond"],"potions_floor_usage":[8,12,16,33],"damage_taken":[{"damage":1,"enemies":"Cultist","floor":1,"turns":3},{"damage":0,"enemies":"Small Slimes","floor":2,"turns":3},{"damage":2,"enemies":"Jaw Worm","floor":4,"turns":2},{"damage":0,"enemies":"Gremlin Gang","floor":5,"turns":4},{"damage":10,"enemies":"Lagavulin","floor":8,"turns":6},{"damage":12,"enemies":"Gremlin Nob","floor":12,"turns":4},{"damage":0,"enemies":"Large Slime","floor":13,"turns":4},{"damage":43,"enemies":"Hexaghost","floor":16,"turns":9},{"damage":0,"enemies":"Chosen","floor":18,"turns":4},{"damage":27,"enemies":"2 Thieves","floor":19,"turns":3},{"damage":14,"enemies":"Cultist and Chosen","floor":21,"turns":6},{"damage":25,"enemies":"Snecko","floor":22,"turns":5},{"damage":25,"enemies":"Book of Stabbing","floor":24,"turns":4},{"damage":24,"enemies":"Centurion and Healer","floor":25,"turns":5},{"damage":9,"enemies":"Snake Plant","floor":29,"turns":3},{"damage":35,"enemies":"Gremlin Leader","floor":30,"turns":5},{"damage":6,"enemies":"Cultist and Chosen","floor":31,"turns":4},{"damage":55,"enemies":"Collector","floor":33,"turns":8},{"damage":50,"enemies":"3 Darklings","floor":35,"turns":5},{"damage":30,"enemies":"2 Orb Walkers","floor":36,"turns":3}],"seed_played":"-3233182000527957058","potions_obtained":[{"floor":4,"key":"Energy Potion"},{"floor":5,"key":"Dexterity Potion"},{"floor":8,"key":"Weak Potion"},{"floor":16,"key":"PotionOfCapacity"}],"is_trial":false,"path_per_floor":["M","M","?","M","M","R","$","E","T","?","R","E","M","?","R","B",null,"M","M","?","M","M","R","E","M","T","$","R","M","E","M","R","B",null,"M","?"],"character_chosen":"DEFECT","items_purchased":["ClockworkSouvenir","Frozen Egg 2","Membership Card"],"campfire_rested":5,"item_purchase_floors":[7,27,27],"current_hp_per_floor":[67,67,23,21,28,48,48,45,45,28,48,43,43,25,60,24,57,64,37,37,30,12,47,29,12,12,27,68,66,48,59,68,30,59,26,0,0],"gold":214,"neow_bonus":"ONE_RARE_RELIC","is_daily":false,"chose_seed":false,"campfire_upgraded":1,"win_rate":0.0,"timestamp":1612977248,"path_taken":["M","M","?","M","M","R","?","E","T","?","R","E","M","?","R","BOSS","M","M","?","M","?","R","E","M","T","$","R","M","E","M","R","BOSS","M","?"],"items_purchased_type":["Relic","Relic","Relic"],"build_version":"2020-12-22","purchased_purges":1,"victory":false,"max_hp_per_floor":[68,68,68,68,68,68,68,68,68,68,68,68,68,68,68,68,68,68,68,68,68,68,68,68,68,68,68,68,68,68,68,68,68,68,68,68,68],"card_choices":[{"not_picked":["Gash","Cold Snap"],"picked":"Streamline","floor":1},{"not_picked":["Cold Snap","Coolheaded"],"picked":"BootSequence","floor":1},{"not_picked":["Coolheaded","Fusion"],"picked":"Defragment","floor":2},{"not_picked":["Go for the Eyes","Leap"],"picked":"Ball Lightning","floor":2},{"not_picked":["Redo","Skim"],"picked":"Creative AI","floor":4},{"not_picked":["Coolheaded","Barrage"],"picked":"Self Repair","floor":4},{"not_picked":["White Noise","Turbo"],"picked":"Conserve Battery","floor":5},{"not_picked":["Chill","Steam","Barrage"],"picked":"SKIP","floor":5},{"not_picked":["Leap","BootSequence"],"picked":"Defragment","floor":8},{"not_picked":["Scrape","Redo","Leap"],"picked":"SKIP","floor":12},{"not_picked":["Cold Snap","Compile Driver"],"picked":"Electrodynamics","floor":13},{"not_picked":["White Noise","Cold Snap","Double Energy"],"picked":"SKIP","floor":13},{"not_picked":["Seek","Amplify"],"picked":"Machine Learning","floor":16},{"not_picked":["Melter","Cold Snap"],"picked":"Redo+1","floor":18},{"not_picked":["Redo","BootSequence"],"picked":"Leap+1","floor":18},{"not_picked":["Compile Driver","Sunder","Recycle"],"picked":"SKIP","floor":19},{"not_picked":["Leap","Barrage","Beam Cell"],"picked":"SKIP","floor":19},{"not_picked":["Blizzard","Ball Lightning"],"picked":"Melter+1","floor":21},{"not_picked":["Streamline","Sweeping Beam"],"picked":"Auto Shields+1","floor":21},{"not_picked":["Conserve Battery","Reinforced Body"],"picked":"Tempest+1","floor":22},{"not_picked":["Hello World","Beam Cell"],"picked":"Loop","floor":22},{"not_picked":["Hologram","Redo"],"picked":"Ball Lightning+1","floor":24},{"not_picked":["Compile Driver","Force Field"],"picked":"Self Repair+1","floor":25},{"not_picked":["Redo","Skim","Sweeping Beam"],"picked":"SKIP","floor":25},{"not_picked":["Darkness+1","Coolheaded","Ball Lightning"],"picked":"SKIP","floor":29},{"not_picked":["Stack","All For One","Redo"],"picked":"SKIP","floor":29},{"not_picked":["Rip and Tear","Cold Snap","Compile Driver"],"picked":"SKIP","floor":30},{"not_picked":["Ball Lightning+1","Double Energy","Rebound+1"],"picked":"SKIP","floor":31},{"not_picked":["Ball Lightning","Reprogram+1","Redo+1"],"picked":"SKIP","floor":31},{"not_picked":["Hyperbeam","Fission"],"picked":"Buffer+1","floor":33},{"not_picked":["Aggregate","Rebound+1"],"picked":"Chill+1","floor":35},{"not_picked":["Barrage","Leap","Gash"],"picked":"SKIP","floor":35}],"player_experience":576194,"relics_obtained":[{"floor":8,"key":"DataDisk"},{"floor":9,"key":"Omamori"},{"floor":12,"key":"MealTicket"},{"floor":24,"key":"MawBank"},{"floor":26,"key":"Eternal Feather"},{"floor":30,"key":"War Paint"}],"event_choices":[{"damage_healed":0,"gold_gain":0,"player_choice":"UP RE RE ","damage_taken":50,"relics_obtained":["Happy Flower","Akabeko"],"max_hp_gain":0,"max_hp_loss":0,"event_name":"betterSkull:BetterSkull","floor":3,"gold_loss":0,"cards_upgraded":["Dualcast"]},{"damage_healed":0,"gold_gain":0,"player_choice":"Take Damage","damage_taken":17,"relics_obtained":["Golden Idol"],"max_hp_gain":0,"max_hp_loss":0,"event_name":"Golden Idol","floor":10,"gold_loss":0},{"damage_healed":0,"gold_gain":1,"player_choice":"Relic ","damage_taken":18,"max_hp_gain":0,"max_hp_loss":0,"event_name":"betterThird:BetterScrap","floor":14,"gold_loss":0,"cards_obtained":["All Out Attack"]},{"damage_healed":0,"gold_gain":0,"player_choice":"Got Potions","damage_taken":0,"max_hp_gain":0,"max_hp_loss":0,"event_name":"Lab","floor":20,"gold_loss":0},{"damage_healed":0,"gold_gain":0,"player_choice":"Fight","damage_taken":0,"max_hp_gain":0,"max_hp_loss":0,"event_name":"Mysterious Sphere","floor":36,"gold_loss":0}],"is_beta":false,"boss_relics":[{"not_picked":["Snecko Eye","Pandora\u0027s Box"],"picked":"Sozu"},{"not_picked":["Coffee Dripper","Runic Pyramid"],"picked":"Philosopher\u0027s Stone"}],"items_purged_floors":[27],"is_endless":false,"potions_floor_spawned":[4,5,8,16,18,24,29,33],"killed_by":"2 Orb Walkers","ascension_level":9}}