{"host":"phniwng9zo19jwdb","time":1612994224,"event":{"mods":["AchievementEnabler","BaseMod","Colored Powertips","Dark Map","Faster Ascension Climbing","GifTheSpireLib","Minty Spire (QoL Compilation)","Permanent Neow","Rare Cards Sparkle","Relic Filter Mod","StSLib","Weighted Paths"],"gold_per_floor":[361,34,45,45,120,151,151,151,174,207,223,43,53,86,86,163,163,174,190,205,222,222,255,269,269,269],"floor_reached":25,"language":"ENG","playtime":1152,"items_purged":["Dualcast"],"score":456,"play_id":"1c08d50a-46a1-4841-9fc7-0acd38160465","local_time":"20210210225704","is_ascension_mode":true,"campfire_choices":[{"data":"Apotheosis","floor":8,"key":"SMITH"},{"data":"Double Energy","floor":15,"key":"SMITH"}],"circlet_count":0,"master_deck":["AscendersBane","Strike_B+1","Strike_B","Strike_B","Strike_B","Defend_B","Defend_B","Defend_B","Defend_B+1","Zap","Gash","Apotheosis+1","Hologram","Coolheaded","Buffer+1","Double Energy+1","Capacitor","Flash of Steel","Coolheaded","Beam Cell","Creative AI","Hologram","Double Energy+1","Streamline+1","BootSequence"],"relics":["Cracked Core","Lee\u0027s Waffle","Smiling Mask","Blood Vial","Art of War","Ornamental Fan","Black Star","The Courier","Sundial"],"acts_visited":["Exordium","TheCity"],"potions_floor_usage":[10,21,23,25],"damage_taken":[{"damage":1,"enemies":"Cultist","floor":1,"turns":3},{"damage":0,"enemies":"2 Louse","floor":3,"turns":3},{"damage":6,"enemies":"Lagavulin","floor":6,"turns":8},{"damage":4,"enemies":"3 Sentries","floor":10,"turns":8},{"damage":11,"enemies":"Small Slimes","floor":11,"turns":2},{"damage":0,"enemies":"2 Fungi Beasts","floor":13,"turns":4},{"damage":0,"enemies":"Lagavulin","floor":14,"turns":7},{"damage":36,"enemies":"The Guardian","floor":16,"turns":13},{"damage":0,"enemies":"Chosen","floor":18,"turns":6},{"damage":16,"enemies":"Spheric Guardian","floor":19,"turns":6},{"damage":11,"enemies":"Shelled Parasite and Fungi","floor":20,"turns":9},{"damage":10,"enemies":"Snecko","floor":21,"turns":9},{"damage":45,"enemies":"Book of Stabbing","floor":23,"turns":8},{"damage":12,"enemies":"Snake Plant","floor":24,"turns":5},{"damage":29,"enemies":"Slavers","floor":25,"turns":2}],"seed_played":"3580808611747706626","potions_obtained":[{"floor":1,"key":"SpeedPotion"},{"floor":7,"key":"FairyPotion"},{"floor":7,"key":"Fire Potion"},{"floor":10,"key":"Weak Potion"},{"floor":11,"key":"Explosive Potion"},{"floor":13,"key":"PowerPotion"},{"floor":20,"key":"Regen Potion"},{"floor":21,"key":"DistilledChaos"},{"floor":24,"key":"LiquidMemories"}],"is_trial":false,"path_per_floor":["M","$","M","?","?","E","?","R","T","E","M","$","M","E","R","B",null,"M","M","M","M","?","E","M","E"],"character_chosen":"DEFECT","items_purchased":["Apotheosis","Lee\u0027s Waffle","Capacitor","Flash of Steel"],"campfire_rested":0,"item_purchase_floors":[2,2,12,12],"current_hp_per_floor":[45,78,78,62,51,45,45,45,45,43,34,34,36,38,38,4,60,62,48,39,46,46,3,23,0,0],"gold":269,"neow_bonus":"TWO_FIFTY_GOLD","is_daily":false,"chose_seed":false,"campfire_upgraded":2,"win_rate":0.0,"timestamp":1612994224,"path_taken":["M","$","?","?","?","E","?","R","T","E","?","?","M","E","R","BOSS","M","M","M","M","?","E","M","E"],"items_purchased_type":["Card","Relic","Card","Card"],"build_version":"2020-12-22","purchased_purges":1,"victory":false,"max_hp_per_floor":[71,78,78,78,78,78,78,78,78,78,78,78,78,78,78,78,78,78,78,78,78,78,78,78,78,78],"card_choices":[{"not_picked":["Reprogram","Blizzard"],"picked":"Gash","floor":1},{"not_picked":["Tempest","Leap"],"picked":"Hologram","floor":3},{"not_picked":["Steam","Cold Snap"],"picked":"Coolheaded","floor":6},{"not_picked":["Aggregate","Beam Cell"],"picked":"Buffer","floor":10},{"not_picked":["Leap","Gash"],"picked":"Double Energy","floor":11},{"not_picked":["Auto Shields","Sweeping Beam"],"picked":"Coolheaded","floor":13},{"not_picked":["Gash","Genetic Algorithm"],"picked":"Beam Cell","floor":14},{"not_picked":["Multi-Cast","Amplify"],"picked":"Creative AI","floor":16},{"not_picked":["Cold Snap","Tempest"],"picked":"Hologram","floor":18},{"not_picked":["Sweeping Beam","Doom and Gloom","Darkness"],"picked":"SKIP","floor":19},{"not_picked":["Gash","Redo"],"picked":"Double Energy+1","floor":20},{"not_picked":["Blizzard","Cold Snap","Scrape"],"picked":"SKIP","floor":21},{"not_picked":["Stack","Genetic Algorithm"],"picked":"Streamline+1","floor":23},{"not_picked":["Hyperbeam","Sweeping Beam"],"picked":"BootSequence","floor":24}],"player_experience":114208,"relics_obtained":[{"floor":6,"key":"Smiling Mask"},{"floor":9,"key":"Blood Vial"},{"floor":10,"key":"Art of War"},{"floor":14,"key":"Ornamental Fan"},{"floor":23,"key":"The Courier"},{"floor":23,"key":"Sundial"}],"event_choices":[{"damage_healed":0,"gold_gain":0,"player_choice":"Entered Light","damage_taken":16,"max_hp_gain":0,"max_hp_loss":0,"event_name":"Shining Light","floor":4,"gold_loss":0,"cards_upgraded":["Defend_B","Strike_B"]},{"damage_healed":0,"gold_gain":75,"player_choice":"Gather Gold","damage_taken":11,"max_hp_gain":0,"max_hp_loss":0,"event_name":"World of Goop","floor":5,"gold_loss":0},{"damage_healed":0,"gold_gain":0,"player_choice":"Got Potions","damage_taken":0,"max_hp_gain":0,"max_hp_loss":0,"event_name":"Lab","floor":7,"gold_loss":0},{"damage_healed":0,"gold_gain":0,"player_choice":"Forge","damage_taken":0,"max_hp_gain":0,"max_hp_loss":0,"event_name":"Accursed Blacksmith","floor":22,"gold_loss":0,"cards_upgraded":["Buffer"]}],"is_beta":false,"boss_relics":[{"not_picked":["Fusion Hammer","Velvet Choker"],"picked":"Black Star"}],"items_purged_floors":[12],"is_endless":false,"potions_floor_spawned":[1,10,11,13,16,20,21,24],"killed_by":"Slavers","ascension_level":14}}