{"host":"l029r2dqxfiqiq5i","time":1612941442,"event":{"mods":["100% Spire Juice","Act Like it!","BaseMod","Minty Spire (QoL Compilation)","StSLib","óô»ðÖ¸ÄÏ"],"gold_per_floor":[116,128,19,35,45,71,83,83,83,33,33,45,56,56,56],"floor_reached":14,"language":"ZHS","playtime":819,"items_purged":[],"score":96,"play_id":"0aca5951-a271-42c9-b544-eb124a3f2cb4","local_time":"20210210151722","is_ascension_mode":false,"campfire_choices":[{"data":"Moonworks:JonathanRush","floor":8,"key":"SMITH"},{"floor":11,"key":"RECALL"}],"circlet_count":0,"master_deck":["Moonworks:Strike","Moonworks:Strike","Moonworks:Strike","Moonworks:Defend","Moonworks:Defend","Moonworks:Defend","Moonworks:Defend","Moonworks:Ambush","Moonworks:LongDistanceShot","Moonworks:DeployBits","Moonworks:JonathanRush+1","Moonworks:TacticalRetreat+1","Moonworks:Dash+1"],"relics":["Moonworks:BrokenBomb","Moonworks:Homemark","Toxic Egg 2","Pen Nib"],"acts_visited":["Exordium"],"potions_floor_usage":[6],"damage_taken":[{"damage":1,"enemies":"Cultist","floor":1,"turns":3},{"damage":3,"enemies":"Jaw Worm","floor":2,"turns":4},{"damage":6,"enemies":"2 Louse","floor":3,"turns":3},{"damage":0,"enemies":"Blue Slaver","floor":4,"turns":3},{"damage":6,"enemies":"Lots of Slimes","floor":5,"turns":5},{"damage":17,"enemies":"3 Sentries","floor":6,"turns":10},{"damage":0,"enemies":"3 Louse","floor":7,"turns":2},{"damage":6,"enemies":"Gremlin Gang","floor":12,"turns":6},{"damage":0,"enemies":"Looter","floor":13,"turns":4},{"damage":20,"enemies":"Gremlin Nob","floor":14,"turns":5}],"seed_played":"4921155269496506945","potions_obtained":[{"floor":1,"key":"Block Potion"},{"floor":4,"key":"Strength Potion"},{"floor":13,"key":"SkillPotion"}],"is_trial":false,"path_per_floor":["M","M","M","M","M","E","M","R","T","?","R","M","M","E"],"character_chosen":"THE_STARBREAKER","items_purchased":[],"campfire_rested":0,"item_purchase_floors":[],"current_hp_per_floor":[65,62,56,56,50,33,33,33,33,33,33,27,27,7,7],"gold":56,"neow_bonus":"TEN_PERCENT_HP_BONUS","is_daily":false,"chose_seed":false,"campfire_upgraded":1,"win_rate":0.0,"timestamp":1612941442,"path_taken":["M","M","M","M","M","E","M","R","T","?","R","M","M","E"],"items_purchased_type":[],"build_version":"2020-12-22","purchased_purges":0,"victory":false,"max_hp_per_floor":[66,66,66,66,66,66,66,66,66,66,66,66,66,66,66],"card_choices":[{"not_picked":["Moonworks:ImmovableObject","Moonworks:IndiscriminateFireSupport","Moonworks:ForcedRevival"],"picked":"SKIP","floor":1},{"not_picked":["Moonworks:ImOnFire","Moonworks:BigMagnum"],"picked":"Moonworks:DeployBits","floor":2},{"not_picked":["Moonworks:BigMagnum","Moonworks:LulusLuckyEgg","Moonworks:MixPhenomenon"],"picked":"SKIP","floor":3},{"not_picked":["Moonworks:Assault","Moonworks:SakisCookie"],"picked":"Moonworks:JonathanRush","floor":4},{"not_picked":["Moonworks:CloudOfSeagulls","Moonworks:BigMagnum","Moonworks:ImOnFire"],"picked":"SKIP","floor":5},{"not_picked":["Moonworks:SakisCookie+1","Moonworks:BigMagnum+1","Moonworks:FinalBattle"],"picked":"SKIP","floor":6},{"not_picked":["Moonworks:ImOnFire+1","Moonworks:DevilHand"],"picked":"Moonworks:TacticalRetreat+1","floor":7},{"not_picked":["Moonworks:CastOff+1","Moonworks:IndiscriminateFireSupport","Moonworks:LuckyCharm+1"],"picked":"SKIP","floor":12},{"not_picked":["Moonworks:SakisCookie+1","Moonworks:JonathanRush"],"picked":"Moonworks:Dash+1","floor":13}],"player_experience":177429,"relics_obtained":[{"floor":6,"key":"Toxic Egg 2"},{"floor":9,"key":"Pen Nib"}],"event_choices":[{"cards_removed":["Moonworks:Strike"],"damage_healed":0,"gold_gain":0,"player_choice":"Card Removal","damage_taken":0,"max_hp_gain":0,"max_hp_loss":0,"event_name":"The Cleric","floor":10,"gold_loss":50}],"is_beta":false,"boss_relics":[],"items_purged_floors":[],"is_endless":false,"potions_floor_spawned":[1,4,13],"killed_by":"Gremlin Nob","ascension_level":0}}