{"host":"jl7epezt8u9c37lt","time":1612972896,"event":{"mods":["2.2 Compatiblity","Aspiration","Astrologer","Bard","BaseMod","Beaked The Cultist","Better Third Choice","Conspire","DeckTracker","Downfall","Energized Spire","GifTheSpireLib","Glutton Mod","Halation","Hermit","HexUI Lib","Hubris","Lobotomy","LobotomyExtend","Minty Spire (QoL Compilation)","Quick Restart","Reliquary","Replay The Spire","Spikes Relics","StSLib","Stuff the Spire","The Animator","The Bladedancer","The Blue Laboratory","The Disciple","The Judge","The Jungle","The Runesmith","Wandering Minibosses","egg"],"gold_per_floor":[112,112,123,123,123,70,70,70,70,70,87,107,107,125,125,221,221,221,221,221,221,234,269,282,300,327,327,345,345,345],"floor_reached":29,"language":"ENG","playtime":913,"items_purged":[],"score":233,"play_id":"af947417-b33d-444b-8427-02cb6c69f631","local_time":"20210210100136","is_ascension_mode":false,"campfire_choices":[{"data":"Runesmith:Fortify","floor":10,"key":"SMITH"},{"data":"Runesmith:BackupBattery","floor":13,"key":"SMITH"},{"floor":15,"key":"REST"}],"circlet_count":0,"master_deck":["Runesmith:Strike_RS","Runesmith:Strike_RS","Runesmith:Strike_RS","Runesmith:Strike_RS","Runesmith:Defend_RS","Runesmith:Defend_RS","Runesmith:Defend_RS","Runesmith:Defend_RS","Runesmith:CraftFirestone+1","Runesmith:Fortify+1","Runesmith:UnstableHammer+1","Runesmith:HeatedChisel","Runesmith:HammerThrow","Runesmith:RuneHurl","Runesmith:CraftMagma","Runesmith:CraftPrismatica+1","Runesmith:HammerAndChisel","Runesmith:EarthShield+1","Runesmith:CraftMedicinae","Runesmith:Retool","Runesmith:CraftProtectio","Apotheosis+1","Runesmith:UnstableHammer+1"],"relics":["Runesmith:BrokenRuby","LetterFromLob","StuffTheSpire:RedRose","halation:WeightlessCrab","hubris:DeckOfHolding","Philosopher\u0027s Stone","hubris:Towel","ReplayTheSpireMod:TigerMarble","MiniBlackHole"],"acts_visited":["Exordium","TheCity"],"potions_floor_usage":[23,25,25],"damage_taken":[{"damage":4,"enemies":"Small Slimes","floor":1,"turns":3},{"damage":8,"enemies":"conspire:RoseBush","floor":3,"turns":3},{"damage":4,"enemies":"2 Louse","floor":11,"turns":2},{"damage":1,"enemies":"Red Slaver","floor":12,"turns":2},{"damage":2,"enemies":"Exordium Wildlife","floor":14,"turns":2},{"damage":46,"enemies":"The Guardian","floor":16,"turns":9},{"damage":24,"enemies":"2 Thieves","floor":22,"turns":4},{"damage":12,"enemies":"conspire:SneckoGhost","floor":23,"turns":4},{"damage":0,"enemies":"Chosen","floor":24,"turns":8},{"damage":13,"enemies":"Centurion and Healer","floor":25,"turns":4},{"damage":14,"enemies":"conspire:HollyBat","floor":28,"turns":7},{"damage":17,"enemies":"3 Cultists","floor":29,"turns":3}],"seed_played":"-2358349633107678709","potions_obtained":[{"floor":1,"key":"Energy Potion"},{"floor":11,"key":"hexamod:SoulburnPotion"},{"floor":12,"key":"SneckoOil"},{"floor":22,"key":"Swift Potion"},{"floor":25,"key":"blueLaboratory:HorrorPotion"}],"is_trial":false,"path_per_floor":["M","?","M","?","T","$","?","$","T","R","M","M","R","M","R","B",null,"M","?","?","?","M","E","M","M","T","?","M","M"],"character_chosen":"RUNESMITH_CLASS","items_purchased":["Runesmith:HammerThrow"],"campfire_rested":1,"item_purchase_floors":[6],"current_hp_per_floor":[73,73,65,65,65,65,65,65,65,65,61,60,60,58,77,31,77,77,77,77,77,53,41,44,31,31,31,17,0,0],"gold":345,"neow_bonus":"TEN_PERCENT_HP_BONUS","is_daily":false,"chose_seed":false,"campfire_upgraded":2,"win_rate":0.0,"timestamp":1612972896,"path_taken":["M","?","M","?","?","$","?","$","T","R","M","?","R","M","R","BOSS","M","?","?","?","M","E","?","M","T","?","M","?"],"items_purchased_type":["Card"],"build_version":"2020-12-22","purchased_purges":0,"victory":false,"max_hp_per_floor":[77,77,77,77,77,77,77,77,77,77,77,77,77,77,77,77,77,77,77,77,77,77,77,77,77,77,77,77,77,77],"card_choices":[{"not_picked":["Runesmith:ElementalConversion","Runesmith:HeatExchange"],"picked":"Runesmith:UnstableHammer","floor":1},{"not_picked":["Runesmith:StaticCage","Runesmith:ChiselStab"],"picked":"Runesmith:HeatedChisel","floor":3},{"not_picked":["Runesmith:Discharge","Runesmith:CraftMagma"],"picked":"Runesmith:RuneHurl","floor":11},{"not_picked":["Runesmith:CraftVitae","Runesmith:Repurpose"],"picked":"Runesmith:BackupBattery","floor":12},{"not_picked":["Runesmith:StaticCage","Runesmith:Supernova"],"picked":"Runesmith:CraftMagma","floor":14},{"not_picked":["Runesmith:Supernova","Runesmith:DuctTape"],"picked":"Runesmith:CraftPrismatica","floor":16},{"not_picked":["Runesmith:ChiselStab","Runesmith:BackupBattery+1"],"picked":"Runesmith:EarthShield+1","floor":22},{"not_picked":["Runesmith:BackupBattery","Runesmith:ChiselStab","Runesmith:CraftMedicinae"],"picked":"SKIP","floor":23},{"not_picked":["Runesmith:BackupBattery","Runesmith:ChiselStab"],"picked":"Runesmith:CraftMedicinae","floor":23},{"not_picked":["Runesmith:MakeshiftArmor","Runesmith:Discharge+1"],"picked":"Runesmith:Retool","floor":24},{"not_picked":["Runesmith:Attraction","Runesmith:HammerTime"],"picked":"Runesmith:CraftProtectio","floor":25},{"not_picked":["Runesmith:StaticCage","Runesmith:Electrocute"],"picked":"Runesmith:UnstableHammer+1","floor":28}],"player_experience":218337,"relics_obtained":[{"floor":1,"key":"LetterFromLob"},{"floor":5,"key":"halation:WeightlessCrab"},{"floor":9,"key":"hubris:DeckOfHolding"},{"floor":23,"key":"ReplayTheSpireMod:TigerMarble"},{"floor":26,"key":"MiniBlackHole"}],"event_choices":[{"damage_healed":0,"gold_gain":0,"player_choice":"Grow","damage_taken":0,"max_hp_gain":0,"max_hp_loss":0,"event_name":"Living Wall","floor":4,"gold_loss":0,"cards_upgraded":["Runesmith:CraftFirestone"]},{"damage_healed":0,"gold_gain":0,"player_choice":"Upgraded","damage_taken":0,"max_hp_gain":0,"max_hp_loss":0,"event_name":"Upgrade Shrine","floor":7,"gold_loss":0,"cards_upgraded":["Runesmith:UnstableHammer"]},{"damage_healed":0,"gold_gain":0,"player_choice":"1 cards matched","damage_taken":0,"max_hp_gain":0,"max_hp_loss":0,"event_name":"Match and Keep!","floor":21,"gold_loss":0,"cards_obtained":["Runesmith:HammerAndChisel"]},{"cards_removed":["Runesmith:BackupBattery"],"damage_healed":0,"gold_gain":0,"player_choice":"Took Card","damage_taken":0,"max_hp_gain":0,"max_hp_loss":0,"event_name":"NoteForYourself","floor":27,"gold_loss":0,"cards_obtained":["Apotheosis"]}],"is_beta":false,"boss_relics":[{"not_picked":["energizedSpire:MagnifyingGlass","energizedSpire:OgreHead"],"picked":"Philosopher\u0027s Stone"}],"items_purged_floors":[],"is_endless":false,"potions_floor_spawned":[1,11,12,22,25],"killed_by":"3 Cultists","ascension_level":0}}