{"host":"xwgrz7y3g1a3iikb","time":1612982655,"event":{"mods":["BaseMod","Bestiary","Minty Spire (QoL Compilation)","Permanent Neow","Quick Restart","Relic Stats","StSLib","ojb\u0027s Info Mod"],"gold_per_floor":[111,127,139,159,30,30,55,71,71,71,71,88,101,101,101,173,173,190,63,63,63,74,74,74,74],"floor_reached":24,"language":"ENG","playtime":894,"items_purged":["Strike_G"],"score":396,"play_id":"280c50da-cecc-40ee-bb19-aac452eaf2b0","local_time":"20210210104415","is_ascension_mode":true,"campfire_choices":[{"data":"Deadly Poison","floor":6,"key":"SMITH"},{"data":"Poisoned Stab","floor":10,"key":"SMITH"},{"data":"Riddle With Holes","floor":15,"key":"SMITH"},{"data":"Adrenaline","floor":23,"key":"SMITH"}],"circlet_count":0,"master_deck":["AscendersBane","Strike_G","Strike_G","Strike_G","Strike_G","Defend_G","Defend_G","Defend_G","Defend_G","Defend_G","Survivor","Neutralize","Quick Slash","Poisoned Stab+1","Deadly Poison+1","Adrenaline+1","PiercingWail","Endless Agony","Backflip","Riddle With Holes+1","Night Terror","PiercingWail","Bouncing Flask","Footwork"],"relics":["Coffee Dripper","Paper Crane","Gremlin Horn","Runic Pyramid","Nloth\u0027s Gift"],"acts_visited":["Exordium","TheCity"],"potions_floor_usage":[12,18,24,24],"damage_taken":[{"damage":4,"enemies":"Cultist","floor":1,"turns":5},{"damage":4,"enemies":"Small Slimes","floor":2,"turns":5},{"damage":0,"enemies":"Jaw Worm","floor":3,"turns":4},{"damage":12,"enemies":"Large Slime","floor":4,"turns":5},{"damage":23,"enemies":"3 Sentries","floor":7,"turns":9},{"damage":1,"enemies":"2 Fungi Beasts","floor":8,"turns":3},{"damage":16,"enemies":"Exordium Thugs","floor":12,"turns":4},{"damage":13,"enemies":"3 Louse","floor":13,"turns":3},{"damage":7,"enemies":"Hexaghost","floor":16,"turns":8},{"damage":5,"enemies":"Chosen","floor":18,"turns":5},{"damage":6,"enemies":"Spheric Guardian","floor":22,"turns":5},{"damage":39,"enemies":"Slavers","floor":24,"turns":7}],"seed_played":"2230628459487104921","potions_obtained":[{"floor":1,"key":"Weak Potion"},{"floor":7,"key":"Poison Potion"},{"floor":8,"key":"Block Potion"},{"floor":12,"key":"Block Potion"},{"floor":18,"key":"Swift Potion"}],"is_trial":false,"path_per_floor":["M","M","M","M","$","R","E","M","T","R","?","M","M","T","R","B",null,"M","$","?","?","M","R","E"],"character_chosen":"THE_SILENT","items_purchased":["PiercingWail","Bouncing Flask","Footwork"],"campfire_rested":0,"item_purchase_floors":[5,19,19],"current_hp_per_floor":[55,51,51,39,39,39,16,15,15,15,37,21,8,8,8,1,50,45,45,45,45,39,39,0,0],"gold":74,"neow_bonus":"BOSS_RELIC","is_daily":false,"chose_seed":false,"campfire_upgraded":4,"win_rate":0.0,"timestamp":1612982655,"path_taken":["M","?","M","M","?","R","E","M","T","R","?","M","M","?","R","BOSS","M","$","?","?","?","R","E"],"items_purchased_type":["Card","Card","Card"],"build_version":"2020-12-22","purchased_purges":1,"victory":false,"max_hp_per_floor":[66,66,66,66,66,66,66,66,66,66,66,66,66,66,66,66,66,66,66,66,66,66,66,66,66],"relic_stats":{"Gremlin Horn":[5,5],"counters":[12,63],"Nloth\u0027s Gift":0,"obtain_stats":[{"Gremlin Horn":9,"Coffee Dripper":0,"Nloth\u0027s Gift":21,"Paper Crane":7,"Ring of the Snake":0,"Pocketwatch":14,"Runic Pyramid":17},{"Gremlin Horn":6,"Coffee Dripper":0,"Nloth\u0027s Gift":10,"Paper Crane":5,"Ring of the Snake":0,"Pocketwatch":8,"Runic Pyramid":9},{"Gremlin Horn":31,"Coffee Dripper":0,"Nloth\u0027s Gift":51,"Paper Crane":28,"Ring of the Snake":0,"Pocketwatch":38,"Runic Pyramid":46}]},"card_choices":[{"not_picked":["Accuracy","Underhanded Strike"],"picked":"Quick Slash","floor":1},{"not_picked":["Sucker Punch","Heel Hook"],"picked":"Poisoned Stab","floor":2},{"not_picked":["Eviscerate","PiercingWail"],"picked":"Deadly Poison","floor":3},{"not_picked":["PiercingWail","Deflect"],"picked":"Adrenaline","floor":4},{"not_picked":["Reflex","Skewer"],"picked":"Endless Agony","floor":7},{"not_picked":["Flying Knee","Distraction","Cloak And Dagger"],"picked":"SKIP","floor":8},{"not_picked":["Cloak And Dagger","A Thousand Cuts"],"picked":"Backflip","floor":12},{"not_picked":["Prepared","Cloak And Dagger"],"picked":"Riddle With Holes","floor":13},{"not_picked":["Envenom","Unload"],"picked":"Night Terror","floor":16},{"not_picked":["Flechettes","Acrobatics"],"picked":"PiercingWail","floor":18},{"not_picked":["Deadly Poison","Dagger Spray","Skewer"],"picked":"SKIP","floor":22}],"player_experience":339921,"relics_obtained":[{"floor":7,"key":"Paper Crane"},{"floor":9,"key":"Gremlin Horn"},{"floor":14,"key":"Pocketwatch"}],"event_choices":[{"damage_healed":22,"gold_gain":0,"player_choice":"Banana","damage_taken":0,"max_hp_gain":0,"max_hp_loss":0,"event_name":"Big Fish","floor":11,"gold_loss":0},{"damage_healed":0,"gold_gain":0,"player_choice":"Traded Relic","damage_taken":0,"relics_obtained":["Nloth\u0027s Gift"],"max_hp_gain":0,"max_hp_loss":0,"event_name":"N\u0027loth","floor":21,"relics_lost":["Pocketwatch"],"gold_loss":0}],"is_beta":false,"boss_relics":[{"not_picked":["Cursed Key","Busted Crown"],"picked":"Runic Pyramid"}],"items_purged_floors":[5],"is_endless":false,"potions_floor_spawned":[1,7,8,12,18],"killed_by":"Slavers","ascension_level":20}}