{"host":"sutwlwo4qckeqch7","time":1612978712,"event":{"mods":["AchievementEnabler","BaseMod","BetterRewards","Colored Map","Minty Spire (QoL Compilation)","StSLib"],"gold_per_floor":[113,123,136,66,85,85,118,136,163,163,163,175,185,199,199,199,199],"floor_reached":16,"language":"ENG","playtime":417,"items_purged":[],"score":122,"play_id":"dff4e862-f11f-4d98-8366-11cca09c0702","local_time":"20210210113832","is_ascension_mode":true,"campfire_choices":[{"data":"Crippling Poison","floor":6.0,"key":"SMITH"},{"floor":10.0,"key":"REST"},{"data":"Poisoned Stab","floor":15.0,"key":"SMITH"}],"circlet_count":0,"master_deck":["Strike_G","Strike_G","Strike_G","Strike_G","Strike_G","Defend_G","Defend_G","Defend_G","Defend_G","Defend_G","Survivor","Neutralize","Slice","Slice","Deadly Poison","Crippling Poison+1","Burst","Backflip","Deadly Poison","Slice","Poisoned Stab+1"],"relics":["Ring of the Snake","Anchor","Lantern","Strawberry","Omamori"],"acts_visited":["Exordium"],"potions_floor_usage":[],"damage_taken":[{"damage":2.0,"enemies":"Cultist","floor":1.0,"turns":6.0},{"damage":4.0,"enemies":"Small Slimes","floor":2.0,"turns":4.0},{"damage":0.0,"enemies":"Jaw Worm","floor":3.0,"turns":5.0},{"damage":30.0,"enemies":"Gremlin Gang","floor":5.0,"turns":5.0},{"damage":24.0,"enemies":"Gremlin Nob","floor":7.0,"turns":4.0},{"damage":0.0,"enemies":"Looter","floor":8.0,"turns":4.0},{"damage":0.0,"enemies":"Exordium Wildlife","floor":12.0,"turns":2.0},{"damage":0.0,"enemies":"Red Slaver","floor":13.0,"turns":3.0},{"damage":9.0,"enemies":"2 Fungi Beasts","floor":14.0,"turns":3.0},{"damage":0,"enemies":"Slime Boss","floor":16,"turns":5}],"seed_played":"8478094205417711556","potions_obtained":[{"floor":2.0,"key":"SmokeBomb"},{"floor":8.0,"key":"GhostInAJar"},{"floor":12.0,"key":"SpeedPotion"},{"floor":14.0,"key":"FearPotion"}],"is_trial":false,"path_per_floor":["M","M","M","$","M","R","E","M","T","R","?","M","M","M","R","B"],"character_chosen":"THE_SILENT","items_purchased":["Crippling Poison"],"campfire_rested":1,"item_purchase_floors":[4],"current_hp_per_floor":[68,64,64,64,34,34,10,10,17,40,40,40,40,31,31,31,31],"gold":199,"neow_bonus":"RANDOM_COMMON_RELIC","is_daily":false,"chose_seed":false,"campfire_upgraded":2,"win_rate":0.0,"timestamp":1612978712,"path_taken":["M","M","?","$","M","R","E","M","T","R","?","M","?","M","R","BOSS"],"items_purchased_type":["Card"],"build_version":"2020-12-22","purchased_purges":0,"victory":false,"max_hp_per_floor":[70,70,70,70,70,70,70,70,77,77,77,77,77,77,77,77,77],"card_choices":[{"not_picked":["Underhanded Strike","Prepared"],"picked":"Slice","floor":1.0},{"not_picked":["Sucker Punch","Predator"],"picked":"Slice","floor":2.0},{"not_picked":["Dagger Throw","Dodge and Roll"],"picked":"Deadly Poison","floor":3.0},{"not_picked":["Blade Dance","Riddle With Holes","PiercingWail"],"picked":"SKIP","floor":5.0},{"not_picked":["PiercingWail","Masterful Stab"],"picked":"Burst","floor":7.0},{"not_picked":["Cloak And Dagger","Underhanded Strike"],"picked":"Backflip","floor":8.0},{"not_picked":["Footwork","Caltrops"],"picked":"Deadly Poison","floor":12.0},{"not_picked":["Prepared","Masterful Stab"],"picked":"Slice","floor":13.0},{"not_picked":["Reflex","Sucker Punch"],"picked":"Poisoned Stab","floor":14.0}],"player_experience":178967,"relics_obtained":[{"floor":7.0,"key":"Lantern"},{"floor":9.0,"key":"Strawberry"}],"event_choices":[{"damage_healed":0.0,"max_hp_gain":0.0,"max_hp_loss":0.0,"gold_gain":0.0,"event_name":"WeMeetAgain","player_choice":"Gave Potion","floor":11.0,"gold_loss":0.0,"damage_taken":0.0,"relics_obtained":["Omamori"]}],"is_beta":false,"boss_relics":[],"items_purged_floors":[],"is_endless":false,"potions_floor_spawned":[2,8,12,14],"killed_by":"Slime Boss","ascension_level":3}}