{"host":"rzvepkyh9344fbo1","time":1612964411,"event":{"mods":["AchievementEnabler","Act Like it!","BaseMod","Better Third Choice","Colored Map","Colored Powertips","Curses Come First","Downfall","Evolution","Fox Events","Hermit","Highlight Path","Minty Spire (QoL Compilation)","Replay The Spire","Robot Space Explorer","Shade Mod","Shop Mod","StS++","StSLib","The Cursed","The Marked","The Necromancer"],"gold_per_floor":[110,130,147,166,166,166,498,498,575,575,750,768,794,809,809,905,905,922,935,935,182,182,212,212,212,212,79,94,94,119,137,137,235,235,248,313,360,360,375,375,402,414,452,490,516,562,574,605,617,629],"floor_reached":51,"language":"ENG","playtime":5459,"items_purged":["Doubt","Delirium"],"score":598,"play_id":"047fe1a5-84b5-4b84-834c-fdca5f635853","local_time":"20210211004011","is_ascension_mode":false,"campfire_choices":[{"data":"theMarked:Vacuum","floor":6,"key":"SMITH"},{"data":"theMarked:Opportunist","floor":8,"key":"SMITH"},{"data":"theMarked:SoldierOfQuellstein","floor":10,"key":"SMITH"},{"data":"theMarked:Indomitable","floor":15,"key":"SMITH"},{"data":"theMarked:ParalyzingBlade","floor":24,"key":"SMITH"},{"data":"theMarked:TakeOffHeels","floor":29,"key":"SMITH"},{"data":"theMarked:EmpowerWeapon","floor":32,"key":"SMITH"},{"data":"theMarked:Toughness","floor":40,"key":"SMITH"},{"data":"theMarked:Strike","floor":42,"key":"PURGE"},{"floor":49,"key":"DIG"}],"circlet_count":0,"master_deck":["theMarked:Strike","theMarked:Strike","theMarked:Defend","theMarked:Defend","theMarked:Defend","theMarked:Defend","theMarked:SoldierOfQuellstein+1","theMarked:Vacuum+1","theMarked:ChainLightning","theMarked:WardOff+1","theMarked:ShockingTouch","theMarked:Opportunist+1","theMarked:RepellingDischarge","theMarked:Indomitable+1","theMarked:TakeOffHeels+1","theMarked:TakeCover","theMarked:ParalyzingBlade+1","theMarked:TakeCover","theMarked:EmpowerWeapon+1","theMarked:Toughness+1","theMarked:WardOff+1","ReplayTheSpireMod:Splinters","theMarked:ChannelForce+1","theMarked:ComboAttacks+1","theMarked:BanishingWave+1","theMarked:ContemptForTheProud+1"],"relics":["theMarked:ArtifactOfAir","EVO:Axolotl","theMarked:Eyepatch","Juzu Bracelet","MerchantsRug","Meat on the Bone","Ring of Fangs","Ring of Fury","Lantern","Enchiridion","Bag of Marbles","Replay:WaspNest","Philosopher\u0027s Stone","Replay:Baseball","Replay:Multitool","MawBank","PreservedInsect","ReplayTheSpireMod:TigerMarble","Replay:Bottled Snecko","Art of War"],"acts_visited":["Exordium","TheCity","TheBeyond"],"potions_floor_usage":[7,16,23,33,41,45,50,50,50],"damage_taken":[{"damage":0,"enemies":"2 Louse","floor":1,"turns":3},{"damage":3,"enemies":"Jaw Worm","floor":2,"turns":4},{"damage":1,"enemies":"Cultist","floor":3,"turns":3},{"damage":2,"enemies":"3 Louse","floor":4,"turns":3},{"damage":6,"enemies":"3 Sentries","floor":7,"turns":8},{"damage":23,"enemies":"Exordium Thugs","floor":12,"turns":6},{"damage":2,"enemies":"Looter","floor":14,"turns":2},{"damage":49,"enemies":"Fading Forest","floor":16,"turns":11},{"damage":20,"enemies":"Shell Parasite","floor":18,"turns":6},{"damage":5,"enemies":"3 Byrds","floor":19,"turns":8},{"damage":12,"enemies":"Gremlin Leader","floor":23,"turns":5},{"damage":3,"enemies":"Snake Plant","floor":28,"turns":4},{"damage":3,"enemies":"Book of Stabbing","floor":30,"turns":4},{"damage":12,"enemies":"Cultist and Chosen","floor":31,"turns":5},{"damage":32,"enemies":"Champ","floor":33,"turns":11},{"damage":1,"enemies":"Orb Walker","floor":35,"turns":3},{"damage":36,"enemies":"2 Orb Walkers","floor":37,"turns":4},{"damage":7,"enemies":"3 Shapes","floor":39,"turns":5},{"damage":14,"enemies":"Reptomancer","floor":41,"turns":5},{"damage":15,"enemies":"Giant Head","floor":44,"turns":5},{"damage":2,"enemies":"Writhing Mass","floor":45,"turns":2},{"damage":2,"enemies":"Nemesis","floor":46,"turns":5},{"damage":0,"enemies":"4 Shapes","floor":48,"turns":6},{"damage":50,"enemies":"Replay:Hell Engine","floor":50,"turns":7}],"seed_played":"-2151108439738123299","potions_obtained":[{"floor":2,"key":"LifebloodPotion"},{"floor":3,"key":"FairyPotion"},{"floor":14,"key":"Strength Potion"},{"floor":19,"key":"CultistPotion"},{"floor":20,"key":"theMarked:ChargePotion"},{"floor":20,"key":"Slimebound:ThreeZeroPotion"},{"floor":20,"key":"theMarked:HoverShot"},{"floor":36,"key":"FairyPotion"},{"floor":41,"key":"SneckoOil"},{"floor":44,"key":"ColorlessPotion"},{"floor":45,"key":"champ:CounterPotion"},{"floor":46,"key":"champ:CounterPotion"}],"is_trial":false,"path_per_floor":["M","M","M","M","?","R","E","R","T","R","?","M","T","M","R","B",null,"M","M","?","$","?","E","R","?","T","$","M","R","E","M","R_BF","B",null,"M","?","?","?","M","R","E","R","T","E","M","E","?","M","R","B",null],"character_chosen":"THE_DEFAULT","items_purchased":["Juzu Bracelet","Lee\u0027s Waffle","MerchantsRug","Meat on the Bone","theMarked:TakeCover"],"campfire_rested":0,"item_purchase_floors":[21,21,21,21,27],"current_hp_per_floor":[70,67,66,64,64,64,58,58,58,58,58,35,35,33,33,21,70,50,45,45,77,77,65,65,49,49,49,46,46,43,43,43,23,77,76,76,40,40,45,45,43,43,43,40,50,48,48,48,48,35],"gold":641,"neow_bonus":"TRANSFORM_CARD","is_daily":false,"chose_seed":false,"campfire_upgraded":8,"win_rate":0.0,"timestamp":1612964411,"path_taken":["M","M","M","M","?","R","E","R","T","R","?","M","?","M","R","BOSS","M","M","?","$","?","E","R","?","T","?","M","R","E","M","R_BF","BOSS","M","?","?","?","M","R","E","R","T","E","M","E","?","M","R","BOSS"],"items_purchased_type":["Relic","Relic","Relic","Relic","Card"],"build_version":"2020-12-22","purchased_purges":2,"victory":true,"max_hp_per_floor":[70,70,70,70,70,70,70,70,70,70,70,70,70,70,70,70,70,70,70,70,77,77,77,77,77,77,77,77,77,77,77,77,77,77,77,77,77,77,77,77,77,77,77,77,77,77,77,77,77,77],"card_choices":[{"not_picked":["theMarked:BanishingStrike","theMarked:Frustration"],"picked":"theMarked:ChainLightning","floor":1},{"not_picked":["theMarked:ElectricStrings","theMarked:Reabsorb","theMarked:WastefulAttack"],"picked":"SKIP","floor":2},{"not_picked":["theMarked:TwofoldDefense","theMarked:Maelstrom"],"picked":"theMarked:WardOff","floor":3},{"not_picked":["theMarked:SwordAndMagic","theMarked:Standoff"],"picked":"theMarked:ShockingTouch","floor":4},{"not_picked":["theMarked:RepellingDischarge","theMarked:ResourceFulStrike"],"picked":"theMarked:Opportunist","floor":7},{"not_picked":["theMarked:TwofoldDefense","theMarked:ElectricStrings"],"picked":"theMarked:RepellingDischarge","floor":12},{"not_picked":["theMarked:ContemptForTheProud","theMarked:CreepingChasm"],"picked":"theMarked:Indomitable","floor":14},{"not_picked":["theMarked:TurnInvisible","theMarked:UnarmedFury"],"picked":"theMarked:TakeOffHeels","floor":16},{"not_picked":["theMarked:Polarize","theMarked:Memento"],"picked":"theMarked:TakeCover","floor":18},{"not_picked":["theMarked:EnhanceMovement","theMarked:RepellingDischarge+1"],"picked":"theMarked:ParalyzingBlade","floor":19},{"not_picked":["theMarked:TakeCover","theMarked:CreepingChasm","theMarked:ResourceFulStrike"],"picked":"SKIP","floor":23},{"not_picked":["theMarked:Electrocute","theMarked:WastefulAttack","theMarked:TakeCover"],"picked":"SKIP","floor":28},{"not_picked":["theMarked:ChainLightning","theMarked:FavorableWinds"],"picked":"theMarked:EmpowerWeapon","floor":30},{"not_picked":["theMarked:SwordAndMagic","theMarked:Generate","theMarked:TakeCover"],"picked":"SKIP","floor":31},{"not_picked":["theMarked:DispelDoubt","theMarked:TurnInvisible"],"picked":"theMarked:Toughness","floor":33},{"not_picked":["theMarked:WastefulAttack+1","theMarked:ResourceFulStrike"],"picked":"theMarked:WardOff+1","floor":35},{"not_picked":["theMarked:HeightenedSenses","theMarked:Parkour+1"],"picked":"theMarked:ChannelForce+1","floor":36},{"not_picked":["theMarked:Memento+1","theMarked:Seal"],"picked":"theMarked:ComboAttacks+1","floor":37},{"not_picked":["theMarked:RepellingDischarge+1","theMarked:Generate+1"],"picked":"theMarked:BanishingWave+1","floor":39},{"not_picked":["theMarked:Polarize+1","theMarked:Electrocute","theMarked:Aftermath+1"],"picked":"SKIP","floor":41},{"not_picked":["theMarked:ChainLightning","theMarked:RogueSparks+1","theMarked:TakeCover+1"],"picked":"SKIP","floor":44},{"not_picked":["theMarked:TakeCover+1","theMarked:RogueSparks","theMarked:ElectricStrings+1"],"picked":"SKIP","floor":45},{"not_picked":["theMarked:ElectricStrings+1","theMarked:SwordAndMagic","theMarked:LightningStrikesTwice"],"picked":"SKIP","floor":46},{"not_picked":["theMarked:BanishingWave+1","theMarked:ResourceFulStrike+1"],"picked":"theMarked:ContemptForTheProud+1","floor":48}],"player_experience":296321,"relics_obtained":[{"floor":7,"key":"Old Coin"},{"floor":13,"key":"Potion Belt"},{"floor":22,"key":"Ring of Fangs"},{"floor":22,"key":"Ring of Fury"},{"floor":23,"key":"Lantern"},{"floor":25,"key":"Enchiridion"},{"floor":26,"key":"Bag of Marbles"},{"floor":30,"key":"Replay:WaspNest"},{"floor":36,"key":"Replay:Baseball"},{"floor":37,"key":"Replay:Multitool"},{"floor":41,"key":"MawBank"},{"floor":43,"key":"PreservedInsect"},{"floor":44,"key":"ReplayTheSpireMod:TigerMarble"},{"floor":46,"key":"Replay:Bottled Snecko"},{"floor":49,"key":"Art of War"}],"event_choices":[{"damage_healed":0,"gold_gain":175,"player_choice":"AGREE","damage_taken":575,"max_hp_gain":0,"max_hp_loss":0,"event_name":"betterThird:BetterSerpent","floor":11,"gold_loss":0},{"damage_healed":0,"gold_gain":0,"player_choice":"Got Potions","damage_taken":0,"max_hp_gain":0,"max_hp_loss":0,"event_name":"Lab","floor":20,"gold_loss":0},{"damage_healed":0,"gold_gain":0,"player_choice":"Obtained Book","damage_taken":16,"max_hp_gain":0,"max_hp_loss":0,"event_name":"Cursed Tome","floor":25,"gold_loss":0},{"damage_healed":0,"gold_gain":0,"player_choice":"Fight","damage_taken":0,"max_hp_gain":0,"max_hp_loss":0,"event_name":"Mysterious Sphere","floor":37,"gold_loss":0},{"damage_healed":0,"gold_gain":0,"player_choice":"Ignored","damage_taken":0,"max_hp_gain":0,"max_hp_loss":0,"event_name":"Tomb of Lord Red Mask","floor":38,"gold_loss":0},{"cards_removed":["theMarked:Strike"],"damage_healed":0,"gold_gain":0,"player_choice":"Removed Attack","damage_taken":0,"max_hp_gain":0,"max_hp_loss":0,"event_name":"Falling","floor":47,"gold_loss":0}],"is_beta":false,"boss_relics":[{"not_picked":["Snecko Eye","Ectoplasm"],"picked":"theMarked:Eyepatch"},{"not_picked":["Black Star","StSpp:FireArrow"],"picked":"Philosopher\u0027s Stone"}],"items_purged_floors":[21,27],"is_endless":false,"potions_floor_spawned":[2,3,14,19,41,44,45,46],"ascension_level":0}}