{"host":"j3a2evu0xzqog6vj","time":1612953510,"event":{"mods":["BaseMod","Minty Spire (QoL Compilation)"],"gold_per_floor":[114,128,278,278,302,302,316,347,374,401,425,145,145,188,188,292,373,406,428,90,115,138,187,187,222,222,356,46,46,84,108,108,210,210,224,557,557,557,570,570,603,603,603,603,24,44,56,56,56,56,56],"floor_reached":52,"language":"ENG","playtime":4606,"items_purged":["Doubt","Perfected Strike+1"],"score":2146,"play_id":"9f54dc06-95d6-47d3-8e6c-490acfbeb923","local_time":"20210210113830","is_ascension_mode":true,"campfire_choices":[{"data":"Perfected Strike","floor":6.0,"key":"SMITH"},{"data":"Bash","floor":13.0,"key":"SMITH"},{"data":"Evolve","floor":15.0,"key":"SMITH"},{"data":"Shockwave","floor":24,"key":"SMITH"},{"data":"Limit Break","floor":29,"key":"SMITH"},{"data":"Spot Weakness","floor":32,"key":"SMITH"},{"data":"Burning Pact","floor":40,"key":"SMITH"},{"data":"Second Wind","floor":42,"key":"SMITH"},{"data":"Master of Strategy","floor":44,"key":"SMITH"},{"data":"Barricade","floor":49,"key":"SMITH"}],"circlet_count":0,"master_deck":["AscendersBane","Bash+1","Shrug It Off","Twin Strike","Wild Strike","Evolve+1","Burning Pact+1","Reaper","Second Wind","Offering","Flex","Uppercut+1","Power Through","Shrug It Off","Rampage","Offering","Corruption","Second Wind+1","Spot Weakness+1","Power Through","Shrug It Off","Shockwave+1","Shrug It Off","Reaper+1","Master of Strategy+1","Headbutt","Limit Break+1","Sentinel","Barricade+1","Spot Weakness","Heavy Blade+1"],"relics":["Burning Blood","Orichalcum","Centennial Puzzle","CeramicFish","Membership Card","PreservedInsect","Pandora\u0027s Box","Bag of Preparation","DollysMirror","Happy Flower","Potion Belt","Molten Egg 2","Unceasing Top","The Courier","Frozen Eye","Calipers","Charon\u0027s Ashes","Whetstone","Busted Crown","Art of War","Magic Flower","Blood Vial","Nunchaku","Juzu Bracelet","Boot","Dead Branch","Frozen Egg 2","Chemical X"],"acts_visited":["Exordium","TheCity","TheBeyond"],"potions_floor_usage":[41,51,51,51],"damage_taken":[{"damage":5.0,"enemies":"Small Slimes","floor":1.0,"turns":4.0},{"damage":9.0,"enemies":"2 Louse","floor":2.0,"turns":4.0},{"damage":6.0,"enemies":"Jaw Worm","floor":5.0,"turns":5.0},{"damage":5.0,"enemies":"Red Slaver","floor":7.0,"turns":3.0},{"damage":8.0,"enemies":"Gremlin Nob","floor":8.0,"turns":3.0},{"damage":1.0,"enemies":"Exordium Wildlife","floor":11.0,"turns":3.0},{"damage":22.0,"enemies":"Lagavulin","floor":14.0,"turns":5.0},{"damage":45.0,"enemies":"Hexaghost","floor":16.0,"turns":11.0},{"damage":12.0,"enemies":"Shell Parasite","floor":18.0,"turns":3.0},{"damage":30.0,"enemies":"Chosen","floor":19.0,"turns":8.0},{"damage":17.0,"enemies":"Snake Plant","floor":21.0,"turns":5.0},{"damage":6.0,"enemies":"Cultist and Chosen","floor":22.0,"turns":6.0},{"damage":21.0,"enemies":"Book of Stabbing","floor":23.0,"turns":6.0},{"damage":18,"enemies":"Slavers","floor":25,"turns":5},{"damage":12,"enemies":"Colosseum Slavers","floor":27,"turns":3},{"damage":12,"enemies":"Colosseum Nobs","floor":27,"turns":6},{"damage":6,"enemies":"Gremlin Leader","floor":30,"turns":3},{"damage":6,"enemies":"Chosen and Byrds","floor":31,"turns":3},{"damage":45,"enemies":"Champ","floor":33,"turns":12},{"damage":20,"enemies":"3 Darklings","floor":35,"turns":5},{"damage":7,"enemies":"3 Shapes","floor":39,"turns":6},{"damage":26,"enemies":"Giant Head","floor":41,"turns":6},{"damage":10,"enemies":"Maw","floor":46,"turns":3},{"damage":17,"enemies":"Transient","floor":47,"turns":6},{"damage":12,"enemies":"Time Eater","floor":50,"turns":3},{"damage":29,"enemies":"Donu and Deca","floor":51,"turns":3}],"seed_played":"-2334999584828569211","potions_obtained":[{"floor":2.0,"key":"FearPotion"},{"floor":7.0,"key":"SpeedPotion"},{"floor":8.0,"key":"SkillPotion"},{"floor":16.0,"key":"GamblersBrew"},{"floor":18.0,"key":"DistilledChaos"},{"floor":21.0,"key":"SkillPotion"},{"floor":33,"key":"Dexterity Potion"},{"floor":39,"key":"Strength Potion"}],"is_trial":false,"path_per_floor":["M","M","?","?","M","R","M","E","T","T","M","$","R","E","R","B",null,"M","M","$","M","M","E","R","E","T","?","$","R","E","M","R","B",null,"M","?","?","?","M","R","E","R","T","R","$","M","M","?","R","B","B",null],"character_chosen":"IRONCLAD","items_purchased":["Membership Card","Reaper","Bag of Preparation","Shockwave","Shrug It Off","DollysMirror","Master of Strategy","Frozen Eye","Calipers","Charon\u0027s Ashes","Blood Vial","Nunchaku","Juzu Bracelet","Boot","Dead Branch","Spot Weakness","Frozen Egg 2","Chemical X","PowerPotion"],"campfire_rested":0,"item_purchase_floors":[12,12,20,20,20,20,20,28,28,28,45,45,45,45,45,45,45,45,45],"current_hp_per_floor":[76,73,73,73,73,73,74,72,72,72,74,74,74,58,58,25,62,66,49,49,58,74,74,74,74,74,74,74,74,74,74,74,74,74,60,60,60,50,74,74,74,74,74,74,74,74,74,70,70,67,50],"gold":56,"neow_bonus":"TEN_PERCENT_HP_BONUS","is_daily":false,"chose_seed":false,"campfire_upgraded":10,"win_rate":0.0,"timestamp":1612953510,"path_taken":["M","M","?","?","M","R","M","E","T","?","M","$","R","E","R","BOSS","M","M","$","M","M","E","R","E","T","?","$","R","E","M","R","BOSS","M","?","?","?","M","R","E","R","T","R","$","M","M","?","R","BOSS","BOSS"],"items_purchased_type":["Relic","Card","Relic","Card","Card","Relic","Card","Relic","Relic","Relic","Relic","Relic","Relic","Relic","Relic","Card","Relic","Relic","Potion"],"build_version":"2020-12-22","purchased_purges":2,"victory":true,"max_hp_per_floor":[82,82,82,74,74,74,74,74,74,74,74,74,74,74,74,74,74,74,74,74,74,74,74,74,74,74,74,74,74,74,74,74,74,74,74,74,74,74,74,74,74,74,74,74,74,74,74,70,70,70,70],"card_choices":[{"not_picked":["Havoc","Warcry"],"picked":"Shrug It Off","floor":1.0},{"not_picked":["Shrug It Off","Body Slam"],"picked":"Twin Strike","floor":2.0},{"not_picked":["Infernal Blade","Cleave"],"picked":"Perfected Strike","floor":5.0},{"not_picked":["Thunderclap","Heavy Blade"],"picked":"Wild Strike","floor":7.0},{"not_picked":["True Grit","Cleave"],"picked":"Evolve","floor":8.0},{"not_picked":["Iron Wave","Thunderclap"],"picked":"Burning Pact","floor":11.0},{"not_picked":["Heavy Blade","Bludgeon"],"picked":"Second Wind","floor":14.0},{"not_picked":["Juggernaut","Barricade"],"picked":"Offering","floor":16.0},{"not_picked":["Anger","Clothesline"],"picked":"Power Through","floor":18.0},{"not_picked":["Perfected Strike","Headbutt"],"picked":"Shrug It Off","floor":19.0},{"not_picked":["Perfected Strike","Wild Strike"],"picked":"Headbutt","floor":21.0},{"not_picked":["Thunderclap","Wild Strike","Twin Strike"],"picked":"SKIP","floor":22.0},{"not_picked":["Ghostly Armor","Combust"],"picked":"Body Slam","floor":23.0},{"not_picked":["Pommel Strike","Metallicize","Clothesline"],"picked":"SKIP","floor":25},{"not_picked":["Body Slam+1","Searing Blow+1"],"picked":"Limit Break","floor":27},{"not_picked":["Fire Breathing","Second Wind","Metallicize"],"picked":"SKIP","floor":30},{"not_picked":["Body Slam+1","Cleave+1"],"picked":"Sentinel","floor":31},{"not_picked":["Offering","Reaper+1"],"picked":"Barricade","floor":33},{"not_picked":["Twin Strike+1"],"picked":"SKIP","floor":35},{"not_picked":["Evolve"],"picked":"SKIP","floor":39},{"not_picked":["Evolve"],"picked":"SKIP","floor":39},{"not_picked":["Infernal Blade"],"picked":"SKIP","floor":41},{"not_picked":[],"picked":"Heavy Blade+1","floor":46},{"not_picked":["Armaments"],"picked":"SKIP","floor":47}],"player_experience":387400,"relics_obtained":[{"floor":8.0,"key":"Orichalcum"},{"floor":9.0,"key":"Centennial Puzzle"},{"floor":10.0,"key":"CeramicFish"},{"floor":14.0,"key":"PreservedInsect"},{"floor":23.0,"key":"Happy Flower"},{"floor":25,"key":"Potion Belt"},{"floor":26,"key":"Molten Egg 2"},{"floor":27,"key":"Unceasing Top"},{"floor":27,"key":"The Courier"},{"floor":30,"key":"Whetstone"},{"floor":41,"key":"Art of War"},{"floor":43,"key":"Magic Flower"}],"event_choices":[{"damage_healed":0.0,"max_hp_gain":0.0,"max_hp_loss":0.0,"gold_gain":150.0,"event_name":"Liars Game","player_choice":"AGREE","floor":3.0,"gold_loss":0.0,"damage_taken":0.0,"cards_obtained":["Doubt"]},{"damage_healed":0.0,"max_hp_gain":0.0,"max_hp_loss":8.0,"gold_gain":0.0,"event_name":"Golden Idol","player_choice":"Lose Max HP","floor":4.0,"gold_loss":0.0,"damage_taken":0.0,"relics_obtained":["Golden Idol"]},{"damage_healed":0,"gold_gain":0,"player_choice":"Fight","damage_taken":0,"max_hp_gain":0,"max_hp_loss":0,"event_name":"Colosseum","floor":27,"gold_loss":0},{"damage_healed":0,"gold_gain":0,"player_choice":"Fought Nobs","damage_taken":0,"max_hp_gain":0,"max_hp_loss":0,"event_name":"Colosseum","floor":27,"gold_loss":0},{"damage_healed":0,"gold_gain":333,"player_choice":"Gave Idol","damage_taken":0,"max_hp_gain":0,"max_hp_loss":0,"event_name":"The Moai Head","floor":36,"relics_lost":["Golden Idol"],"gold_loss":0},{"cards_removed":["Body Slam"],"damage_healed":0,"gold_gain":0,"player_choice":"Removed Attack","damage_taken":0,"max_hp_gain":0,"max_hp_loss":0,"event_name":"Falling","floor":37,"gold_loss":0},{"damage_healed":0,"gold_gain":0,"player_choice":"Memory 3","damage_taken":10,"max_hp_gain":0,"max_hp_loss":0,"event_name":"SensoryStone","floor":38,"gold_loss":0},{"damage_healed":0,"gold_gain":0,"player_choice":"Max HP","damage_taken":0,"max_hp_gain":0,"max_hp_loss":4,"event_name":"Winding Halls","floor":48,"gold_loss":0}],"is_beta":false,"boss_relics":[{"not_picked":["Tiny House","Astrolabe"],"picked":"Pandora\u0027s Box"},{"not_picked":["Runic Cube","Black Blood"],"picked":"Busted Crown"}],"items_purged_floors":[12,20],"is_endless":false,"potions_floor_spawned":[2,7,8,16,18,21,23,27,33,39,47],"ascension_level":20}}