{"host":"dh4nu8nelr2izibb","time":1612997400,"event":{"mods":["BaseMod","Better Skull","Better Third Choice","Card Forge","Curses Come First","Displayed Cursed Tome","HololiveMod","Marisa????????","Minty Spire (QoL Compilation)","Poor People Problems","Quick Restart","Relic Filter","Reliquary","StSLib","WarShipGirlsR/????R mod","Yakumo Yukari mod"],"gold_per_floor":[134,152,171,190,190,190,215,215,292,367,386,405,423,444,444,533,533,558,558,578,601,52,52,52,90,90,0,0,0,0,0,0],"floor_reached":31,"language":"ENG","playtime":1134,"items_purged":["AT_purpleEX"],"score":486,"play_id":"e96c2f2b-e64a-4a47-9df8-b8df7a2a305a","local_time":"20210210175000","is_ascension_mode":true,"campfire_choices":[{"data":"Observe_purple_2","floor":6.0,"key":"SMITH"},{"floor":15.0,"key":"REST"},{"floor":23.0,"key":"REST"},{"floor":28.0,"key":"REST"}],"circlet_count":0,"master_deck":["AscendersBane","AT_purpleEX","AT_purpleEX","AT_purpleEX","Defend_purpleEX","Defend_purpleEX","Defend_purpleEX","Defend_purpleEX","Observe_purple_1","Observe_purple_2+1","Worldmountain_purple","OpenedBox_purple","Injury","Anti_communist_purple","ContainerChange_purple+1","StateErode_purple","Charmbait_purple+1","Boundary_DynamicStaticEquilibrium_purple+1","WangLiang_OokamiKakushi_purple","Nest_LightFlightworm_purple+1","Mirror_FourBoundary_purple","DimensionStaggered_purple","ProofOfUnderstanding_purple","Finesse","Ghostly","Ghostly","Ghostly","Umbrella_purple"],"relics":["Boundary_crack","Memoryfragments_purpleEX","Hammer of Thor","Seething Fire","Anvil of the Gods","Art of War","Golden Idol","Mummified Hand","reliquary:WritOfMandamus","Antimatter_spacedebris","Sundial","Ice Cream"],"acts_visited":["Exordium","TheCity"],"potions_floor_usage":[],"damage_taken":[{"damage":2.0,"enemies":"Jaw Worm","floor":1.0,"turns":4.0},{"damage":2.0,"enemies":"2 Louse","floor":2.0,"turns":3.0},{"damage":1.0,"enemies":"Small Slimes","floor":3.0,"turns":3.0},{"damage":10.0,"enemies":"Gremlin Gang","floor":4.0,"turns":6.0},{"damage":9.0,"enemies":"Blue Slaver","floor":7.0,"turns":5.0},{"damage":9.0,"enemies":"2 Fungi Beasts","floor":11.0,"turns":4.0},{"damage":13.0,"enemies":"Large Slime","floor":12.0,"turns":9.0},{"damage":4.0,"enemies":"Red Slaver","floor":13.0,"turns":3.0},{"damage":10.0,"enemies":"Exordium Thugs","floor":14.0,"turns":7.0},{"damage":18.0,"enemies":"Slime Boss","floor":16.0,"turns":12.0},{"damage":6.0,"enemies":"3 Byrds","floor":18.0,"turns":5.0},{"damage":21.0,"enemies":"Spheric Guardian","floor":20.0,"turns":4.0},{"damage":21.0,"enemies":"Centurion and Healer","floor":21.0,"turns":6.0},{"damage":22.0,"enemies":"Slavers","floor":25.0,"turns":5.0},{"damage":0,"enemies":"Snake Plant","floor":31,"turns":1}],"seed_played":"4177714889451707206","potions_obtained":[{"floor":3.0,"key":"SpeedPotion"},{"floor":7.0,"key":"Block Potion"},{"floor":12.0,"key":"RealmPotion"},{"floor":18.0,"key":"EntropicBrew"},{"floor":19.0,"key":"EssenceOfSteel"}],"is_trial":false,"path_per_floor":["M","M","M","M","?","R","M","?","T","?","M","M","M","M","R","B",null,"M","?","M","M","$","R","?","E","T","?","R","$","?","M"],"character_chosen":"Youkari","items_purchased":["DimensionStaggered_purple","ProofOfUnderstanding_purple","Antimatter_spacedebris","Finesse"],"campfire_rested":3,"item_purchase_floors":[22,22,22,22],"current_hp_per_floor":[58,57,57,49,49,49,42,42,42,31,24,16,14,7,26,8,51,47,47,26,5,5,24,24,3,3,3,12,12,12,12,12],"gold":0,"neow_bonus":"RANDOM_COMMON_RELIC","is_daily":false,"chose_seed":false,"campfire_upgraded":1,"win_rate":0.0,"timestamp":1612997400,"path_taken":["M","M","M","M","?","R","M","?","T","?","M","M","M","M","R","BOSS","M","?","M","?","$","R","?","E","T","?","R","$","?","M"],"items_purchased_type":["Card","Card","Relic","Card"],"build_version":"2020-12-22","purchased_purges":1,"victory":false,"max_hp_per_floor":[65,65,65,65,65,65,65,65,65,65,65,65,65,65,65,65,65,65,65,65,65,65,65,32,32,32,32,32,32,32,32,32],"card_choices":[{"not_picked":["MetroBOOM_purple","SharpContractionReality_purple"],"picked":"Worldmountain_purple","floor":1.0},{"not_picked":["Boundary_DreamRealityDamnation_purple","WorldDissolvedintheRealm_purple"],"picked":"OpenedBox_purple","floor":2.0},{"not_picked":["RealityDreamConfluencek_purple","Worldmountain_purple","ButterflyHabitatTemple_purple"],"picked":"SKIP","floor":3.0},{"not_picked":["SfantasyHide_purple","OpenedBox_purple","Realm_recovery_purpleEX"],"picked":"SKIP","floor":4.0},{"not_picked":["Mirror_Drifter_purple","PurpleNeedle_purple"],"picked":"Anti_communist_purple","floor":7.0},{"not_picked":["CommonSense_AntiCommonSense_purple","StateDuplicate_purple"],"picked":"ContainerChange_purple","floor":11.0},{"not_picked":["MetroBOOM_purple","DimensionStaggered_purple"],"picked":"StateErode_purple","floor":12.0},{"not_picked":["SharpContractionReality_purple","PurpleNeedle_purple"],"picked":"Charmbait_purple","floor":13.0},{"not_picked":["ExistenceContinue_purple","Realm_recovery_purpleEX"],"picked":"Boundary_DynamicStaticEquilibrium_purple","floor":14.0},{"not_picked":["Boundary_LifeAndDeath_purple","D_absorption_purple"],"picked":"WangLiang_OokamiKakushi_purple","floor":16.0},{"not_picked":["StateDuplicate_purple","MNeedle_purple+1","Boundary_LightAndDark_purple"],"picked":"SKIP","floor":18.0},{"not_picked":["Charmbait_purple","PurpleNeedle_purple+1"],"picked":"Nest_LightFlightworm_purple","floor":20.0},{"not_picked":["Fantasy_PerpetualMotionMachine_purple+1","Extrememeaning_purpleEX"],"picked":"Mirror_FourBoundary_purple","floor":21.0},{"not_picked":["StateErode_purple","Boundary_of_Extermination_purpleEX"],"picked":"Umbrella_purple","floor":25.0}],"player_experience":1098403,"relics_obtained":[{"floor":9.0,"key":"Mummified Hand"},{"floor":25.0,"key":"Sundial"},{"floor":26.0,"key":"Ice Cream"}],"event_choices":[{"damage_healed":0.0,"max_hp_gain":0.0,"max_hp_loss":0.0,"gold_gain":0.0,"event_name":"Golden Idol","player_choice":"Take Wound","floor":5.0,"gold_loss":0.0,"damage_taken":0.0,"relics_obtained":["Golden Idol"],"cards_obtained":["Injury"]},{"damage_healed":42.0,"max_hp_gain":0.0,"max_hp_loss":65.0,"gold_gain":0.0,"event_name":"betterThird:BetterShining","player_choice":"Leave","floor":8.0,"gold_loss":0.0,"damage_taken":0.0},{"damage_healed":0.0,"max_hp_gain":0.0,"max_hp_loss":0.0,"gold_gain":75.0,"event_name":"betterThird:BetterGoop","player_choice":"Gold","floor":10.0,"gold_loss":0.0,"damage_taken":11.0},{"damage_healed":0.0,"max_hp_gain":0.0,"max_hp_loss":0.0,"gold_gain":0.0,"event_name":"Lab","player_choice":"Got Potions","floor":19.0,"gold_loss":0.0,"damage_taken":0.0},{"damage_healed":0.0,"max_hp_gain":0.0,"max_hp_loss":33.0,"gold_gain":0.0,"event_name":"Ghosts","player_choice":"Became a Ghost","floor":24.0,"gold_loss":0.0,"damage_taken":0.0,"cards_obtained":["Ghostly","Ghostly","Ghostly"]},{"damage_healed":0.0,"max_hp_gain":0.0,"max_hp_loss":0.0,"gold_gain":0.0,"event_name":"Masked Bandits","player_choice":"Paid Fearfully","floor":27.0,"gold_loss":90.0,"damage_taken":0.0},{"damage_healed":0.0,"max_hp_gain":0.0,"max_hp_loss":0.0,"gold_gain":0.0,"event_name":"Upgrade Shrine","player_choice":"Upgraded","floor":30.0,"gold_loss":0.0,"damage_taken":0.0,"cards_upgraded":["Nest_LightFlightworm_purple"]}],"is_beta":false,"boss_relics":[{"not_picked":["SlaversCollar","Black Star"],"picked":"reliquary:WritOfMandamus"}],"items_purged_floors":[22],"is_endless":false,"potions_floor_spawned":[3,7,12,18,21],"killed_by":"Snake Plant","ascension_level":19}}