{"host":"t1puqh5lxz8sp6fn","time":1612925107,"event":{"mods":["AchievementEnabler","BaseMod","Colored Powertips","Minty Spire (QoL Compilation)","Rare Cards Sparkle","Relic Stats","StSLib"],"gold_per_floor":[113,132,28,40,40,72,82,100,100,100,100,118,118,136,136,207,207,226,226,226],"floor_reached":19,"playtime":597,"items_purged":[],"score":299,"play_id":"710e7f28-4f6d-40ce-8c53-cbd1cf4d519f","local_time":"20210209234507","is_ascension_mode":true,"campfire_choices":[{"floor":11.0,"key":"REST"},{"data":"A Thousand Cuts","floor":13.0,"key":"SMITH"},{"floor":15,"key":"REST"}],"circlet_count":0,"master_deck":["AscendersBane","Strike_G","Strike_G","Strike_G","Strike_G","Strike_G","Defend_G","Defend_G","Defend_G","Defend_G","Defend_G","Survivor","Neutralize","Cloak And Dagger","All Out Attack","Blade Dance","A Thousand Cuts+1","Noxious Fumes","Dagger Spray","Bane","Infinite Blades","Phantasmal Killer","Deflect"],"relics":["Ring of the Snake","NeowsBlessing","Sundial","Ancient Tea Set","Mummified Hand","SlaversCollar"],"acts_visited":["Exordium","TheCity"],"potions_floor_usage":[16,19],"damage_taken":[{"damage":0.0,"enemies":"Cultist","floor":1.0,"turns":1.0},{"damage":0.0,"enemies":"2 Louse","floor":2.0,"turns":1.0},{"damage":0.0,"enemies":"Small Slimes","floor":4.0,"turns":1.0},{"damage":58.0,"enemies":"Lagavulin","floor":6.0,"turns":7.0},{"damage":0.0,"enemies":"2 Fungi Beasts","floor":7.0,"turns":3.0},{"damage":3.0,"enemies":"Looter","floor":8.0,"turns":4.0},{"damage":0.0,"enemies":"Large Slime","floor":12.0,"turns":4.0},{"damage":0,"enemies":"Blue Slaver","floor":14,"turns":4},{"damage":5,"enemies":"Hexaghost","floor":16,"turns":9},{"damage":40,"enemies":"2 Thieves","floor":18,"turns":4},{"damage":33,"enemies":"Masked Bandits","floor":19,"turns":3}],"seed_played":"-5227296562598631161","potions_obtained":[{"floor":7.0,"key":"GamblersBrew"},{"floor":12.0,"key":"PowerPotion"},{"floor":16,"key":"BlessingOfTheForge"}],"is_trial":false,"path_per_floor":["M","M","?","M","?","E","M","M","T","?","R","M","R","M","R","B",null,"M","?"],"character_chosen":"THE_SILENT","items_purchased":[],"campfire_rested":2,"item_purchase_floors":[],"current_hp_per_floor":[59,59,59,59,64,6,6,3,3,3,24,24,24,24,45,40,63,23,0,0],"gold":226,"neow_bonus":"THREE_ENEMY_KILL","is_daily":false,"chose_seed":false,"campfire_upgraded":1,"win_rate":0.0,"timestamp":1612925107,"path_taken":["M","M","?","?","?","E","M","M","T","?","R","M","R","M","R","BOSS","M","?"],"items_purchased_type":[],"build_version":"2020-12-13","purchased_purges":0,"victory":false,"max_hp_per_floor":[66,66,66,66,71,71,71,71,71,71,71,71,71,71,71,71,71,71,71,71],"relic_stats":{"counters":[11,41],"Sundial":[4],"Mummified Hand":[12],"obtain_stats":[{"SlaversCollar":17,"NeowsBlessing":0,"Sundial":3,"Mummified Hand":9,"Ancient Tea Set":6,"Ring of the Snake":0},{"SlaversCollar":9,"NeowsBlessing":0,"Sundial":2,"Mummified Hand":6,"Ancient Tea Set":4,"Ring of the Snake":0},{"SlaversCollar":34,"NeowsBlessing":0,"Sundial":2,"Mummified Hand":17,"Ancient Tea Set":10,"Ring of the Snake":0}],"Ring of the Snake":[22]},"card_choices":[{"not_picked":["Underhanded Strike","Infinite Blades"],"picked":"Cloak And Dagger","floor":1.0},{"not_picked":["Flechettes","Underhanded Strike"],"picked":"All Out Attack","floor":2.0},{"not_picked":["Infinite Blades","Catalyst"],"picked":"Blade Dance","floor":4.0},{"not_picked":["Backflip","Wraith Form v2"],"picked":"A Thousand Cuts","floor":6.0},{"not_picked":["Leg Sweep","Infinite Blades"],"picked":"Noxious Fumes","floor":7.0},{"not_picked":["Flying Knee","Sucker Punch"],"picked":"Dagger Spray","floor":8.0},{"not_picked":["Deadly Poison","Poisoned Stab"],"picked":"Bane","floor":12.0},{"not_picked":["Blade Dance","Bane"],"picked":"Infinite Blades","floor":14},{"not_picked":["Grand Finale","Die Die Die"],"picked":"Phantasmal Killer","floor":16},{"not_picked":["Slice","Blade Dance"],"picked":"Deflect","floor":18}],"player_experience":498299,"relics_obtained":[{"floor":6.0,"key":"Ancient Tea Set"},{"floor":9.0,"key":"Mummified Hand"}],"event_choices":[{"damage_healed":0.0,"max_hp_gain":0.0,"max_hp_loss":0.0,"gold_gain":0.0,"event_name":"WeMeetAgain","player_choice":"Paid Gold","floor":3.0,"gold_loss":104.0,"damage_taken":0.0,"relics_obtained":["Sundial"]},{"damage_healed":0.0,"max_hp_gain":5.0,"max_hp_loss":0.0,"gold_gain":0.0,"event_name":"Big Fish","player_choice":"Donut","floor":5.0,"gold_loss":0.0,"damage_taken":0.0},{"damage_healed":0.0,"max_hp_gain":0.0,"max_hp_loss":0.0,"gold_gain":0.0,"event_name":"Shining Light","player_choice":"Ignored","floor":10.0,"gold_loss":0.0,"damage_taken":0.0},{"damage_healed":0,"gold_gain":0,"player_choice":"Fought Bandits","damage_taken":0,"max_hp_gain":0,"max_hp_loss":0,"event_name":"Masked Bandits","floor":19,"gold_loss":0}],"is_beta":false,"boss_relics":[{"not_picked":["Ectoplasm","Fusion Hammer"],"picked":"SlaversCollar"}],"items_purged_floors":[],"is_endless":false,"potions_floor_spawned":[7,12,16],"killed_by":"Masked Bandits","ascension_level":15}}