{"host":"i2ntsfwoh5q5m216","time":1612922254,"event":{"mods":["BaseMod","Colored Map","Downfall","Minty Spire (QoL Compilation)","StSLib"],"gold_per_floor":[0,10,21,35,46,60,87,187,637,667,681,699,699,715,727,830,830,830,840,840,840,857,857,910,929,946,999,409,437,457,457,477,477,477],"floor_reached":33,"language":"ENG","playtime":1580,"items_purged":["downfall:Icky"],"score":314,"play_id":"f19210f2-fdc8-46c7-8dad-fd0dfa67c750","local_time":"20210209195734","is_ascension_mode":true,"campfire_choices":[{"data":"hexamod:GhostOfSpirePresent","floor":1,"key":"SMITH"},{"floor":13,"key":"REST"},{"data":"hexamod:ForkedFlame","floor":18,"key":"SMITH"}],"circlet_count":0,"master_deck":["hexamod:Strike","hexamod:Strike","hexamod:Strike","hexamod:Strike","hexamod:Defend","hexamod:Defend+1","hexamod:Defend","hexamod:Defend","hexamod:Sear","hexamod:Float+1","hexamod:GhostOfSpirePresent+1","hexamod:FourthSeal","hexamod:GhostflameBarrier","hexamod:Hexaguard","hexamod:SpectralSpark","downfall:Icky","downfall:Icky","hexamod:ForkedFlame+1","hexamod:ShieldOfDarkness","hexamod:FirstSeal","hexamod:WildfireWeapon","hexamod:BacktrackSmack","hexamod:TimeOfNeed","hexamod:SkipABeat+1","hexamod:Rewind","hexamod:WildfireWeapon","hexamod:FastForward+1","Finesse","hexamod:GhostOfSpireFuture","hexamod:Hexaguard"],"relics":["hexamod:SpiritBrand","Potion Belt","War Paint","Calling Bell","Centennial Puzzle","Matryoshka","StoneCalendar","Dream Catcher","Blood Vial","Mercury Hourglass","MealTicket","Gremlin Horn","HandDrill","Pen Nib"],"acts_visited":["Exordium","TheCity"],"potions_floor_usage":[3,5,6,10,12,15,19,22,25,26,29,32,32,33,33],"damage_taken":[{"damage":0,"enemies":"Cultist","floor":2,"turns":3},{"damage":0,"enemies":"Jaw Worm","floor":3,"turns":4},{"damage":2,"enemies":"Small Slimes","floor":4,"turns":5},{"damage":0,"enemies":"Blue Slaver","floor":5,"turns":4},{"damage":6,"enemies":"3 Louse","floor":6,"turns":4},{"damage":33,"enemies":"Gremlin Nob","floor":10,"turns":5},{"damage":2,"enemies":"2 Fungi Beasts","floor":11,"turns":4},{"damage":0,"enemies":"Red Slaver","floor":12,"turns":4},{"damage":0,"enemies":"Blue Slaver","floor":14,"turns":5},{"damage":0,"enemies":"Gremlin Gang","floor":15,"turns":7},{"damage":6,"enemies":"SI_SHIV_ARCHETYPE","floor":16,"turns":8},{"damage":10,"enemies":"Spheric Guardian","floor":19,"turns":5},{"damage":25,"enemies":"Cultist and Chosen","floor":22,"turns":7},{"damage":14,"enemies":"Centurion and Healer","floor":25,"turns":7},{"damage":6,"enemies":"Sentry and Sphere","floor":26,"turns":4},{"damage":0,"enemies":"downfall:FleeingMerchant","floor":28,"turns":4},{"damage":50,"enemies":"Book of Stabbing","floor":29,"turns":6},{"damage":9,"enemies":"Snake Plant","floor":30,"turns":4},{"damage":11,"enemies":"3 Cultists","floor":32,"turns":5},{"damage":6,"enemies":"WA_ARCHETYPE_CALM","floor":33,"turns":5}],"seed_played":"-8408733145787646923","potions_obtained":[{"floor":2,"key":"Block Potion"},{"floor":3,"key":"Block Potion"},{"floor":3,"key":"Block Potion"},{"floor":4,"key":"Strength Potion"},{"floor":4,"key":"hexamod:EctoCoolerPotion"},{"floor":5,"key":"BlessingOfTheForge"},{"floor":6,"key":"LiquidBronze"},{"floor":10,"key":"ColorlessPotion"},{"floor":10,"key":"hexamod:EctoCoolerPotion"},{"floor":12,"key":"DuplicationPotion"},{"floor":14,"key":"Block Potion"},{"floor":15,"key":"Fire Potion"},{"floor":16,"key":"AttackPotion"},{"floor":19,"key":"Strength Potion"},{"floor":19,"key":"CultistPotion"},{"floor":21,"key":"CultistPotion"},{"floor":22,"key":"Slimebound:ThreeZeroPotion"},{"floor":25,"key":"Slimebound:ThreeZeroPotion"},{"floor":26,"key":"SteroidPotion"},{"floor":29,"key":"Dexterity Potion"},{"floor":30,"key":"DistilledChaos"},{"floor":32,"key":"Dexterity Potion"},{"floor":32,"key":"Guardian:BlockOnCardUsePotion"}],"is_trial":false,"path_per_floor":["R","M","M","M","M","M","T","?","?","E","M","M","R","M","M","B",null,"R","M","?","?","M","?","T","M","M","T","$","E","M","?","M","B"],"character_chosen":"THE_SPIRIT","items_purchased":["Gremlin Horn","Finesse","HandDrill"],"campfire_rested":1,"item_purchase_floors":[28,28,28],"current_hp_per_floor":[70,70,70,68,68,62,62,62,62,29,27,27,48,55,62,63,70,70,67,67,67,49,36,36,31,34,34,58,17,10,10,1,0,0],"gold":477,"neow_bonus":"THREE_RARE_CARDS","is_daily":false,"chose_seed":false,"campfire_upgraded":2,"win_rate":0.0,"timestamp":1612922254,"path_taken":["R","M","M","?","M","M","T","?","?","E","M","M","R","M","M","BOSS","R","M","?","?","M","?","T","M","M","?","$","E","M","?","M","BOSS"],"items_purchased_type":["Relic","Card","Relic"],"build_version":"2020-12-22","purchased_purges":1,"victory":false,"max_hp_per_floor":[70,70,70,70,70,70,70,70,70,70,70,70,70,70,70,70,70,70,70,70,70,70,75,75,75,75,75,75,75,75,75,75,75,75],"card_choices":[{"not_picked":["hexamod:TimeWarp","hexamod:WildfireWeapon"],"picked":"hexamod:GhostOfSpirePresent","floor":0},{"not_picked":["hexamod:SoulSteal","hexamod:NightmareStrike"],"picked":"hexamod:FourthSeal","floor":2},{"not_picked":["hexamod:NightmareStrike","hexamod:AdvancingGuard"],"picked":"hexamod:GhostflameBarrier","floor":3},{"not_picked":["hexamod:GhostLash","hexamod:AdvancingGuard"],"picked":"hexamod:Hexaguard","floor":4},{"not_picked":["hexamod:PowerFromBeyond","hexamod:SuperheatedStrike"],"picked":"hexamod:SpectralSpark","floor":5},{"not_picked":["hexamod:NightmareStrike","hexamod:GhostLash","hexamod:ExtraCrispy"],"picked":"SKIP","floor":6},{"not_picked":["hexamod:GhostLash","hexamod:EtherealExpedition"],"picked":"hexamod:ForkedFlame","floor":10},{"not_picked":["hexamod:PhantomFireball","hexamod:ThermalTransfer"],"picked":"hexamod:ShieldOfDarkness","floor":11},{"not_picked":["hexamod:FlamesFromBeyond","hexamod:SuperheatedStrike"],"picked":"hexamod:FirstSeal","floor":12},{"not_picked":["hexamod:SwordOfDarkness","hexamod:NightmareStrike"],"picked":"hexamod:WildfireWeapon","floor":14},{"not_picked":["hexamod:HeatMetal","hexamod:SwordOfDarkness"],"picked":"hexamod:BacktrackSmack","floor":15},{"not_picked":["hexamod:GhostOfSpirePresent","hexamod:GiftsFromTheDead"],"picked":"hexamod:TimeOfNeed","floor":16},{"not_picked":["hexamod:GhostShield","hexamod:ChargedBarrage","hexamod:Toasty"],"picked":"SKIP","floor":19},{"not_picked":["hexamod:GhostShield+1","hexamod:RetreatToShadows"],"picked":"hexamod:SkipABeat+1","floor":22},{"not_picked":["hexamod:AdvancingGuard","hexamod:NightmareGuise"],"picked":"hexamod:Rewind","floor":25},{"not_picked":["hexamod:SoulSteal","hexamod:HeatMetal"],"picked":"hexamod:WildfireWeapon","floor":26},{"not_picked":["hexamod:Hexaguard","hexamod:PhantomFireball"],"picked":"hexamod:FastForward+1","floor":28},{"not_picked":["hexamod:SearingWound","hexamod:BacktrackSmack","hexamod:HeatShield"],"picked":"SKIP","floor":29},{"not_picked":["hexamod:ShieldOfDarkness+1","hexamod:RecurringNightmare"],"picked":"hexamod:GhostOfSpireFuture","floor":30},{"not_picked":["hexamod:FirstSeal","hexamod:NightmareGuise"],"picked":"hexamod:Hexaguard","floor":32}],"player_experience":65227,"relics_obtained":[{"floor":7,"key":"Potion Belt"},{"floor":10,"key":"War Paint"},{"floor":17,"key":"Centennial Puzzle"},{"floor":17,"key":"Matryoshka"},{"floor":17,"key":"StoneCalendar"},{"floor":24,"key":"Dream Catcher"},{"floor":24,"key":"Blood Vial"},{"floor":27,"key":"Mercury Hourglass"},{"floor":27,"key":"MealTicket"},{"floor":29,"key":"Pen Nib"}],"event_choices":[],"is_beta":false,"boss_relics":[{"not_picked":["hexamod:UnbrokenSoul","Black Star"],"picked":"Calling Bell"}],"items_purged_floors":[28],"is_endless":false,"potions_floor_spawned":[2,3,4,10,14,19,26,30,32],"killed_by":"WA_ARCHETYPE_CALM","ascension_level":1}}