{"host":"iphsb0ccnjx0pfn6","time":1612973013,"event":{"mods":["2.2 Compatiblity","AchievementEnabler","BaseMod","Colored Map","DeckTracker","Keyboard Shortcuts","Minty Spire (QoL Compilation)","Permanent Neow","Quick Restart","Relic Stats","StSLib","SuperFastMode","Uncapped","everything is the same but u backflip on backflip"],"gold_per_floor":[109,123,48,59,59,59,73,73,148,189,189,215,215,215],"floor_reached":13,"language":"KOR","playtime":305,"items_purged":[],"score":166,"play_id":"0600f94d-2459-4dd5-bdbb-9ea5479556ac","local_time":"20210211010333","is_ascension_mode":true,"campfire_choices":[{"data":"Eruption","floor":6,"key":"SMITH"},{"data":"CrushJoints","floor":8,"key":"SMITH"},{"data":"Fasting2","floor":11,"key":"SMITH"}],"circlet_count":0,"master_deck":["AscendersBane","Strike_P","Strike_P","Defend_P","Defend_P","Defend_P","Eruption+1","Vigilance","Fasting2+1","WaveOfTheHand","EmptyBody","BowlingBash","Halt","CrushJoints+1","DeusExMachina","Perseverance"],"relics":["PureWater","Golden Idol","Ornamental Fan","Boot","Odd Mushroom"],"acts_visited":["Exordium"],"potions_floor_usage":[12,12],"damage_taken":[{"damage":2.0,"enemies":"Jaw Worm","floor":1.0,"turns":4.0},{"damage":0.0,"enemies":"2 Louse","floor":2.0,"turns":4.0},{"damage":0,"enemies":"Small Slimes","floor":4,"turns":5},{"damage":4,"enemies":"2 Fungi Beasts","floor":7,"turns":4},{"damage":18,"enemies":"Lagavulin","floor":10,"turns":11},{"damage":0,"enemies":"The Mushroom Lair","floor":12,"turns":1},{"damage":48,"enemies":"Gremlin Nob","floor":13,"turns":3}],"seed_played":"-8688795937968858668","potions_obtained":[{"floor":2,"key":"Explosive Potion"},{"floor":10,"key":"Explosive Potion"}],"is_trial":false,"path_per_floor":["M","M","?","M","?","R","M","R","T","E","R","?","E"],"character_chosen":"WATCHER","items_purchased":[],"campfire_rested":0,"item_purchase_floors":[],"current_hp_per_floor":[59,59,59,59,56,56,52,52,52,34,34,34,0,0],"gold":215,"neow_bonus":"TRANSFORM_TWO_CARDS","is_daily":false,"chose_seed":false,"campfire_upgraded":3,"win_rate":0.0,"timestamp":1612973013,"path_taken":["M","M","?","M","?","R","M","R","T","E","R","?","E"],"items_purchased_type":[],"build_version":"2020-12-22","purchased_purges":0,"victory":false,"max_hp_per_floor":[62,62,62,62,56,56,56,56,56,56,56,56,56,56],"relic_stats":{"counters":[7,32],"Golden Idol":16,"Ornamental Fan":[8],"Boot":[0],"obtain_stats":[{"Golden Idol":5,"Ornamental Fan":9,"PureWater":0,"Odd Mushroom":12,"Boot":10},{"Golden Idol":3,"Ornamental Fan":4,"PureWater":0,"Odd Mushroom":6,"Boot":5},{"Golden Idol":13,"Ornamental Fan":17,"PureWater":0,"Odd Mushroom":29,"Boot":28}]},"card_choices":[{"not_picked":["ThirdEye","PathToVictory"],"picked":"EmptyBody","floor":1.0},{"not_picked":["CutThroughFate","PathToVictory"],"picked":"BowlingBash","floor":2},{"not_picked":["FlyingSleeves","Protect"],"picked":"Halt","floor":4},{"not_picked":["SandsOfTime","ClearTheMind"],"picked":"CrushJoints","floor":7},{"not_picked":["Crescendo","InnerPeace"],"picked":"DeusExMachina","floor":10},{"not_picked":["Worship","Protect"],"picked":"Perseverance","floor":12}],"player_experience":1302665,"relics_obtained":[{"floor":9,"key":"Ornamental Fan"},{"floor":10,"key":"Boot"},{"floor":12,"key":"Odd Mushroom"}],"event_choices":[{"cards_removed":["Strike_P"],"damage_healed":0,"gold_gain":0,"player_choice":"Card Removal","damage_taken":0,"max_hp_gain":0,"max_hp_loss":0,"event_name":"The Cleric","floor":3,"gold_loss":75},{"damage_healed":0,"gold_gain":0,"player_choice":"Lose Max HP","damage_taken":0,"relics_obtained":["Golden Idol"],"max_hp_gain":0,"max_hp_loss":6,"event_name":"Golden Idol","floor":5,"gold_loss":0},{"damage_healed":0,"gold_gain":0,"player_choice":"Fought Mushrooms","damage_taken":0,"max_hp_gain":0,"max_hp_loss":0,"event_name":"Mushrooms","floor":12,"gold_loss":0}],"is_beta":false,"boss_relics":[],"items_purged_floors":[],"is_endless":false,"potions_floor_spawned":[2,10],"killed_by":"Gremlin Nob","ascension_level":20}}