{"host":"zhec3g4cvsmevugl","time":1612943099,"event":{"mods":["BaseMod","BetterRewards","Minty Spire (QoL Compilation)","Relic Stats","Slay-I","StSLib"],"gold_per_floor":[144,319,319,319,69,159,159,249,249,294,339,304,394,394,394,694,694,739,689,734,734,734],"floor_reached":21,"language":"ENG","playtime":1309,"items_purged":[],"score":220,"play_id":"7be893ab-da08-4df1-85c8-4d6ba5c0ef1d","local_time":"20210210154459","daily_mods":["SealedDeck","Purple Cards","Midas"],"is_ascension_mode":false,"campfire_choices":[{"floor":7,"key":"REST"},{"floor":15,"key":"REST"}],"circlet_count":0,"master_deck":["Bouncing Flask","Backflip","Backflip","Dagger Throw","Riddle With Holes","PiercingWail","Cloak And Dagger","Dagger Throw","Infinite Blades","Blade Dance","FollowUp","Doubt","Flying Knee","Neutralize","Bandage Up","Alpha","Ragnarok","Wallop","Underhanded Strike","Envenom","Noxious Fumes+1"],"relics":["Ring of the Snake","Singing Bowl","Snake Skull","Vajra","Centennial Puzzle","PreservedInsect","Eternal Feather","WristBlade"],"acts_visited":["Exordium","TheCity"],"potions_floor_usage":[16,20,20,20],"damage_taken":[{"damage":5,"enemies":"Jaw Worm","floor":1,"turns":3},{"damage":16,"enemies":"Gremlin Nob","floor":6,"turns":4},{"damage":24,"enemies":"Lagavulin","floor":8,"turns":4},{"damage":1,"enemies":"Small Slimes","floor":10,"turns":2},{"damage":0,"enemies":"Cultist","floor":11,"turns":2},{"damage":22,"enemies":"3 Sentries","floor":13,"turns":3},{"damage":45,"enemies":"Slime Boss","floor":16,"turns":7},{"damage":58,"enemies":"3 Byrds","floor":18,"turns":5},{"damage":8,"enemies":"2 Thieves","floor":20,"turns":3},{"damage":21,"enemies":"Snake Plant","floor":21,"turns":3}],"seed_played":"-5810517303651203205","potions_obtained":[{"floor":1,"key":"PowerPotion"},{"floor":10,"key":"Strength Potion"},{"floor":16,"key":"Ancient Potion"},{"floor":18,"key":"Swift Potion"}],"is_trial":false,"path_per_floor":["M","?","?","?","$","E","R","E","T","M","M","?","E","?","R","B",null,"M","?","M","M"],"character_chosen":"THE_SILENT","items_purchased":["Singing Bowl"],"campfire_rested":2,"item_purchase_floors":[5],"current_hp_per_floor":[65,65,65,65,65,53,70,46,46,45,49,66,50,43,72,31,72,20,20,16,0,0],"gold":734,"neow_bonus":"","is_daily":true,"chose_seed":false,"campfire_upgraded":0,"win_rate":0.0,"timestamp":1612943099,"path_taken":["M","?","?","?","$","E","R","E","T","?","M","?","E","?","R","BOSS","M","?","?","M"],"items_purchased_type":["Relic"],"build_version":"2020-12-22","purchased_purges":0,"victory":false,"max_hp_per_floor":[70,70,70,70,70,70,70,70,70,70,70,70,72,72,72,72,72,74,74,74,74,74],"relic_stats":{"Centennial Puzzle":[18],"Singing Bowl":4,"counters":[10,36],"Eternal Feather":9,"Snake Skull":[17],"PreservedInsect":0,"obtain_stats":[{"Centennial Puzzle":9,"Singing Bowl":5,"WristBlade":17,"Vajra":8,"Eternal Feather":14,"Snake Skull":6,"PreservedInsect":13,"Ring of the Snake":0},{"Centennial Puzzle":3,"Singing Bowl":1,"WristBlade":7,"Vajra":3,"Eternal Feather":6,"Snake Skull":2,"PreservedInsect":6,"Ring of the Snake":0},{"Centennial Puzzle":11,"Singing Bowl":3,"WristBlade":25,"Vajra":11,"Eternal Feather":18,"Snake Skull":7,"PreservedInsect":18,"Ring of the Snake":0}],"Ring of the Snake":[20]},"card_choices":[{"not_picked":["EmptyBody","Dagger Throw"],"picked":"FollowUp","floor":1},{"not_picked":["CrushJoints","Grand Finale"],"picked":"Alpha","floor":6},{"not_picked":["Meditate","WreathOfFlame"],"picked":"Ragnarok","floor":8},{"not_picked":["Dagger Throw","Dodge and Roll"],"picked":"Wallop","floor":10},{"not_picked":["LikeWater","FlyingSleeves"],"picked":"Underhanded Strike","floor":11},{"not_picked":["Acrobatics","Riddle With Holes","SashWhip"],"picked":"Singing Bowl","floor":13},{"not_picked":["Adrenaline","Wish"],"picked":"Envenom","floor":16},{"not_picked":["EmptyMind","WindmillStrike","FlyingSleeves"],"picked":"Singing Bowl","floor":18},{"not_picked":["Reflex","FlurryOfBlows"],"picked":"Noxious Fumes+1","floor":20}],"player_experience":249925,"relics_obtained":[{"floor":6,"key":"Snake Skull"},{"floor":8,"key":"Vajra"},{"floor":9,"key":"Centennial Puzzle"},{"floor":13,"key":"PreservedInsect"}],"event_choices":[{"damage_healed":0,"gold_gain":175,"player_choice":"AGREE","damage_taken":0,"max_hp_gain":0,"max_hp_loss":0,"event_name":"Liars Game","floor":2,"gold_loss":0,"cards_obtained":["Doubt"]},{"damage_healed":0,"gold_gain":0,"player_choice":"Ignored","damage_taken":0,"max_hp_gain":0,"max_hp_loss":0,"event_name":"Golden Wing","floor":3,"gold_loss":0},{"damage_healed":0,"gold_gain":0,"player_choice":"3 cards matched","damage_taken":0,"max_hp_gain":0,"max_hp_loss":0,"event_name":"Match and Keep!","floor":4,"gold_loss":0,"cards_obtained":["Flying Knee","Neutralize","Bandage Up"]},{"damage_healed":17,"gold_gain":0,"player_choice":"Healed","damage_taken":0,"max_hp_gain":0,"max_hp_loss":0,"event_name":"The Cleric","floor":12,"gold_loss":35},{"damage_healed":0,"gold_gain":0,"player_choice":"Success","damage_taken":7,"relics_obtained":["Eternal Feather"],"max_hp_gain":0,"max_hp_loss":0,"event_name":"Scrap Ooze","floor":14,"gold_loss":0},{"damage_healed":0,"gold_gain":0,"player_choice":"Bet on Murderer","damage_taken":0,"max_hp_gain":0,"max_hp_loss":0,"event_name":"The Joust","floor":19,"gold_loss":50}],"is_beta":false,"boss_relics":[{"not_picked":["Ring of the Serpent","Philosopher\u0027s Stone"],"picked":"WristBlade"}],"items_purged_floors":[],"is_endless":false,"potions_floor_spawned":[1,10,16,18],"killed_by":"Snake Plant","ascension_level":0}}