{"host":"zlqt5v02sur1j944","time":1612941800,"event":{"mods":["BaseMod","Highlight Path","Minty Spire (QoL Compilation)","Relic Stats","StSLib"],"gold_per_floor":[113,113,26,26,101,101,145,145,198,239,239,280,301,320,320,411,411,432,472,472,490,405,405,438,438,462,462,462],"floor_reached":27,"language":"ENG","playtime":1220,"items_purged":[],"score":590,"play_id":"766fe816-85c4-4fe6-bb54-faf4710d7521","local_time":"20210209232320","is_ascension_mode":true,"campfire_choices":[{"data":"Bash","floor":6,"key":"SMITH"},{"data":"Headbutt","floor":8,"key":"SMITH"},{"data":"Power Through","floor":11,"key":"SMITH"},{"data":"Reckless Charge","floor":15,"key":"SMITH"},{"floor":23,"key":"REST"},{"floor":25,"key":"REST"}],"circlet_count":0,"master_deck":["AscendersBane","Strike_R+1","Strike_R","Strike_R","Strike_R","Strike_R","Defend_R","Defend_R","Defend_R","Defend_R","Bash+1","Headbutt+1","Feel No Pain+1","Power Through+1","Dark Embrace","Reckless Charge+1","Feed","Impervious","Reckless Charge+1","Disarm","Disarm","Warcry+1"],"relics":["Burning Blood","NeowsBlessing","Golden Idol","Kunai","Ancient Tea Set","Gremlin Horn","Fusion Hammer","Red Mask","The Courier","Frozen Egg 2","Blood Vial"],"acts_visited":["Exordium","TheCity"],"potions_floor_usage":[16,16,16,21,24],"damage_taken":[{"damage":0,"enemies":"Small Slimes","floor":1,"turns":1},{"damage":0,"enemies":"3 Sentries","floor":7,"turns":2},{"damage":0,"enemies":"Gremlin Nob","floor":10,"turns":1},{"damage":23,"enemies":"Lagavulin","floor":12,"turns":8},{"damage":9,"enemies":"Jaw Worm","floor":13,"turns":3},{"damage":5,"enemies":"2 Louse","floor":14,"turns":4},{"damage":26,"enemies":"Slime Boss","floor":16,"turns":12},{"damage":3,"enemies":"Chosen","floor":18,"turns":7},{"damage":35,"enemies":"Masked Bandits","floor":19,"turns":7},{"damage":15,"enemies":"Shell Parasite","floor":21,"turns":9},{"damage":38,"enemies":"Gremlin Leader","floor":24,"turns":11},{"damage":51,"enemies":"Book of Stabbing","floor":27,"turns":7}],"seed_played":"2378729322594505698","potions_obtained":[{"floor":7,"key":"EntropicBrew"},{"floor":14,"key":"BlessingOfTheForge"},{"floor":19,"key":"Swift Potion"},{"floor":24,"key":"FearPotion"}],"is_trial":false,"path_per_floor":["M","?","$","?","?","R","E","R","T","E","R","E","M","M","R","B",null,"M","?","?","M","?","R","E","R","T","E"],"character_chosen":"IRONCLAD","items_purchased":["Feel No Pain"],"campfire_rested":2,"item_purchase_floors":[3],"current_hp_per_floor":[74,68,68,48,37,37,43,43,43,49,49,32,29,30,30,14,58,64,38,38,32,32,56,24,48,48,0,0],"gold":462,"neow_bonus":"THREE_ENEMY_KILL","is_daily":false,"chose_seed":false,"campfire_upgraded":4,"win_rate":0.0,"timestamp":1612941800,"path_taken":["M","?","$","?","?","R","E","R","T","E","R","E","M","M","R","BOSS","M","?","?","M","?","R","E","R","T","E"],"items_purchased_type":["Card"],"build_version":"2020-12-22","purchased_purges":0,"victory":false,"max_hp_per_floor":[75,68,68,68,68,68,68,68,68,68,68,68,68,68,68,72,72,75,78,78,81,81,81,81,81,81,81,81],"relic_stats":{"Blood Vial":2,"Gremlin Horn":[15,15],"counters":[12,72],"Golden Idol":74,"Kunai":[22],"obtain_stats":[{"Blood Vial":26,"NeowsBlessing":0,"Gremlin Horn":12,"Golden Idol":2,"Fusion Hammer":17,"The Courier":22,"Red Mask":19,"Kunai":7,"Frozen Egg 2":24,"Ancient Tea Set":10,"Burning Blood":0},{"Blood Vial":11,"NeowsBlessing":0,"Gremlin Horn":4,"Golden Idol":1,"Fusion Hammer":7,"The Courier":10,"Red Mask":9,"Kunai":2,"Frozen Egg 2":11,"Ancient Tea Set":3,"Burning Blood":0},{"Blood Vial":65,"NeowsBlessing":0,"Gremlin Horn":12,"Golden Idol":1,"Fusion Hammer":31,"The Courier":54,"Red Mask":45,"Kunai":3,"Frozen Egg 2":65,"Ancient Tea Set":4,"Burning Blood":0}],"Burning Blood":66},"card_choices":[{"not_picked":["Clash","Shrug It Off"],"picked":"Headbutt","floor":1},{"not_picked":["Rage","Metallicize","Warcry"],"picked":"SKIP","floor":7},{"not_picked":["Armaments","Body Slam"],"picked":"Power Through","floor":10},{"not_picked":["Fire Breathing","Havoc"],"picked":"Dark Embrace","floor":12},{"not_picked":["Carnage","Flex"],"picked":"Reckless Charge","floor":13},{"not_picked":["Iron Wave","Body Slam"],"picked":"Feed","floor":14},{"not_picked":["Juggernaut","Immolate"],"picked":"Impervious","floor":16},{"not_picked":["Pummel","Havoc"],"picked":"Reckless Charge+1","floor":18},{"not_picked":["Seeing Red","Dual Wield"],"picked":"Disarm","floor":21},{"not_picked":["Cleave","Perfected Strike+1"],"picked":"Warcry+1","floor":24}],"player_experience":1236404,"relics_obtained":[{"floor":7,"key":"Kunai"},{"floor":10,"key":"Ancient Tea Set"},{"floor":12,"key":"Gremlin Horn"},{"floor":19,"key":"Red Mask"},{"floor":24,"key":"Frozen Egg 2"},{"floor":26,"key":"Blood Vial"}],"event_choices":[{"damage_healed":0,"gold_gain":0,"player_choice":"Lose Max HP","damage_taken":0,"relics_obtained":["Golden Idol"],"max_hp_gain":0,"max_hp_loss":7,"event_name":"Golden Idol","floor":2,"gold_loss":0},{"damage_healed":0,"gold_gain":0,"player_choice":"Entered Light","damage_taken":20,"max_hp_gain":0,"max_hp_loss":0,"event_name":"Shining Light","floor":4,"gold_loss":0,"cards_upgraded":["Strike_R","Feel No Pain"]},{"damage_healed":0,"gold_gain":75,"player_choice":"Gather Gold","damage_taken":11,"max_hp_gain":0,"max_hp_loss":0,"event_name":"World of Goop","floor":5,"gold_loss":0},{"damage_healed":0,"gold_gain":0,"player_choice":"Fought Bandits","damage_taken":0,"max_hp_gain":0,"max_hp_loss":0,"event_name":"Masked Bandits","floor":19,"gold_loss":0},{"damage_healed":0,"gold_gain":0,"player_choice":"Read","damage_taken":0,"max_hp_gain":0,"max_hp_loss":0,"event_name":"The Library","floor":20,"gold_loss":0,"cards_obtained":["Disarm"]},{"damage_healed":0,"gold_gain":0,"player_choice":"Obtained Relic","damage_taken":0,"relics_obtained":["The Courier"],"max_hp_gain":0,"max_hp_loss":0,"event_name":"Addict","floor":22,"gold_loss":85}],"is_beta":false,"boss_relics":[{"not_picked":["Runic Cube","SlaversCollar"],"picked":"Fusion Hammer"}],"items_purged_floors":[],"is_endless":false,"potions_floor_spawned":[7,14,19,24],"killed_by":"Book of Stabbing","ascension_level":20}}