{"host":"ydb2tj77qwtn71sy","time":1612977344,"event":{"mods":["2.2 Compatiblity","AchievementEnabler","Aspiration","BaseMod","Bestiary","Better Note","Better Skull","Better Third Choice","BetterRewards","Colored Map","Colored Powertips","Conspire","DeckTracker","Displayed Cursed Tome","Infinite Spire","Lobotomy","Minty Spire (QoL Compilation)","Relic Stats","Replay The Spire","Spicy Shops","StSLib","The Blue Laboratory","Uncapped"],"gold_per_floor":[113,128,144,161,172,203,203,228,278,291,304,334,364,399,399,496,496,507,524,24,37,54,81,81,110,110,124,137,182,193,224,224,329,329,351,364,381,397,424,450,461,461,461,474,507,523,523,548,548,556],"floor_reached":51,"language":"ENG","playtime":3077,"items_purged":[],"score":2084,"play_id":"9edbce56-d7bb-464f-ae70-b637916794c1","local_time":"20210211021544","is_ascension_mode":true,"campfire_choices":[{"floor":7,"key":"REST"},{"floor":15,"key":"REST"},{"floor":24,"key":"REST"},{"data":"A Thousand Cuts","floor":32,"key":"SMITH"},{"data":"Wraith Form v2","floor":47,"key":"SMITH"},{"floor":49,"key":"REST"}],"circlet_count":0,"master_deck":["AscendersBane","Strike_G","Strike_G","Strike_G","Strike_G","Strike_G","Defend_G","Defend_G","Defend_G","Defend_G","Defend_G","Survivor","Neutralize","Dagger Spray","Cloak And Dagger","Dramatic Entrance","All Out Attack","Poisoned Stab","Backstab","infinitespire:Neurotoxin","Flying Knee","Poisoned Stab","Fluid Movement","Cloak And Dagger","Blade Dance","Replay:Poison Smokescreen","Backflip","Catalyst","Acrobatics","A Thousand Cuts+1","Deflect","Cloak And Dagger","Panache","Quick Slash+1","Flying Knee+1","Poisoned Stab","Blade Dance","Outmaneuver","Noxious Fumes","Grand Finale","Outmaneuver+1","Slice+1","Underhanded Strike","Envenom","Backflip+1","Hidden Blade+1","PiercingWail","Predator+1","Wraith Form v2","Cloak And Dagger","Finisher","Good Instincts","Predator+1","Wraith Form v2+1","Draining Mist+1","Sneak Up"],"relics":["Ring of the Snake","conspire:DeflatedDodgeball","Garlic","Replay:Rubber Ducky","Pen Nib","Omamori","Blue Doll","ReplayFunnel","Oddly Smooth Stone","Replay:Bottled Flurry","Mummified Hand","aspiration:PoetsPen","Byrd Skull","aspiration:Lifesprig","Happy Flower","Ancient Tea Set","infinitespire:Midas Blood","aspiration:HummingbirdHeart","Regal Pillow","Replay:Bronze Core","Vajra","Shuriken","Bag of Preparation","Blue Candle"],"acts_visited":["Exordium","TheCity","TheBeyond"],"potions_floor_usage":[13,14,46],"damage_taken":[{"damage":11,"enemies":"conspire:RoseBush","floor":1,"turns":2},{"damage":0,"enemies":"2 Louse","floor":2,"turns":1},{"damage":0,"enemies":"infinitespire:Voidling","floor":3,"turns":2},{"damage":0,"enemies":"Lots of Slimes","floor":4,"turns":2},{"damage":0,"enemies":"Looter","floor":5,"turns":2},{"damage":25,"enemies":"Replay:BlueRogue","floor":6,"turns":6},{"damage":23,"enemies":"Gremlin Nob","floor":8,"turns":4},{"damage":0,"enemies":"3 Louse","floor":10,"turns":1},{"damage":0,"enemies":"Large Slime","floor":11,"turns":4},{"damage":0,"enemies":"3 Sentries","floor":12,"turns":1},{"damage":16,"enemies":"conspire:MimicChest","floor":13,"turns":6},{"damage":6,"enemies":"Gremlin Nob","floor":14,"turns":3},{"damage":10,"enemies":"Slime Boss","floor":16,"turns":12},{"damage":0,"enemies":"Chosen","floor":18,"turns":3},{"damage":0,"enemies":"2 Thieves","floor":19,"turns":3},{"damage":0,"enemies":"Snake Plant","floor":21,"turns":1},{"damage":0,"enemies":"Chosen and Byrds","floor":22,"turns":2},{"damage":0,"enemies":"Gremlin Leader","floor":23,"turns":2},{"damage":0,"enemies":"conspire:SneckoGhost","floor":25,"turns":2},{"damage":0,"enemies":"Centurion and Healer","floor":27,"turns":2},{"damage":0,"enemies":"Sentry and Sphere","floor":28,"turns":1},{"damage":0,"enemies":"conspire:HollyBat","floor":30,"turns":6},{"damage":0,"enemies":"conspire:Head Lice","floor":31,"turns":2},{"damage":0,"enemies":"Automaton","floor":33,"turns":3},{"damage":4,"enemies":"3 Shapes","floor":35,"turns":1},{"damage":0,"enemies":"3 Darklings","floor":36,"turns":1},{"damage":0,"enemies":"Spire Growth","floor":37,"turns":2},{"damage":0,"enemies":"Writhing Mass","floor":38,"turns":3},{"damage":10,"enemies":"4 Shapes","floor":39,"turns":2},{"damage":0,"enemies":"R_Hoarder","floor":40,"turns":5},{"damage":0,"enemies":"Transient","floor":41,"turns":5},{"damage":0,"enemies":"3 Darklings","floor":44,"turns":1},{"damage":0,"enemies":"Reptomancer","floor":45,"turns":1},{"damage":0,"enemies":"Maw","floor":46,"turns":1},{"damage":0,"enemies":"Nemesis","floor":48,"turns":1},{"damage":10,"enemies":"infinitespire:MassOfShapes","floor":50,"turns":5}],"seed_played":"-6876095287969213122","potions_obtained":[{"floor":1,"key":"blueLaboratory:EnvenomedCoating"},{"floor":5,"key":"blueLaboratory:PhilterOfMotion"},{"floor":10,"key":"Fire Potion"},{"floor":13,"key":"FearPotion"},{"floor":19,"key":"ColorlessPotion"},{"floor":46,"key":"Fruit Juice"},{"floor":48,"key":"blueLaboratory:BottleOfVodka"}],"is_trial":false,"path_per_floor":["M","M","M","M","M","E","R","E","T","M","M","E","?","E","R","B",null,"M","M","$","M","M","E","R","E","T","M","M","?","M","E","R","B",null,"M","M","M","M","M","E","M","?","T","M","E","M","R","E","R","B",null],"character_chosen":"THE_SILENT","items_purchased":["Dagger Spray","Cloak And Dagger","Dramatic Entrance","conspire:DeflatedDodgeball","Garlic","Replay:Rubber Ducky","Pen Nib","Omamori","All Out Attack","Byrd Skull","aspiration:Lifesprig","Panache"],"campfire_rested":4,"item_purchase_floors":[0,0,0,0,0,0,0,0,0,20,20,20],"current_hp_per_floor":[52,52,52,52,52,27,48,25,25,25,25,25,9,3,24,14,56,56,56,56,56,56,56,70,70,70,70,70,70,70,70,70,70,70,66,66,66,66,56,56,56,56,56,56,56,61,61,61,75,65],"gold":556,"neow_bonus":"","is_daily":false,"chose_seed":false,"campfire_upgraded":2,"win_rate":0.0,"timestamp":1612977344,"path_taken":["M","M","M","M","M","E","R","E","T","M","M","E","?","E","R","BOSS","M","?","$","M","M","E","R","E","T","?","M","?","M","E","R","BOSS","M","M","M","M","M","E","M","?","T","M","E","M","R","E","R","BOSS"],"items_purchased_type":["Card","Card","Card","Relic","Relic","Relic","Relic","Relic","Card","Relic","Relic","Card"],"build_version":"2020-12-22","purchased_purges":0,"victory":true,"max_hp_per_floor":[70,70,70,70,70,70,70,70,70,70,70,70,70,70,70,70,70,70,70,70,70,70,70,70,70,70,70,70,70,70,70,70,70,70,70,70,70,70,70,70,70,70,70,70,70,75,75,75,75,75],"relic_stats":{"Regal Pillow":0,"Happy Flower":[27],"counters":[378,1337],"Mummified Hand":[61],"Shuriken":[23],"Blue Candle":[0],"Pen Nib":[46],"Bag of Preparation":[6],"obtain_stats":[{"TwistedFunnel":0,"infinitespire:BottledMercury":9,"Golden Egg":45,"aspiration:SneckoTail":108,"Spirit Poop":20,"Whetstone":44,"Sling":0,"Boot":9,"Old Coin":7,"Blood Vial":0,"Replay:Ringing Soul":0,"infinitespire:ShieldingShard":26,"aspiration:PoetsPen":17,"Replay:Bronze Core":34,"MealTicket":9,"infinitespire:Golems Mask":0,"Fusion Hammer":17,"HandDrill":0,"Replay:Bottled Flurry":23,"Kunai":38,"Replay:Wax Seal":0,"Replay:Bottled Steam":78,"aspiration:StickyExplosives":47,"Pear":142,"Blue Candle":40,"ReplayTheSpireMod:Ring of Addiction":5,"Eternal Feather":6,"Tingsha":30,"ReplayTheSpireMod:SealedPack":17,"Pen Nib":26,"Replay:Ancient Bell":85,"Paper Crane":0,"aspiration:IroncladSkillbook":17,"SlaversCollar":17,"infinitespire:Broken Mirror":24,"conspire:BottledYoYo":147,"infinitespire:PuzzleCube":23,"Ring of the Serpent":153,"conspire:Flyswatter":81,"infinitespire:Cupcake":17,"Lantern":0,"aspiration:Lifesprig":20,"Regal Pillow":31,"Torii":0,"Singing Bowl":128,"Blue Doll":9,"StoneCalendar":95,"Replay:Multitool":45,"Bag of Preparation":28,"Cursed Key":21,"Ancient Tea Set":14,"Burning Blood":21,"conspire:InfiniteJournal":6,"Replay:Rubber Ducky":0,"Matryoshka":26,"Ring of Fangs":5,"WristBlade":17,"infinitespire:Bottled Soul":93,"aspiration:AnachronicSnailShell":26,"infinitespire:Eraser":40,"Replay:Bottled Eggs":43,"InkBottle":0,"Ring of the Snake":0,"aspiration:VileToxins":8,"Potion Belt":8,"Lee\u0027s Waffle":0,"Replay:M_StaffOfTheSnake":24,"Basket Of Snakes":0,"conspire:RunicOctahedron":119,"Thread and Needle":0,"PreservedInsect":24,"infinitespire:Joker Card":27,"The Courier":9,"Omamori":48,"infinitespire:Lucky Rock":9,"infinitespire:CheckeredPen":43,"MawBank":41,"Busted Crown":17,"Ornamental Fan":0,"Turnip":42,"Ectoplasm":17,"Art of War":23,"Garlic":31,"Bottled Lightning":114,"conspire:DeflatedDodgeball":21,"ReplayTheSpireMod:Lightbulb":26,"Toy Ornithopter":43,"infinitespire:Midas Blood":26,"Ice Cream":46,"Divine Protection":43,"Calipers":85,"Gremlin Horn":85,"conspire:RoyalGoblet":34,"Vajra":0,"HoveringKite":34,"conspire:SeveredTorchhead":34,"Sozu":17,"Centennial Puzzle":47,"HornCleat":3,"DollysMirror":0,"Strawberry":11,"conspire:DecoderRing":112,"Philosopher\u0027s Stone":68,"Iron Hammer":77,"Toxic Egg 2":4,"Byrd Skull":20,"conspire:Dentures":129,"Happy Flower":5,"aspiration:Nostalgia":24,"Oddly Smooth Stone":12,"infinitespire:Beetle Shell":111,"Letter Opener":9,"War Paint":95,"aspiration:HiddenCompartment":12,"Du-Vu Doll":0,"Replay:Baseball":0,"conspire:GiftBox":47,"Bottled Flame":26,"ReplayTheSpireMod:Shallot":36,"Shuriken":43,"Bronze Scales":44,"Onion Ring":24,"Simple Rune":0,"Molten Egg 2":0,"infinitespire:EmpoweringShard":25,"Black Star":51,"ReplayTheSpireMod:TigerMarble":144,"Grinning Jar":6,"Mirror":0,"aspiration:HatOfInfinitePower":78,"Darkstone Periapt":26,"ReplayFunnel":144,"Replay:PocketPolymizer":24,"SacredBark":34,"conspire:SpecialSausage":34,"aspiration:TomeofQuesting":9,"Snake Skull":155,"Juzu Bracelet":25,"Incense Burner":0,"Replay:Mystery Machine":81,"PrismaticShard":29,"conspire:TopHat":43,"ClockworkSouvenir":38,"Nunchaku":14,"Replay:Bandana":23,"Dream Catcher":20,"TheAbacus":20,"Mummified Hand":43,"Pantograph":28,"Runic Pyramid":34,"Gremlin Food":20,"BargainBundle":0,"ReplayTheSpireMod:Ninjato":0,"Replay:Towering Pillar of Hats":8,"aspiration:FetidBarrel":43,"infinitespire:CursedDice":37,"Quantum Egg":74,"Replay:WaspNest":29,"infinitespire:FocusingShard":47,"aspiration:HummingbirdHeart":28,"Orichalcum":44,"White Beast Statue":5,"Mercury Hourglass":48,"Peace Pipe":74,"CaptainsWheel":13,"Anchor":0,"infinitespire:WardingShard":57,"infinitespire:Satchel":21,"ChewingGum":102,"Snack Pack":0,"Coffee Dripper":17,"Bag of Marbles":0,"Membership Card":24,"FossilizedHelix":31},{"TwistedFunnel":46,"infinitespire:BottledMercury":52,"Golden Egg":96,"aspiration:SneckoTail":254,"Spirit Poop":17,"Whetstone":125,"Sling":34,"Boot":319,"Old Coin":193,"Blood Vial":313,"Replay:Ringing Soul":283,"infinitespire:ShieldingShard":61,"aspiration:PoetsPen":355,"Replay:Bronze Core":366,"MealTicket":5,"infinitespire:Golems Mask":283,"Fusion Hammer":137,"HandDrill":99,"Replay:Bottled Flurry":203,"Kunai":94,"Replay:Wax Seal":34,"Replay:Bottled Steam":236,"aspiration:StickyExplosives":71,"Pear":275,"Blue Candle":95,"ReplayTheSpireMod:Ring of Addiction":286,"Eternal Feather":10,"Tingsha":143,"ReplayTheSpireMod:SealedPack":15,"Pen Nib":173,"Replay:Ancient Bell":239,"Paper Crane":99,"aspiration:IroncladSkillbook":108,"SlaversCollar":83,"infinitespire:Broken Mirror":141,"conspire:BottledYoYo":277,"infinitespire:PuzzleCube":114,"Ring of the Serpent":281,"conspire:Flyswatter":238,"infinitespire:Cupcake":324,"Lantern":6,"aspiration:Lifesprig":357,"Regal Pillow":365,"Torii":73,"Singing Bowl":266,"Blue Doll":11,"StoneCalendar":245,"Replay:Multitool":71,"Bag of Preparation":175,"Cursed Key":17,"Ancient Tea Set":82,"Burning Blood":201,"conspire:InfiniteJournal":132,"Replay:Rubber Ducky":342,"Matryoshka":20,"Ring of Fangs":286,"WristBlade":56,"infinitespire:Bottled Soul":244,"aspiration:AnachronicSnailShell":205,"infinitespire:Eraser":69,"Replay:Bottled Eggs":95,"InkBottle":283,"Ring of the Snake":0,"aspiration:VileToxins":52,"Potion Belt":163,"Lee\u0027s Waffle":73,"Replay:M_StaffOfTheSnake":60,"Basket Of Snakes":73,"conspire:RunicOctahedron":259,"Thread and Needle":283,"PreservedInsect":60,"infinitespire:Joker Card":116,"The Courier":133,"Omamori":72,"infinitespire:Lucky Rock":105,"infinitespire:CheckeredPen":213,"MawBank":183,"Busted Crown":43,"Ornamental Fan":188,"Turnip":153,"Ectoplasm":167,"Art of War":141,"Garlic":176,"Bottled Lightning":257,"conspire:DeflatedDodgeball":201,"ReplayTheSpireMod:Lightbulb":142,"Toy Ornithopter":124,"infinitespire:Midas Blood":361,"Ice Cream":33,"Divine Protection":31,"Calipers":239,"Gremlin Horn":239,"conspire:RoyalGoblet":302,"Vajra":73,"HoveringKite":334,"conspire:SeveredTorchhead":119,"Sozu":198,"Centennial Puzzle":97,"HornCleat":1,"DollysMirror":157,"Strawberry":53,"conspire:DecoderRing":256,"Philosopher\u0027s Stone":229,"Iron Hammer":235,"Toxic Egg 2":8,"Byrd Skull":357,"conspire:Dentures":267,"Happy Flower":50,"aspiration:Nostalgia":60,"Oddly Smooth Stone":352,"infinitespire:Beetle Shell":255,"Letter Opener":79,"War Paint":245,"aspiration:HiddenCompartment":135,"Du-Vu Doll":283,"Replay:Baseball":128,"conspire:GiftBox":217,"Bottled Flame":297,"ReplayTheSpireMod:Shallot":335,"Shuriken":373,"Bronze Scales":154,"Onion Ring":60,"Simple Rune":73,"Molten Egg 2":99,"infinitespire:EmpoweringShard":205,"Black Star":219,"ReplayTheSpireMod:TigerMarble":276,"Grinning Jar":318,"Mirror":34,"aspiration:HatOfInfinitePower":236,"Darkstone Periapt":88,"ReplayFunnel":276,"Replay:PocketPolymizer":19,"SacredBark":92,"conspire:SpecialSausage":25,"aspiration:TomeofQuesting":41,"Snake Skull":281,"Juzu Bracelet":88,"Incense Burner":188,"Replay:Mystery Machine":238,"PrismaticShard":62,"conspire:TopHat":31,"ClockworkSouvenir":94,"Nunchaku":14,"Replay:Bandana":60,"Dream Catcher":326,"TheAbacus":84,"Mummified Hand":308,"Pantograph":116,"Runic Pyramid":145,"Gremlin Food":326,"BargainBundle":283,"ReplayTheSpireMod:Ninjato":157,"Replay:Towering Pillar of Hats":79,"aspiration:FetidBarrel":69,"infinitespire:CursedDice":148,"Quantum Egg":234,"Replay:WaspNest":90,"infinitespire:FocusingShard":126,"aspiration:HummingbirdHeart":21,"Orichalcum":32,"White Beast Statue":286,"Mercury Hourglass":312,"Peace Pipe":234,"CaptainsWheel":107,"Anchor":128,"infinitespire:WardingShard":224,"infinitespire:Satchel":17,"ChewingGum":249,"Snack Pack":188,"Coffee Dripper":293,"Bag of Marbles":313,"Membership Card":60,"FossilizedHelix":63},{"TwistedFunnel":207,"infinitespire:BottledMercury":231,"Golden Egg":414,"aspiration:SneckoTail":999,"Spirit Poop":81,"Whetstone":534,"Sling":148,"Boot":1143,"Old Coin":778,"Blood Vial":1133,"Replay:Ringing Soul":1051,"infinitespire:ShieldingShard":271,"aspiration:PoetsPen":1282,"Replay:Bronze Core":1309,"MealTicket":12,"infinitespire:Golems Mask":1051,"Fusion Hammer":575,"HandDrill":435,"Replay:Bottled Flurry":830,"Kunai":402,"Replay:Wax Seal":148,"Replay:Bottled Steam":950,"aspiration:StickyExplosives":308,"Pear":1031,"Blue Candle":408,"ReplayTheSpireMod:Ring of Addiction":1055,"Eternal Feather":41,"Tingsha":596,"ReplayTheSpireMod:SealedPack":69,"Pen Nib":705,"Replay:Ancient Bell":960,"Paper Crane":435,"aspiration:IroncladSkillbook":468,"SlaversCollar":352,"infinitespire:Broken Mirror":590,"conspire:BottledYoYo":1034,"infinitespire:PuzzleCube":495,"Ring of the Serpent":1043,"conspire:Flyswatter":957,"infinitespire:Cupcake":1160,"Lantern":19,"aspiration:Lifesprig":1288,"Regal Pillow":1306,"Torii":315,"Singing Bowl":1020,"Blue Doll":44,"StoneCalendar":978,"Replay:Multitool":308,"Bag of Preparation":712,"Cursed Key":81,"Ancient Tea Set":343,"Burning Blood":814,"conspire:InfiniteJournal":557,"Replay:Rubber Ducky":1236,"Matryoshka":89,"Ring of Fangs":1055,"WristBlade":251,"infinitespire:Bottled Soul":975,"aspiration:AnachronicSnailShell":838,"infinitespire:Eraser":301,"Replay:Bottled Eggs":408,"InkBottle":1051,"Ring of the Snake":0,"aspiration:VileToxins":231,"Potion Belt":674,"Lee\u0027s Waffle":315,"Replay:M_StaffOfTheSnake":267,"Basket Of Snakes":315,"conspire:RunicOctahedron":1012,"Thread and Needle":1051,"PreservedInsect":267,"infinitespire:Joker Card":501,"The Courier":559,"Omamori":310,"infinitespire:Lucky Rock":452,"infinitespire:CheckeredPen":876,"MawBank":738,"Busted Crown":190,"Ornamental Fan":762,"Turnip":637,"Ectoplasm":690,"Art of War":590,"Garlic":715,"Bottled Lightning":1005,"conspire:DeflatedDodgeball":814,"ReplayTheSpireMod:Lightbulb":593,"Toy Ornithopter":528,"infinitespire:Midas Blood":1295,"Ice Cream":145,"Divine Protection":134,"Calipers":960,"Gremlin Horn":960,"conspire:RoyalGoblet":1095,"Vajra":315,"HoveringKite":1202,"conspire:SeveredTorchhead":513,"Sozu":798,"Centennial Puzzle":419,"HornCleat":2,"DollysMirror":660,"Strawberry":238,"conspire:DecoderRing":1003,"Philosopher\u0027s Stone":929,"Iron Hammer":946,"Toxic Egg 2":27,"Byrd Skull":1288,"conspire:Dentures":1021,"Happy Flower":221,"aspiration:Nostalgia":267,"Oddly Smooth Stone":1261,"infinitespire:Beetle Shell":1001,"Letter Opener":332,"War Paint":978,"aspiration:HiddenCompartment":565,"Du-Vu Doll":1051,"Replay:Baseball":548,"conspire:GiftBox":892,"Bottled Flame":1078,"ReplayTheSpireMod:Shallot":1204,"Shuriken":1328,"Bronze Scales":641,"Onion Ring":267,"Simple Rune":315,"Molten Egg 2":435,"infinitespire:EmpoweringShard":838,"Black Star":905,"ReplayTheSpireMod:TigerMarble":1033,"Grinning Jar":1142,"Mirror":148,"aspiration:HatOfInfinitePower":950,"Darkstone Periapt":373,"ReplayFunnel":1033,"Replay:PocketPolymizer":86,"SacredBark":393,"conspire:SpecialSausage":109,"aspiration:TomeofQuesting":175,"Snake Skull":1043,"Juzu Bracelet":373,"Incense Burner":762,"Replay:Mystery Machine":957,"PrismaticShard":274,"conspire:TopHat":134,"ClockworkSouvenir":402,"Nunchaku":53,"Replay:Bandana":267,"Dream Catcher":1165,"TheAbacus":359,"Mummified Hand":1117,"Pantograph":501,"Runic Pyramid":604,"Gremlin Food":1165,"BargainBundle":1051,"ReplayTheSpireMod:Ninjato":660,"Replay:Towering Pillar of Hats":332,"aspiration:FetidBarrel":301,"infinitespire:CursedDice":614,"Quantum Egg":943,"Replay:WaspNest":381,"infinitespire:FocusingShard":539,"aspiration:HummingbirdHeart":96,"Orichalcum":142,"White Beast Statue":1055,"Mercury Hourglass":1129,"Peace Pipe":943,"CaptainsWheel":459,"Anchor":548,"infinitespire:WardingShard":915,"infinitespire:Satchel":81,"ChewingGum":993,"Snack Pack":762,"Coffee Dripper":1069,"Bag of Marbles":1133,"Membership Card":267,"FossilizedHelix":277}],"Ring of the Snake":[191]},"card_choices":[{"not_picked":["Catalyst","Cloak And Dagger"],"picked":"Poisoned Stab","floor":1},{"not_picked":["Blade Dance","Dagger Throw"],"picked":"Backstab","floor":2},{"not_picked":["Well Laid Plans","Backflip"],"picked":"infinitespire:Neurotoxin","floor":3},{"not_picked":["Hidden Blade","Quick Slash"],"picked":"Flying Knee","floor":4},{"not_picked":["PiercingWail","All Out Attack"],"picked":"Poisoned Stab","floor":5},{"not_picked":["Flying Knee","Sneak Up"],"picked":"Fluid Movement","floor":6},{"not_picked":["Night Terror","Dagger Throw"],"picked":"Cloak And Dagger","floor":8},{"not_picked":["Well Laid Plans","Caltrops"],"picked":"Blade Dance","floor":10},{"not_picked":["Poisoned Stab","Sneak Up"],"picked":"Replay:Poison Smokescreen","floor":11},{"not_picked":["Blur","Finisher"],"picked":"Backflip","floor":12},{"not_picked":["Outmaneuver","ReplayTheSpireMod:The Works"],"picked":"Catalyst","floor":13},{"not_picked":["Caltrops","PiercingWail"],"picked":"Acrobatics","floor":14},{"not_picked":["Night Terror","Replay:Bag of Tricks"],"picked":"A Thousand Cuts","floor":16},{"not_picked":["Backflip","Acrobatics"],"picked":"Deflect","floor":18},{"not_picked":["Deadly Poison","Quick Slash"],"picked":"Cloak And Dagger","floor":19},{"not_picked":["Backflip","Crippling Poison"],"picked":"Quick Slash+1","floor":21},{"not_picked":["Deadly Poison","ReplayTheSpireMod:Tripwire"],"picked":"Flying Knee+1","floor":22},{"not_picked":["Blur","Malaise"],"picked":"Poisoned Stab","floor":23},{"not_picked":["Reflex","Quick Slash"],"picked":"Blade Dance","floor":25},{"not_picked":["Crippling Poison","All Out Attack+1"],"picked":"Outmaneuver","floor":27},{"not_picked":["Quick Slash","Hidden Blade"],"picked":"Noxious Fumes","floor":28},{"not_picked":["ReplayTheSpireMod:Exploit Weakness","Dagger Spray"],"picked":"Grand Finale","floor":29},{"not_picked":["Dagger Throw","Flying Knee"],"picked":"Outmaneuver+1","floor":29},{"not_picked":["Flying Knee","Outmaneuver"],"picked":"Slice+1","floor":30},{"not_picked":["Dagger Throw+1","Flechettes"],"picked":"Underhanded Strike","floor":31},{"not_picked":["Bullet Time","Die Die Die"],"picked":"Envenom","floor":33},{"not_picked":["Dodge and Roll","Dagger Throw"],"picked":"Backflip+1","floor":35},{"not_picked":["Slice","Outmaneuver"],"picked":"Hidden Blade+1","floor":36},{"not_picked":["Prepared","Underhanded Strike+1"],"picked":"PiercingWail","floor":37},{"not_picked":["Hidden Blade+1","Calculated Gamble"],"picked":"Predator+1","floor":38},{"not_picked":["Dagger Spray+1","Flying Knee+1"],"picked":"Wraith Form v2","floor":39},{"not_picked":["Deadly Poison","Calculated Gamble"],"picked":"Cloak And Dagger","floor":40},{"not_picked":["Hidden Blade","Noxious Fumes+1"],"picked":"Finisher","floor":41},{"not_picked":["Deep Breath","Bandage Up"],"picked":"Good Instincts","floor":42},{"not_picked":["Acrobatics","Slice+1"],"picked":"Predator+1","floor":44},{"not_picked":["Deadly Poison","Toxin Wave"],"picked":"Wraith Form v2","floor":45},{"not_picked":["Hidden Blade","Prepared"],"picked":"Draining Mist+1","floor":46},{"not_picked":["Backflip+1","Underhanded Strike"],"picked":"Sneak Up","floor":48}],"player_experience":414939,"relics_obtained":[{"floor":6,"key":"Blue Doll"},{"floor":9,"key":"ReplayFunnel"},{"floor":12,"key":"Oddly Smooth Stone"},{"floor":13,"key":"Replay:Bottled Flurry"},{"floor":14,"key":"Mummified Hand"},{"floor":23,"key":"Happy Flower"},{"floor":25,"key":"Ancient Tea Set"},{"floor":26,"key":"infinitespire:Midas Blood"},{"floor":29,"key":"aspiration:HummingbirdHeart"},{"floor":31,"key":"Regal Pillow"},{"floor":40,"key":"Vajra"},{"floor":43,"key":"Shuriken"},{"floor":45,"key":"Bag of Preparation"},{"floor":48,"key":"Blue Candle"}],"event_choices":[{"damage_healed":0,"gold_gain":0,"player_choice":"Memory 1","damage_taken":0,"max_hp_gain":0,"max_hp_loss":0,"event_name":"SensoryStone","floor":42,"gold_loss":0}],"is_beta":false,"boss_relics":[{"not_picked":["aspiration:RandomNobGenerator","Busted Crown"],"picked":"aspiration:PoetsPen"},{"not_picked":["Black Star","Ring of the Serpent"],"picked":"Replay:Bronze Core"}],"items_purged_floors":[],"is_endless":false,"potions_floor_spawned":[1,5,8,10,12,13,19,22,23,31,35,37,38,39,46,48],"ascension_level":11}}