{"host":"nwtxriuk34b069je","time":1612917528,"event":{"mods":["AchievementEnabler","BaseMod","Better Skull","Colored Map","Colored Powertips","Hermit","Minty Spire (QoL Compilation)","Relic Stats","StSLib"],"gold_per_floor":[115,40,40,40,40,80,80,100,100,275,299,132,132,148,148,276,276,294,315,315,1,26,59,59,83,83,83,96,96,96,56,56,187,187,206,269,293,72,72,72,116,116,116,116,132,3,26,26,26],"floor_reached":48,"language":"ENG","playtime":2013,"items_purged":["Defend_G","Doubt"],"score":676,"play_id":"2d690e44-810f-48e5-951f-33c64937f97f","local_time":"20210209183848","is_ascension_mode":false,"campfire_choices":[{"floor":7,"key":"REST"},{"floor":15,"key":"REST"},{"floor":29,"key":"REST"},{"floor":32,"key":"REST"},{"floor":40,"key":"REST"},{"floor":42,"key":"REST"}],"circlet_count":0,"master_deck":["Strike_G","Strike_G","Strike_G","Strike_G","Defend_G","Defend_G","Defend_G+1","Defend_G","Survivor","Neutralize","Deadly Poison+1","Footwork","Caltrops","Caltrops","Backstab","Terror","Corpse Explosion","Caltrops+1","Crippling Poison","Bouncing Flask+1","Bullet Time","Backflip","Noxious Fumes","Madness","Madness","Corpse Explosion","Leg Sweep","Deflect","Parasite"],"relics":["Ring of the Snake","Golden Idol","Matryoshka","PreservedInsect","Pear","Lizard Tail","Akabeko","Orichalcum","Singing Bowl","SacredBark","Tingsha","MealTicket","Blood Vial","WingedGreaves"],"acts_visited":["Exordium","TheCity","TheBeyond"],"potions_floor_usage":[18,22,23,23,25,28,33,33,36,41,41,41,47,47],"damage_taken":[{"damage":10,"enemies":"2 Louse","floor":1,"turns":4},{"damage":33,"enemies":"Lagavulin","floor":6,"turns":8},{"damage":1,"enemies":"Jaw Worm","floor":8,"turns":4},{"damage":7,"enemies":"Small Slimes","floor":11,"turns":3},{"damage":3,"enemies":"Exordium Wildlife","floor":14,"turns":4},{"damage":17,"enemies":"The Guardian","floor":16,"turns":8},{"damage":17,"enemies":"3 Byrds","floor":18,"turns":3},{"damage":1,"enemies":"Chosen","floor":19,"turns":6},{"damage":23,"enemies":"Snake Plant","floor":22,"turns":4},{"damage":12,"enemies":"Gremlin Leader","floor":23,"turns":6},{"damage":35,"enemies":"Sentry and Sphere","floor":25,"turns":6},{"damage":5,"enemies":"Snecko","floor":28,"turns":5},{"damage":43,"enemies":"Automaton","floor":33,"turns":10},{"damage":13,"enemies":"Orb Walker","floor":35,"turns":3},{"damage":29,"enemies":"Mind Bloom Boss Battle","floor":36,"turns":10},{"damage":7,"enemies":"3 Shapes","floor":37,"turns":2},{"damage":40,"enemies":"Nemesis","floor":41,"turns":7},{"damage":33,"enemies":"Sphere and 2 Shapes","floor":45,"turns":7},{"damage":12,"enemies":"Writhing Mass","floor":47,"turns":8},{"damage":28,"enemies":"Maw","floor":48,"turns":5}],"seed_played":"-4578109951685177025","potions_obtained":[{"floor":6,"key":"Strength Potion"},{"floor":8,"key":"Weak Potion"},{"floor":14,"key":"LiquidBronze"},{"floor":18,"key":"Explosive Potion"},{"floor":22,"key":"Block Potion"},{"floor":27,"key":"DuplicationPotion"},{"floor":27,"key":"Strength Potion"},{"floor":27,"key":"Ancient Potion"},{"floor":28,"key":"Energy Potion"},{"floor":33,"key":"EssenceOfSteel"},{"floor":36,"key":"ColorlessPotion"},{"floor":37,"key":"DuplicationPotion"},{"floor":45,"key":"SkillPotion"},{"floor":47,"key":"Fruit Juice"}],"is_trial":true,"path_per_floor":["M","$","?","?","?","E","R","M","T","?","M","$","?","M","R","B",null,"M","M","?","$","M","E","?","M","T","?","M","R","?","?","R","B",null,"M","?","M","$","?","R","E","R","T","?","M","$","M","M"],"character_chosen":"THE_SILENT","items_purchased":["Caltrops","Lizard Tail","MealTicket","Noxious Fumes","Leg Sweep","Deflect"],"campfire_rested":6,"item_purchase_floors":[12,21,38,38,46,46],"current_hp_per_floor":[60,60,65,50,50,17,37,36,46,46,39,39,39,36,59,42,79,62,61,61,61,38,26,26,33,33,33,28,51,51,51,74,31,79,68,39,34,34,24,48,10,35,35,35,6,21,23,0,0],"gold":26,"neow_bonus":"","is_daily":false,"chose_seed":false,"campfire_upgraded":0,"win_rate":0.0,"timestamp":1612917528,"path_taken":["M","$","?","?","?","E","R","M","T","?","?","$","?","M","R","BOSS","M","M","?","$","M","E","?","M","T","?","?","R","?","?","R","BOSS","M","?","M","$","?","R","E","R","T","?","?","$","M","M"],"items_purchased_type":["Card","Relic","Relic","Card","Card","Card"],"build_version":"2020-12-22","purchased_purges":2,"victory":false,"max_hp_per_floor":[70,70,75,75,69,69,69,69,79,79,79,79,79,79,79,79,79,79,79,79,79,79,79,79,79,79,79,79,79,79,79,79,79,79,81,81,83,83,83,83,85,85,85,85,87,87,99,99,99],"relic_stats":{"Blood Vial":6,"Lizard Tail":39,"Singing Bowl":10,"counters":[20,113],"Golden Idol":139,"Tingsha":[1],"MealTicket":15,"PreservedInsect":90,"Orichalcum":[186],"obtain_stats":[{"Pear":9,"Singing Bowl":26,"Golden Idol":5,"SacredBark":34,"Tingsha":36,"PreservedInsect":9,"Orichalcum":26,"Akabeko":23,"Blood Vial":41,"Lizard Tail":21,"Matryoshka":6,"MealTicket":38,"WingedGreaves":43,"Ring of the Snake":0},{"Pear":3,"Singing Bowl":11,"Golden Idol":1,"SacredBark":13,"Tingsha":15,"PreservedInsect":3,"Orichalcum":11,"Akabeko":10,"Blood Vial":17,"Lizard Tail":8,"Matryoshka":2,"MealTicket":16,"WingedGreaves":17,"Ring of the Snake":0},{"Pear":16,"Singing Bowl":56,"Golden Idol":4,"SacredBark":71,"Tingsha":84,"PreservedInsect":16,"Orichalcum":56,"Akabeko":50,"Blood Vial":93,"Lizard Tail":40,"Matryoshka":12,"MealTicket":86,"WingedGreaves":93,"Ring of the Snake":0}],"Ring of the Snake":[40]},"card_choices":[{"not_picked":["Outmaneuver","Dodge and Roll"],"picked":"Deadly Poison","floor":1},{"not_picked":["Crippling Poison","Blade Dance"],"picked":"Footwork","floor":6},{"not_picked":["Blade Dance","Outmaneuver","Endless Agony"],"picked":"SKIP","floor":8},{"not_picked":["Blade Dance","Quick Slash"],"picked":"Caltrops","floor":11},{"not_picked":["Deadly Poison","Dodge and Roll"],"picked":"Terror","floor":14},{"not_picked":["Bullet Time","Burst"],"picked":"Corpse Explosion","floor":16},{"not_picked":["Dagger Throw","Predator","PiercingWail"],"picked":"SKIP","floor":18},{"not_picked":["Terror+1","Finisher"],"picked":"Caltrops+1","floor":19},{"not_picked":["Cloak And Dagger","Prepared","Deadly Poison"],"picked":"SKIP","floor":22},{"not_picked":["Underhanded Strike+1","Riddle With Holes"],"picked":"Crippling Poison","floor":23},{"not_picked":["Crippling Poison","Setup","Prepared"],"picked":"SKIP","floor":25},{"not_picked":["Backflip","Heel Hook"],"picked":"Bouncing Flask+1","floor":28},{"not_picked":["Phantasmal Killer","Die Die Die"],"picked":"Bullet Time","floor":33},{"not_picked":["Masterful Stab","Outmaneuver+1","Slice+1"],"picked":"Singing Bowl","floor":35},{"not_picked":["Heel Hook","Choke"],"picked":"Backflip","floor":36},{"not_picked":["Flying Knee","Endless Agony+1","Calculated Gamble"],"picked":"Singing Bowl","floor":37},{"not_picked":["Cloak And Dagger","Endless Agony","Bane"],"picked":"Singing Bowl","floor":41},{"not_picked":["Caltrops+1","Slice+1","Distraction+1"],"picked":"Singing Bowl","floor":45},{"not_picked":["All Out Attack+1","Endless Agony","Underhanded Strike"],"picked":"Singing Bowl","floor":47}],"player_experience":534985,"relics_obtained":[{"floor":6,"key":"Matryoshka"},{"floor":9,"key":"PreservedInsect"},{"floor":9,"key":"Pear"},{"floor":23,"key":"Akabeko"},{"floor":26,"key":"Orichalcum"},{"floor":26,"key":"Singing Bowl"},{"floor":36,"key":"Tingsha"},{"floor":41,"key":"Blood Vial"},{"floor":43,"key":"WingedGreaves"}],"event_choices":[{"damage_healed":0,"gold_gain":0,"player_choice":"Donut","damage_taken":0,"max_hp_gain":5,"max_hp_loss":0,"event_name":"Big Fish","floor":3,"gold_loss":0},{"damage_healed":0,"gold_gain":0,"player_choice":"Entered Light","damage_taken":15,"max_hp_gain":0,"max_hp_loss":0,"event_name":"Shining Light","floor":4,"gold_loss":0,"cards_upgraded":["Defend_G","Deadly Poison"]},{"damage_healed":0,"gold_gain":0,"player_choice":"Lose Max HP","damage_taken":0,"relics_obtained":["Golden Idol"],"max_hp_gain":0,"max_hp_loss":6,"event_name":"Golden Idol","floor":5,"gold_loss":0},{"damage_healed":0,"gold_gain":175,"player_choice":"AGREE","damage_taken":0,"max_hp_gain":0,"max_hp_loss":0,"event_name":"Liars Game","floor":10,"gold_loss":0,"cards_obtained":["Doubt"]},{"damage_healed":0,"gold_gain":0,"cards_transformed":["Strike_G"],"player_choice":"Change","damage_taken":0,"max_hp_gain":0,"max_hp_loss":0,"event_name":"Living Wall","floor":13,"gold_loss":0,"cards_obtained":["Backstab"]},{"damage_healed":0,"gold_gain":0,"player_choice":"Ignored","damage_taken":0,"max_hp_gain":0,"max_hp_loss":0,"event_name":"Vampires","floor":24,"gold_loss":0},{"damage_healed":0,"gold_gain":0,"player_choice":"Got Potions","damage_taken":0,"max_hp_gain":0,"max_hp_loss":0,"event_name":"Lab","floor":27,"gold_loss":0},{"damage_healed":0,"gold_gain":0,"player_choice":"Ignored","damage_taken":0,"max_hp_gain":0,"max_hp_loss":0,"event_name":"Ghosts","floor":30,"gold_loss":0},{"damage_healed":0,"gold_gain":0,"player_choice":"Bought 3 Potions","damage_taken":0,"max_hp_gain":0,"max_hp_loss":0,"event_name":"The Woman in Blue","floor":31,"gold_loss":0},{"damage_healed":0,"gold_gain":0,"player_choice":"Fight","damage_taken":0,"max_hp_gain":0,"max_hp_loss":0,"event_name":"MindBloom","floor":36,"gold_loss":0},{"damage_healed":0,"gold_gain":0,"player_choice":"Embrace Madness","damage_taken":10,"max_hp_gain":0,"max_hp_loss":0,"event_name":"Winding Halls","floor":39,"gold_loss":0,"cards_obtained":["Madness","Madness"]},{"damage_healed":0,"gold_gain":0,"player_choice":"Copied","damage_taken":0,"max_hp_gain":0,"max_hp_loss":0,"event_name":"Duplicator","floor":44,"gold_loss":0,"cards_obtained":["Corpse Explosion"]}],"is_beta":false,"boss_relics":[{"not_picked":["Fusion Hammer","Ectoplasm","Runic Pyramid"]},{"not_picked":["Ring of the Serpent","Pandora\u0027s Box"],"picked":"SacredBark"}],"items_purged_floors":[2,12],"is_endless":true,"potions_floor_spawned":[6,8,14,18,22,28,33,36,37,45,47],"killed_by":"Maw","ascension_level":0}}