{"host":"uv5ws9rdk87e8i5k","time":1612980735,"event":{"mods":["AchievementEnabler","BaseMod","Colored Map","Minty Spire (QoL Compilation)","Permanent Neow","Quick Restart","StSLib","SuperFastMode","The Necromancer"],"gold_per_floor":[117,132,143,143,155,188,188,206,281,615,615,631,660,680,680,781,781,796,808,37,50,50,80,80,106,106,118,130,130,162,176,176,176,176],"floor_reached":33,"language":"ENG","playtime":721,"items_purged":[],"score":552,"play_id":"d6e5ff14-59d0-492b-ba1e-2d64de1523ea","local_time":"20210210121215","is_ascension_mode":true,"campfire_choices":[{"floor":7.0,"key":"REST"},{"floor":11.0,"key":"REST"},{"floor":15.0,"key":"REST"},{"floor":29,"key":"REST"},{"floor":32,"key":"REST"}],"circlet_count":0,"master_deck":["AscendersBane","Strike_R","Strike_R","Strike_R","Defend_R","Defend_R","Defend_R","Defend_R","Bash","Shrug It Off","Inflame","Thunderclap","Heavy Blade","Heavy Blade","Heavy Blade","Shockwave","Shrug It Off","Reaper","Headbutt+1","Spot Weakness+1","Battle Trance","Shrug It Off","Whirlwind+1","Doubt","Flame Barrier"],"relics":["Velvet Choker","The Courier","Frozen Egg 2","Old Coin","PreservedInsect","Cursed Key","Question Card","Mercury Hourglass","Lantern","HornCleat","Enchiridion","Kunai","Vajra","Whetstone","Oddly Smooth Stone"],"acts_visited":["Exordium","TheCity"],"potions_floor_usage":[23,25,30],"damage_taken":[{"damage":7.0,"enemies":"Jaw Worm","floor":1.0,"turns":3.0},{"damage":0.0,"enemies":"Small Slimes","floor":2.0,"turns":4.0},{"damage":0.0,"enemies":"Cultist","floor":3.0,"turns":3.0},{"damage":7.0,"enemies":"Exordium Thugs","floor":5.0,"turns":3.0},{"damage":40.0,"enemies":"Lagavulin","floor":6.0,"turns":8.0},{"damage":4.0,"enemies":"2 Fungi Beasts","floor":8.0,"turns":4.0},{"damage":12.0,"enemies":"3 Sentries","floor":10.0,"turns":7.0},{"damage":15.0,"enemies":"Gremlin Gang","floor":12.0,"turns":4.0},{"damage":0.0,"enemies":"Gremlin Nob","floor":13.0,"turns":2.0},{"damage":10.0,"enemies":"3 Louse","floor":14.0,"turns":3.0},{"damage":18.0,"enemies":"Hexaghost","floor":16.0,"turns":9.0},{"damage":3.0,"enemies":"Spheric Guardian","floor":18.0,"turns":3.0},{"damage":7.0,"enemies":"Chosen","floor":19.0,"turns":4.0},{"damage":0.0,"enemies":"3 Cultists","floor":21.0,"turns":3.0},{"damage":2,"enemies":"Book of Stabbing","floor":23,"turns":2},{"damage":17,"enemies":"Gremlin Leader","floor":25,"turns":3},{"damage":19,"enemies":"Sentry and Sphere","floor":27,"turns":4},{"damage":6,"enemies":"Centurion and Healer","floor":28,"turns":2},{"damage":15,"enemies":"Book of Stabbing","floor":30,"turns":2},{"damage":24,"enemies":"Snake Plant","floor":31,"turns":3},{"damage":61,"enemies":"Champ","floor":33,"turns":7}],"seed_played":"4305239219224867429","potions_obtained":[{"floor":1.0,"key":"AttackPotion"},{"floor":8.0,"key":"SpeedPotion"},{"floor":10.0,"key":"SteroidPotion"},{"floor":12.0,"key":"SteroidPotion"},{"floor":13.0,"key":"SkillPotion"},{"floor":16.0,"key":"BlessingOfTheForge"},{"floor":19.0,"key":"BlessingOfTheForge"},{"floor":21.0,"key":"Block Potion"},{"floor":28,"key":"Explosive Potion"},{"floor":30,"key":"Fruit Juice"}],"is_trial":false,"path_per_floor":["M","M","M","?","M","E","R","M","T","E","R","M","E","M","R","B",null,"M","M","$","M","?","E","?","E","T","M","M","R","E","M","R","B"],"character_chosen":"IRONCLAD","items_purchased":["Question Card","Mercury Hourglass","Lantern","HornCleat","Battle Trance"],"campfire_rested":5,"item_purchase_floors":[20,20,20,20,20],"current_hp_per_floor":[65,65,65,58,51,11,35,31,31,19,43,28,28,18,42,24,66,63,62,62,80,64,62,62,60,60,41,35,59,49,25,50,0,0],"gold":176,"neow_bonus":"BOSS_RELIC","is_daily":false,"chose_seed":false,"campfire_upgraded":0,"win_rate":0.0,"timestamp":1612980735,"path_taken":["M","M","M","?","M","E","R","M","T","E","R","M","E","M","R","BOSS","M","M","$","M","?","E","?","E","T","?","M","R","E","M","R","BOSS"],"items_purchased_type":["Relic","Relic","Relic","Relic","Card"],"build_version":"2020-12-22","purchased_purges":0,"victory":false,"max_hp_per_floor":[80,80,80,80,80,80,80,80,80,80,80,80,80,80,80,80,80,80,80,80,80,80,80,80,80,80,80,80,80,85,85,85,85,85],"card_choices":[{"not_picked":["Blood for Blood","Cleave"],"picked":"Shrug It Off","floor":1.0},{"not_picked":["Pummel","Armaments"],"picked":"Inflame","floor":2.0},{"not_picked":["Reckless Charge","Disarm"],"picked":"Thunderclap","floor":3.0},{"not_picked":["Sword Boomerang","Bloodletting"],"picked":"Heavy Blade","floor":5.0},{"not_picked":["Cleave","Hemokinesis"],"picked":"Heavy Blade","floor":6.0},{"not_picked":["Flex","Fiend Fire"],"picked":"Heavy Blade","floor":8.0},{"not_picked":["Clothesline","Dark Embrace+1"],"picked":"Shockwave","floor":10.0},{"not_picked":["Rupture+1","Intimidate","True Grit"],"picked":"SKIP","floor":12.0},{"not_picked":["Rage","Infernal Blade"],"picked":"Shrug It Off","floor":13.0},{"not_picked":["Power Through","Wild Strike","True Grit"],"picked":"SKIP","floor":14.0},{"not_picked":["Berserk+1","Exhume"],"picked":"Reaper","floor":16.0},{"not_picked":["Cleave","Seeing Red+1"],"picked":"Headbutt","floor":18.0},{"not_picked":["Headbutt+1","Sword Boomerang"],"picked":"Spot Weakness+1","floor":19.0},{"not_picked":["Havoc","Ghostly Armor","Carnage","Clothesline"],"picked":"SKIP","floor":21.0},{"not_picked":["Ghostly Armor","Body Slam","Thunderclap+1"],"picked":"Shrug It Off","floor":23},{"not_picked":["Sword Boomerang+1","Brutality+1","Twin Strike"],"picked":"Whirlwind","floor":25},{"not_picked":["Combust+1","Cleave","Flex","Thunderclap"],"picked":"SKIP","floor":27},{"not_picked":["Disarm+1","Anger+1","Bloodletting","Body Slam+1"],"picked":"SKIP","floor":28},{"not_picked":["Sentinel","Evolve+1","Sword Boomerang"],"picked":"Flame Barrier","floor":30},{"not_picked":["Perfected Strike","Clothesline+1","Power Through","Infernal Blade"],"picked":"SKIP","floor":31}],"player_experience":164339,"relics_obtained":[{"floor":6.0,"key":"The Courier"},{"floor":9.0,"key":"Frozen Egg 2"},{"floor":10.0,"key":"Old Coin"},{"floor":13.0,"key":"PreservedInsect"},{"floor":22.0,"key":"Enchiridion"},{"floor":23,"key":"Kunai"},{"floor":25,"key":"Vajra"},{"floor":26,"key":"Whetstone"},{"floor":30,"key":"Oddly Smooth Stone"}],"event_choices":[{"cards_removed":["Strike_R"],"damage_healed":0.0,"max_hp_gain":0.0,"max_hp_loss":0.0,"gold_gain":0.0,"event_name":"Golden Wing","player_choice":"Card Removal","floor":4.0,"gold_loss":0.0,"damage_taken":7.0},{"damage_healed":0.0,"max_hp_gain":0.0,"max_hp_loss":0.0,"gold_gain":0.0,"event_name":"Cursed Tome","player_choice":"Obtained Book","floor":22.0,"gold_loss":0.0,"damage_taken":16.0},{"cards_removed":["Strike_R"],"damage_healed":0,"gold_gain":0,"player_choice":"Offered Basic","damage_taken":0,"max_hp_gain":0,"max_hp_loss":0,"event_name":"Bonfire Elementals","floor":24,"gold_loss":0}],"is_beta":false,"boss_relics":[{"not_picked":["Fusion Hammer","Runic Dome"],"picked":"Cursed Key"}],"items_purged_floors":[],"is_endless":false,"potions_floor_spawned":[1,8,10,12,13,16,19,21,28,30],"killed_by":"Champ","ascension_level":11}}