{"host":"m4zn6rtsd36lrr22","time":1612942212,"event":{"mods":["2.2 Compatiblity","Act Like it!","BaseMod","Better Synergies","BetterRewards","CapriCore","Colored Map","Custom Start","FoggyMod","Gensokyo","GungeonMod","HololiveMod","Ironclad Rager","Lobotomy","LobotomyExtend","Luminous","Minty Spire (QoL Compilation)","Permanent Neow","Poor People Problems","Prisma Mod","Quick Restart","Reimu（博丽灵梦）","Relic Filter Mod","Relic Stats","Reliquary","Remilia（蕾米莉亚）","Remove Card Discount Mod","Replay The Spire","RumiaBox-露米娅的神秘盒子","Shop Mod","Spicy Shops","StSLib","The Alterego","The Animator","The Immortal","WarShipGirlsR/战舰少女R mod","Yakumo Yukari mod","noobMod","【功能Mod】混沌之环修复补丁","【遗物卡牌】REMEMod"],"gold_per_floor":[101,101,89,108,108,141,141,141,168,168,180,180,203,48,48,160,160,184,184,111,111,111,148,174,174,226,226,226,249,377,409,409,506,506,523,523,523,365,35,35,35,35,35,65,65,65,65,65,65,369,369],"floor_reached":52,"language":"ZHS","playtime":3065,"items_purged":["animator:Strike","animator:Strike","animator:Defend","animator:Defend","animator:Strike","animator:Defend","Shame","animator:Defend_GoblinSlayer+1","animator:Strike_GoblinSlayer"],"score":1099,"play_id":"74c2cc82-765d-403d-b34e-23098b0cbc25","local_time":"20210210153012","is_ascension_mode":false,"campfire_choices":[{"data":"PrismaMod:ChloeAnyPowerTrace","floor":7.0,"key":"SMITH"},{"data":"animator:GuildGirl","floor":12.0,"key":"SMITH"},{"data":"animator:HigakiRinne","floor":15.0,"key":"SMITH"},{"data":"animator:SwordMaiden","floor":25,"key":"SMITH"},{"data":"REME_PuzzleBox","floor":32,"key":"SMITH"},{"data":"animator:HighElfArcher","floor":32,"key":"SMITH"},{"data":"animator:LizardPriest","floor":40,"key":"SMITH"},{"floor":46,"key":"RECALL"},{"floor":49,"key":"REST"}],"circlet_count":0,"master_deck":["animator:LizardPriest+1","animator:DwarfShaman+1","PrismaMod:ChloeAnyPowerTrace+1","animator:HigakiRinne+1","animator:GuildGirl+1","animator:SwordMaiden+1","animator:Witch+1","REME_PuzzleBox+1","animator:Priestess+1","animator:HighElfArcher+1","animator:Hibiki+1","Gensokyo:BlemishedSteel","Gensokyo:TarnishedGold"],"relics":["animator:LivingPicture","animator:TheMissingPiece","REME_ComplimentaryCards","ice","LetterFromLob","DemoMod:PinkGuonStone","reliquary:PartyBalloon","Pear","Nunchaku","Hololive_LightStick","REME_LowDesire","reliquary:SharkskinSheath","Boot","Gensokyo:MosesMiracle","CrazyTorch:ReiMu","DemoMod:PoisonVial","DemoMod:ClearGuonStone","DemoMod:Bottle","Replay:Arrowhead","DemoMod:GreenGuonStone","animator:Buoy","Whetstone","Strange Spoon","Calipers","MagicDraw3","Philosopher\u0027s Stone"],"acts_visited":["Gensokyo:Gensokyo","Gensokyo:Gensokyoer","Gensokyo:Gensokyoest"],"potions_floor_usage":[],"damage_taken":[{"damage":12.0,"enemies":"Gensokyo:Python","floor":1.0,"turns":5.0},{"damage":0.0,"enemies":"Gensokyo:3_Fairies","floor":4.0,"turns":6.0},{"damage":2.0,"enemies":"Gensokyo:Mamizou","floor":6.0,"turns":9.0},{"damage":7.0,"enemies":"Gensokyo:Gryphon","floor":11.0,"turns":5.0},{"damage":0.0,"enemies":"Gensokyo:Yukari","floor":16.0,"turns":9.0},{"damage":0.0,"enemies":"Gensokyo:2_Gloops","floor":18.0,"turns":5.0},{"damage":62,"enemies":"Gensokyo:Reisen","floor":23,"turns":11},{"damage":14,"enemies":"Gensokyo:3_Dogs","floor":29,"turns":4},{"damage":16,"enemies":"Gensokyo:3_Dogs","floor":30,"turns":9},{"damage":0,"enemies":"Gensokyo:Koishi","floor":31,"turns":4},{"damage":0,"enemies":"Gensokyo:Kaguya","floor":33,"turns":7},{"damage":0,"enemies":"Gensokyo:3_Bats","floor":35,"turns":1},{"damage":5,"enemies":"Gensokyo:3_Boulders","floor":44,"turns":5},{"damage":0,"enemies":"Gensokyo:Scarlet_Devils","floor":50,"turns":5}],"seed_played":"6138108185354203850","potions_obtained":[{"floor":4.0,"key":"DistilledChaos"},{"floor":6.0,"key":"SkillPotion"},{"floor":16.0,"key":"REME_GoldPotion"},{"floor":29,"key":"LiquidMemories"}],"is_trial":false,"path_per_floor":["M","?","$","M","$","E","R","?","T","?","M","R","T","$","R","B",null,"M","M","$","?","?","E","T","R","T","?","?","M","?","E","R","B",null,"M","?","?","$","COS","R","?","?","T","M","?","R","?","?","R","B",null,null],"character_chosen":"THE_ANIMATOR","items_purchased":["Hololive_LightStick","animator:Witch","Whetstone"],"campfire_rested":1,"item_purchase_floors":[14,20,38],"current_hp_per_floor":[54,54,54,54,54,59,59,71,71,66,60,60,60,60,60,60,84,84,84,84,84,84,22,22,22,22,22,22,9,63,63,63,63,92,92,92,92,92,92,92,92,56,56,51,51,51,51,36,66,54,54],"gold":369,"neow_bonus":"RANDOM_EVENT","is_daily":false,"chose_seed":false,"campfire_upgraded":7,"win_rate":0.0,"timestamp":1612942212,"path_taken":["M","?","?","?","$","E","R","?","T","?","?","R","?","?","R","BOSS","M","?","$","?","?","E","?","R","T","?","?","?","?","E","R","BOSS","M","?","?","?","COS","R","?","?","T","?","?","R","?","?","R","BOSS"],"items_purchased_type":["Relic","Card","Relic"],"build_version":"2020-12-22","purchased_purges":9,"victory":true,"max_hp_per_floor":[66,66,66,66,66,73,73,73,73,83,84,84,84,84,84,84,84,84,84,84,84,84,84,84,84,84,84,78,79,80,83,83,92,92,92,92,92,92,92,92,92,92,92,100,100,100,100,100,100,54,54],"relic_stats":{"Strange Spoon":[8],"Nunchaku":[10],"counters":[14,83],"Whetstone":["animator:Hibiki"],"Boot":[68],"obtain_stats":[{"DemoMod:GreenGuonStone":30,"Calipers":42,"DemoMod:PoisonVial":24,"reliquary:PartyBalloon":9,"animator:TheMissingPiece":0,"DemoMod:GlassGuonStoneRelic":4,"ice":0,"Whetstone":38,"Boot":17,"MagicDraw3":43,"Frozen Eye":31,"Nunchaku":13,"Philosopher\u0027s Stone":50,"REME_LowDesire":17,"DemoMod:ClearGuonStone":26,"reliquary:SharkskinSheath":17,"animator:Buoy":31,"Pear":10,"Gensokyo:MosesMiracle":30,"DemoMod:PinkGuonStone":6,"Replay:Arrowhead":30,"Strange Spoon":39,"Hololive_LightStick":14,"Gensokyo:DayTheSeaSplit":19,"CrazyTorch:ReiMu":23,"animator:LivingPicture":0,"LetterFromLob":1,"DemoMod:Bottle":28,"REME_ComplimentaryCards":0},{"DemoMod:GreenGuonStone":9,"Calipers":12,"DemoMod:PoisonVial":7,"reliquary:PartyBalloon":3,"animator:TheMissingPiece":0,"DemoMod:GlassGuonStoneRelic":2,"ice":0,"Whetstone":12,"Boot":5,"MagicDraw3":12,"Frozen Eye":9,"Nunchaku":4,"Philosopher\u0027s Stone":14,"REME_LowDesire":5,"DemoMod:ClearGuonStone":7,"reliquary:SharkskinSheath":5,"animator:Buoy":10,"Pear":3,"Gensokyo:MosesMiracle":9,"DemoMod:PinkGuonStone":3,"Replay:Arrowhead":9,"Strange Spoon":12,"Hololive_LightStick":4,"Gensokyo:DayTheSeaSplit":6,"CrazyTorch:ReiMu":7,"animator:LivingPicture":0,"LetterFromLob":1,"DemoMod:Bottle":7,"REME_ComplimentaryCards":0},{"DemoMod:GreenGuonStone":61,"Calipers":73,"DemoMod:PoisonVial":48,"reliquary:PartyBalloon":19,"animator:TheMissingPiece":0,"DemoMod:GlassGuonStoneRelic":11,"ice":0,"Whetstone":73,"Boot":32,"MagicDraw3":73,"Frozen Eye":61,"Nunchaku":23,"Philosopher\u0027s Stone":80,"REME_LowDesire":32,"DemoMod:ClearGuonStone":48,"reliquary:SharkskinSheath":32,"animator:Buoy":65,"Pear":19,"Gensokyo:MosesMiracle":61,"DemoMod:PinkGuonStone":19,"Replay:Arrowhead":61,"Strange Spoon":73,"Hololive_LightStick":23,"Gensokyo:DayTheSeaSplit":37,"CrazyTorch:ReiMu":48,"animator:LivingPicture":0,"LetterFromLob":5,"DemoMod:Bottle":48,"REME_ComplimentaryCards":0}]},"card_choices":[{"not_picked":[],"picked":"animator:Priestess","floor":0.0},{"not_picked":[],"picked":"animator:HigakiRinne","floor":0.0},{"not_picked":["animator:DolaRiku","animator:Vanir","animator:Tet"],"picked":"SKIP","floor":1.0},{"not_picked":["animator:ChlammyZell","animator:Cocytus","animator:Shalltear"],"picked":"SKIP","floor":4.0},{"not_picked":["animator:Caster","animator:NarberalGamma","animator:Verdia"],"picked":"SKIP","floor":6.0},{"not_picked":["animator:Witch","animator:CowGirl"],"picked":"animator:GuildGirl","floor":11.0},{"not_picked":["animator:Guren","animator:Ainz"],"picked":"animator:SwordMaiden","floor":16.0},{"not_picked":["animator:Sebas","animator:LizardPriest","animator:DolaStephanie+1","animator:Kira"],"picked":"SKIP","floor":18.0},{"not_picked":["animator:UneriGinkaku","animator:Shichika","animator:Vanir+1","animator:Patchouli"],"picked":"SKIP","floor":23},{"not_picked":["animator:DwarfShaman+1","animator:Illya","animator:Kira"],"picked":"animator:Priestess+1","floor":29},{"not_picked":["animator:GuildGirl","animator:DwarfShaman"],"picked":"animator:HighElfArcher","floor":30},{"not_picked":["animator:Darkness+1","animator:LizardPriest","animator:Shigure","animator:Emilia"],"picked":"SKIP","floor":31},{"not_picked":["animator:Ainz","animator:Guren","animator:Wiz"],"picked":"animator:Hibiki","floor":33},{"not_picked":["animator:Kazuma","animator:SakuraMatou","animator:DolaRiku","animator:Patchouli"],"picked":"SKIP","floor":35},{"not_picked":["animator:Konayuki","animator:Mitsurugi","animator:Hitei+1","animator:TakanashiRikka"],"picked":"SKIP","floor":44}],"player_experience":383139,"relics_obtained":[{"floor":1.0,"key":"LetterFromLob"},{"floor":6.0,"key":"DemoMod:PinkGuonStone"},{"floor":9.0,"key":"reliquary:PartyBalloon"},{"floor":13.0,"key":"Nunchaku"},{"floor":17.0,"key":"reliquary:SharkskinSheath"},{"floor":17.0,"key":"Boot"},{"floor":23,"key":"CrazyTorch:ReiMu"},{"floor":24,"key":"DemoMod:PoisonVial"},{"floor":26,"key":"DemoMod:ClearGuonStone"},{"floor":30,"key":"Replay:Arrowhead"},{"floor":30,"key":"DemoMod:GreenGuonStone"},{"floor":30,"key":"Gensokyo:MosesMiracle"},{"floor":31,"key":"animator:Buoy"},{"floor":43,"key":"MagicDraw3"}],"event_choices":[],"is_beta":false,"boss_relics":[{"not_picked":["Mark of Pain","Calling Bell"],"picked":"REME_LowDesire"},{"not_picked":["animator:HolyGrailRelic","Mark of Pain","Hololive_ChaosS"]}],"items_purged_floors":[3,3,3,3,3,3,38,38,38],"is_endless":false,"potions_floor_spawned":[4,6,16,18,23,29,35],"ascension_level":0}}