{"host":"684z1xpuwaoqmmh1","time":1612968671,"event":{"mods":["A Magickal Journey","BaseMod","Downfall","Hermit","Jorbs\u0027s Wanderer Trilogy","Marisa????????","Minty Spire (QoL Compilation)","Robot Space Explorer","Shade Mod","StSLib","The Bug Knight","The Dragon Tamer","The Elementalist","The Hayseed","The Hierophant","The Marked","The Mystic","The Runesmith","The Saiyan","The Senshi","The Spell Scribe","The Vixen","TheBandit","TheFirefly"],"gold_per_floor":[109,120,170,170,189,189,189,189],"floor_reached":7,"language":"ENG","playtime":233,"items_purged":[],"score":59,"play_id":"caa5ace7-5d2f-4e3c-a52a-cceb2fd068d4","local_time":"20210210165111","is_ascension_mode":true,"campfire_choices":[{"data":"Runesmith:UnlimitedPower","floor":6,"key":"SMITH"}],"circlet_count":0,"master_deck":["Runesmith:Strike_RS","Runesmith:Strike_RS","Runesmith:Strike_RS","Runesmith:Strike_RS","Runesmith:Defend_RS","Runesmith:Defend_RS","Runesmith:Defend_RS","Runesmith:Defend_RS","Runesmith:CraftFirestone","Runesmith:Fortify","Runesmith:UnlimitedPower+1","Runesmith:CraftIncendium","Runesmith:CraftSpiculum","Runesmith:HeatedChisel"],"relics":["Runesmith:BrokenRuby","Ancient Tea Set"],"acts_visited":["Exordium"],"potions_floor_usage":[7],"damage_taken":[{"damage":7,"enemies":"Small Slimes","floor":1,"turns":4},{"damage":1,"enemies":"Cultist","floor":2,"turns":4},{"damage":0,"enemies":"Jaw Worm","floor":5,"turns":5},{"damage":53,"enemies":"Gremlin Nob","floor":7,"turns":4}],"seed_played":"-5588621740984841579","potions_obtained":[{"floor":1,"key":"PowerPotion"}],"is_trial":false,"path_per_floor":["M","M","?","?","M","R","E"],"character_chosen":"RUNESMITH_CLASS","items_purchased":[],"campfire_rested":0,"item_purchase_floors":[],"current_hp_per_floor":[56,55,55,43,43,43,0,0],"gold":189,"neow_bonus":"ONE_RANDOM_RARE_CARD","is_daily":false,"chose_seed":false,"campfire_upgraded":1,"win_rate":0.0,"timestamp":1612968671,"path_taken":["M","M","?","?","M","R","E"],"items_purchased_type":[],"build_version":"2020-12-22","purchased_purges":0,"victory":false,"max_hp_per_floor":[70,70,70,70,70,70,70,70],"card_choices":[{"not_picked":["Runesmith:LithiumIon","Runesmith:HeatedChisel"],"picked":"Runesmith:CraftIncendium","floor":1},{"not_picked":["Runesmith:BackupBattery","Runesmith:Grindstone"],"picked":"Runesmith:CraftSpiculum","floor":2},{"not_picked":["Runesmith:BackupBattery","Runesmith:Retool"],"picked":"Runesmith:HeatedChisel","floor":5}],"player_experience":3240204,"relics_obtained":[],"event_choices":[{"damage_healed":0,"gold_gain":0,"player_choice":"Success","damage_taken":12,"relics_obtained":["Ancient Tea Set"],"max_hp_gain":0,"max_hp_loss":0,"event_name":"Scrap Ooze","floor":4,"gold_loss":0}],"is_beta":false,"boss_relics":[],"items_purged_floors":[],"is_endless":false,"potions_floor_spawned":[1],"killed_by":"Gremlin Nob","ascension_level":9}}