{"host":"d52brwsy6af8zvaq","time":1612969575,"event":{"mods":["AchievementEnabler","BaseMod","Bestiary","Highlight Path","Minty Spire (QoL Compilation)","Quick Restart","Relic Stats","ojb\u0027s Better Paths Mod"],"gold_per_floor":[117,117,138,138,152,195,195,234,234,234,234,278,232,245,245,245,245],"floor_reached":16,"language":"ENG","playtime":492,"items_purged":[],"score":236,"play_id":"7de90024-0c17-4f20-a3e5-c3b0d86b761a","local_time":"20210210080615","is_ascension_mode":true,"campfire_choices":[{"floor":7.0,"key":"REST"},{"data":"Sweeping Beam","floor":11,"key":"SMITH"},{"floor":15,"key":"REST"}],"circlet_count":0,"master_deck":["AscendersBane","Strike_B","Strike_B+1","Strike_B","Strike_B","Defend_B","Defend_B","Defend_B","Defend_B","Zap","Dualcast","Panacea","Go for the Eyes+1","Barrage","Ball Lightning","Sweeping Beam+1","Redo","White Noise","Sunder"],"relics":["Cracked Core","Golden Idol","Frozen Egg 2","Whetstone","Happy Flower","Shuriken","Orichalcum"],"acts_visited":["Exordium"],"potions_floor_usage":[14],"damage_taken":[{"damage":7.0,"enemies":"Jaw Worm","floor":1.0,"turns":3.0},{"damage":1.0,"enemies":"2 Louse","floor":3.0,"turns":3.0},{"damage":6.0,"enemies":"Cultist","floor":5.0,"turns":3.0},{"damage":20.0,"enemies":"Lagavulin","floor":6.0,"turns":6.0},{"damage":8.0,"enemies":"Gremlin Nob","floor":8.0,"turns":3.0},{"damage":30,"enemies":"Lagavulin","floor":12,"turns":5},{"damage":5,"enemies":"Exordium Thugs","floor":14,"turns":4},{"damage":28,"enemies":"The Guardian","floor":16,"turns":10}],"seed_played":"-4092839151067054752","potions_obtained":[{"floor":3.0,"key":"Swift Potion"},{"floor":5.0,"key":"SkillPotion"},{"floor":12,"key":"SkillPotion"}],"is_trial":false,"path_per_floor":["M","?","M","T","M","E","R","E","T","?","R","E","?","M","R","B"],"character_chosen":"DEFECT","items_purchased":[],"campfire_rested":2,"item_purchase_floors":[],"current_hp_per_floor":[57,57,56,56,50,30,49,41,41,41,41,11,11,6,25,0,0],"gold":245,"neow_bonus":"RANDOM_COLORLESS","is_daily":false,"chose_seed":false,"campfire_upgraded":1,"win_rate":0.0,"timestamp":1612969575,"path_taken":["M","?","M","?","M","E","R","E","T","?","R","E","?","M","R","BOSS"],"items_purchased_type":[],"build_version":"2020-12-22","purchased_purges":0,"victory":false,"max_hp_per_floor":[71,64,64,64,64,64,64,64,64,64,64,64,64,64,64,64,64],"relic_stats":{"Happy Flower":[6],"counters":[8,37],"Golden Idol":36,"Shuriken":[3],"Whetstone":["Strike_B","Go for the Eyes"],"Orichalcum":[54],"obtain_stats":[{"Happy Flower":8,"Golden Idol":2,"Shuriken":9,"Whetstone":6,"Frozen Egg 2":4,"Orichalcum":12,"Cracked Core":0},{"Happy Flower":5,"Golden Idol":1,"Shuriken":5,"Whetstone":4,"Frozen Egg 2":2,"Orichalcum":6,"Cracked Core":0},{"Happy Flower":18,"Golden Idol":3,"Shuriken":18,"Whetstone":15,"Frozen Egg 2":6,"Orichalcum":23,"Cracked Core":0}]},"card_choices":[{"not_picked":["Jack Of All Trades","Swift Strike"],"picked":"Panacea","floor":0.0},{"not_picked":["Recycle","Hello World"],"picked":"Go for the Eyes","floor":1.0},{"not_picked":["Go for the Eyes","Reinforced Body"],"picked":"Barrage","floor":3.0},{"not_picked":["Stack","Force Field"],"picked":"Ball Lightning","floor":5.0},{"not_picked":["Machine Learning+1","Steam Power"],"picked":"Sweeping Beam","floor":6.0},{"not_picked":["Turbo","Melter"],"picked":"Redo","floor":8.0},{"not_picked":["Hello World+1","Gash"],"picked":"White Noise","floor":12},{"not_picked":["Thunder Strike","Turbo"],"picked":"Sunder","floor":14}],"player_experience":2217302,"relics_obtained":[{"floor":4.0,"key":"Frozen Egg 2"},{"floor":6.0,"key":"Whetstone"},{"floor":8.0,"key":"Happy Flower"},{"floor":9.0,"key":"Shuriken"},{"floor":12,"key":"Orichalcum"}],"event_choices":[{"damage_healed":0.0,"max_hp_gain":0.0,"max_hp_loss":7.0,"gold_gain":0.0,"event_name":"Golden Idol","player_choice":"Lose Max HP","floor":2.0,"gold_loss":0.0,"damage_taken":0.0,"relics_obtained":["Golden Idol"]},{"damage_healed":0,"gold_gain":0,"player_choice":"Searched \u00270\u0027 times","damage_taken":0,"max_hp_gain":0,"max_hp_loss":0,"event_name":"Dead Adventurer","floor":10,"gold_loss":0},{"damage_healed":0,"gold_gain":0,"player_choice":"Left Gold","damage_taken":0,"max_hp_gain":0,"max_hp_loss":0,"event_name":"World of Goop","floor":13,"gold_loss":46}],"is_beta":false,"boss_relics":[],"items_purged_floors":[],"is_endless":false,"potions_floor_spawned":[3,5,12],"killed_by":"The Guardian","ascension_level":20}}