{"host":"5vt7i1s0igmi3yzq","time":1612940485,"event":{"mods":["2.2 Compatiblity","AchievementEnabler","Act Like it!","Ascension Reborn","Aspiration","BaseMod","Better Altar","Better Match","Better Note","Better Sensory Stone","Better Skull","Better Third Choice","Better Vampires","BetterRewards","Colored Powertips","Defuse TimeMaze Blight","Fox Events","Friendly Minions","GifTheSpireLib","Hermit","Highlight Path","JesterMod","Jorbs\u0027s Wanderer Trilogy","Marked Mod","Mimic Mod","Minty Spire (QoL Compilation)","Morshu Shopkeeper","Morshu Shopkeeper - ENHANCED","Pale of the Ancients","Permanent Neow","Random Character Button","Rare Cards Sparkle","Replay The Spire","Reworked Bosses","Shade Mod","Shop Mod","StSLib","Stuff the Spire","The Construct","The Cursed","TheVacant","Unceasing Turn Reminder","Wandering Minibosses","everything is the same but u backflip on backflip"],"gold_per_floor":[215,215,44,44,44,59,78,110,126,156,191,208,221,221,231,246,246,346,346,364,50,69,34,34,60,60,71,104,104,117,137,142,142],"floor_reached":32,"language":"ENG","playtime":2372,"items_purged":[],"score":276,"play_id":"948b9667-3199-4c6f-9721-670156acc536","local_time":"20210210010125","is_ascension_mode":true,"campfire_choices":[{"data":"hermit:LoneWolf","floor":17,"key":"SMITH"},{"data":"hermit:EyeOfTheStorm","floor":26,"key":"SMITH"}],"circlet_count":0,"master_deck":["hermit:Strike_Hermit","hermit:Strike_Hermit","hermit:Strike_Hermit","hermit:Strike_Hermit","hermit:Defend_Hermit","hermit:Defend_Hermit","hermit:Defend_Hermit","hermit:Defend_Hermit","hermit:Snapshot","hermit:Covet","hermit:Roulette","Injury","hermit:ItchyTrigger","hermit:Quickdraw","hermit:EyeOfTheStorm+1","hermit:Malice","hermit:WideOpen","hermit:Vantage","hermit:Enervate","hermit:GoldenBullet","hermit:Combo+1","hermit:LoneWolf+1","hermit:BigShot+1","hermit:Gambit","hermit:FlashPowder","hermit:Misfire+1","hermit:EyeOfTheStorm","hermit:HighCaliber","hermit:GhostlyPresence","hermit:ShadowCloak+1","TheCursedMod:CircleOfBlood","hermit:Scavenge","hermit:Cheat"],"relics":["hermit:Momento","Frozen Egg 2","Toolbox","Orichalcum","Pondfish Scales","Lantern","Painkiller Herb","Du-Vu Doll","Letter Opener"],"acts_visited":["Exordium","TheCity"],"potions_floor_usage":[8,10,15,18,18,31],"damage_taken":[{"damage":0,"enemies":"Small Slimes","floor":1,"turns":3},{"damage":0,"enemies":"2 Louse","floor":6,"turns":2},{"damage":0,"enemies":"Jaw Worm","floor":7,"turns":3},{"damage":4,"enemies":"Lagavulin","floor":8,"turns":5},{"damage":4,"enemies":"Red Slaver","floor":9,"turns":2},{"damage":9,"enemies":"Replay:BlueRogue","floor":10,"turns":4},{"damage":4,"enemies":"Looter","floor":11,"turns":6},{"damage":0,"enemies":"Looter","floor":12,"turns":1},{"damage":0,"enemies":"Blue Slaver","floor":13,"turns":3},{"damage":0,"enemies":"Exordium Thugs","floor":15,"turns":4},{"damage":0,"enemies":"Looter","floor":16,"turns":1},{"damage":16,"enemies":"Hexaghost","floor":18,"turns":7},{"damage":18,"enemies":"Spheric Guardian","floor":20,"turns":4},{"damage":0,"enemies":"Chosen","floor":22,"turns":3},{"damage":35,"enemies":"Slavers","floor":25,"turns":7},{"damage":0,"enemies":"Snake Plant","floor":27,"turns":2},{"damage":0,"enemies":"Centurion and Healer","floor":28,"turns":3},{"damage":14,"enemies":"Centurion and Healer","floor":30,"turns":5},{"damage":18,"enemies":"Cultist and Chosen","floor":31,"turns":7},{"damage":5,"enemies":"Snake Plant","floor":32,"turns":2}],"seed_played":"-5456167113534133449","potions_obtained":[{"floor":6,"key":"LifebloodPotion"},{"floor":8,"key":"Fire Potion"},{"floor":9,"key":"PowerPotion"},{"floor":13,"key":"hermit:BlackBile"},{"floor":14,"key":"Energy Potion"},{"floor":16,"key":"Adrenaline Potion"},{"floor":25,"key":"FearPotion"},{"floor":30,"key":"Doom Potion"}],"is_trial":false,"path_per_floor":["M","?","$","PTL","PTL","M","M","E","M","E","MIM","M","M","?","M","M","R","B",null,"?","T","?","T","?","E","T","?","MIM","?","?","?","?"],"character_chosen":"HERMIT","items_purchased":["Toolbox","hermit:ItchyTrigger","Du-Vu Doll","hermit:EyeOfTheStorm"],"campfire_rested":0,"item_purchase_floors":[3,3,21,23],"current_hp_per_floor":[75,75,75,75,75,75,75,71,67,58,54,54,54,54,54,54,54,38,75,57,57,57,57,65,30,30,30,30,30,18,4,0,0],"gold":142,"neow_bonus":"HUNDRED_GOLD","is_daily":false,"chose_seed":false,"campfire_upgraded":2,"win_rate":0.0,"timestamp":1612940485,"path_taken":["M","?","$","PTL","PTL","M","M","E","M","E","MIM","M","M","?","M","?","R","BOSS","?","T","?","T","?","E","T","?","MIM","?","?","?","?"],"items_purchased_type":["Relic","Card","Relic","Card"],"build_version":"2020-12-22","purchased_purges":0,"victory":false,"max_hp_per_floor":[75,75,75,75,75,75,75,75,75,75,75,75,75,75,75,75,75,75,75,75,75,75,75,75,75,75,75,75,75,75,75,75,75],"card_choices":[{"not_picked":["hermit:Feint","hermit:Coalescence"],"picked":"hermit:Roulette","floor":1},{"not_picked":["hermit:Coalescence","hermit:Headshot"],"picked":"hermit:Quickdraw","floor":6},{"not_picked":["hermit:WideOpen","hermit:BigShot+1"],"picked":"hermit:EyeOfTheStorm","floor":7},{"not_picked":["hermit:Manifest","hermit:BodyArmor"],"picked":"hermit:Malice","floor":8},{"not_picked":["hermit:HighCaliber","hermit:Coalescence"],"picked":"hermit:WideOpen","floor":9},{"not_picked":["hermit:Dive","hermit:Coalescence"],"picked":"hermit:Vantage","floor":10},{"not_picked":["hermit:FullyLoaded","hermit:Virtue"],"picked":"hermit:Enervate","floor":11},{"not_picked":["hermit:GhostlyPresence","hermit:Manifest"],"picked":"hermit:GoldenBullet","floor":12},{"not_picked":["hermit:Coalescence","hermit:BodyArmor"],"picked":"hermit:Combo+1","floor":13},{"not_picked":["hermit:FullyLoaded","hermit:Malice"],"picked":"hermit:LoneWolf","floor":15},{"not_picked":["hermit:Desperado","hermit:FullyLoaded"],"picked":"hermit:BigShot+1","floor":16},{"not_picked":["hermit:Dissolve","hermit:FinalCanter"],"picked":"hermit:Gambit","floor":18},{"not_picked":["hermit:SprayPray","hermit:HoleUp+1"],"picked":"hermit:FlashPowder","floor":20},{"not_picked":["hermit:FullyLoaded","hermit:Manifest"],"picked":"hermit:Misfire+1","floor":22},{"not_picked":["hermit:Misfire","hermit:BodyArmor"],"picked":"hermit:HighCaliber","floor":25},{"not_picked":["hermit:Combo+1","hermit:Headshot"],"picked":"hermit:GhostlyPresence","floor":27},{"not_picked":["hermit:Quickdraw","hermit:TrackingShot"],"picked":"hermit:ShadowCloak+1","floor":28},{"not_picked":["hermit:WideOpen","hermit:Malice+1"],"picked":"hermit:Scavenge","floor":30},{"not_picked":["hermit:Manifest","hermit:HoleUp+1"],"picked":"hermit:Cheat","floor":31}],"player_experience":405889,"relics_obtained":[{"floor":8,"key":"Orichalcum"},{"floor":10,"key":"Pondfish Scales"},{"floor":11,"key":"Lantern"},{"floor":25,"key":"Letter Opener"}],"event_choices":[{"damage_healed":0,"gold_gain":0,"player_choice":"Got Potions","damage_taken":0,"max_hp_gain":0,"max_hp_loss":0,"event_name":"Lab","floor":14,"gold_loss":0},{"cards_removed":["hermit:Roulette"],"damage_healed":0,"gold_gain":0,"player_choice":"Take \u0026 Give","damage_taken":0,"max_hp_gain":0,"max_hp_loss":0,"event_name":"betterNote:BetterNote","floor":29,"gold_loss":0,"cards_obtained":["TheCursedMod:CircleOfBlood"]}],"is_beta":false,"boss_relics":[{"not_picked":["Replay:Ancient Bell","aspiration:RunicSpoon"],"picked":"Painkiller Herb"}],"items_purged_floors":[],"is_endless":false,"potions_floor_spawned":[6,8,9,13,16,25,30],"killed_by":"Snake Plant","ascension_level":0}}