{"host":"newqdrzxfhh2im9e","time":1612929651,"event":{"mods":["AchievementEnabler","BaseMod","Block Reminder","Colored Map","Minty Spire (QoL Compilation)","Rare Cards Sparkle","Shop Mod","StSLib"],"gold_per_floor":[116,116,116,11,22,39,67,79,117,149,486,518,548,48,48,148,148,162,181,181,195,212,212,237,237,237,237,237,237,237,18,18,18,18],"floor_reached":33,"language":"ENG","playtime":1355,"items_purged":[],"score":300,"play_id":"0295b0b5-ac3c-4dd6-9417-928e4be57cb3","local_time":"20210209200051","is_ascension_mode":false,"campfire_choices":[{"data":"Blur","floor":8,"key":"SMITH"},{"floor":15,"key":"REST"},{"floor":23,"key":"REST"},{"floor":28,"key":"RECALL"},{"floor":32,"key":"REST"}],"circlet_count":0,"master_deck":["Survivor","Neutralize","Footwork","Bane","Deflect","Blur+1","Setup","Dagger Spray","Malaise","Slice","Venomology","Setup","Distraction","Cloak And Dagger","Unload","Blur","Dash","Dagger Throw","After Image","Slice","Choke","Dodge and Roll+1","PiercingWail","Bite","Bite","Bite","Bite","Bite","Writhe","A Thousand Cuts","Masterful Stab"],"relics":["Busted Crown","MawBank","Bag of Preparation","Old Coin","Regal Pillow","Sling","Pandora\u0027s Box","Pantograph","Toxic Egg 2"],"acts_visited":["Exordium","TheCity"],"potions_floor_usage":[7,13,16,19,21,21,22,22,24,33],"damage_taken":[{"damage":0,"enemies":"2 Louse","floor":1,"turns":2},{"damage":0,"enemies":"Jaw Worm","floor":5,"turns":5},{"damage":0,"enemies":"Small Slimes","floor":6,"turns":5},{"damage":15,"enemies":"Lagavulin","floor":7,"turns":13},{"damage":0,"enemies":"3 Louse","floor":10,"turns":3},{"damage":13,"enemies":"3 Sentries","floor":11,"turns":9},{"damage":0,"enemies":"Large Slime","floor":12,"turns":8},{"damage":1,"enemies":"2 Fungi Beasts","floor":13,"turns":3},{"damage":13,"enemies":"The Guardian","floor":16,"turns":11},{"damage":22,"enemies":"Spheric Guardian","floor":18,"turns":7},{"damage":9,"enemies":"Chosen","floor":19,"turns":6},{"damage":18,"enemies":"Snake Plant","floor":21,"turns":7},{"damage":16,"enemies":"Cultist and Chosen","floor":22,"turns":8},{"damage":40,"enemies":"Book of Stabbing","floor":24,"turns":8},{"damage":95,"enemies":"Automaton","floor":33,"turns":12}],"seed_played":"-6896010580238014686","potions_obtained":[{"floor":6,"key":"PowerPotion"},{"floor":11,"key":"CultistPotion"},{"floor":12,"key":"AttackPotion"},{"floor":18,"key":"DistilledChaos"},{"floor":24,"key":"Explosive Potion"}],"is_trial":false,"path_per_floor":["M","?","?","$","M","M","E","R","T","M","E","M","M","$","R","B",null,"M","M","?","M","M","R","E","?","T","?","R","?","?","$","R","B"],"character_chosen":"THE_SILENT","items_purchased":["Footwork","Bane","Blood Vial","Regal Pillow","Sling","Explosive Potion","A Thousand Cuts","Masterful Stab"],"campfire_rested":3,"item_purchase_floors":[4,4,14,14,14,14,31,31],"current_hp_per_floor":[70,56,56,56,56,56,41,41,41,41,28,28,27,27,63,52,70,48,41,41,33,25,61,33,33,33,33,33,20,20,20,57,0,0],"gold":18,"neow_bonus":"BOSS_RELIC","is_daily":false,"chose_seed":false,"campfire_upgraded":1,"win_rate":0.0,"timestamp":1612929651,"path_taken":["M","?","?","$","M","M","E","R","T","M","E","M","M","?","R","BOSS","M","M","?","M","M","R","E","?","T","?","R","?","?","?","R","BOSS"],"items_purchased_type":["Card","Card","Relic","Relic","Relic","Potion","Card","Card"],"build_version":"2020-12-22","purchased_purges":0,"victory":false,"max_hp_per_floor":[70,70,70,70,70,70,70,70,70,70,70,70,70,70,70,70,70,70,70,70,70,70,70,70,70,70,70,70,75,75,75,75,75,75],"card_choices":[{"not_picked":["Acrobatics"],"picked":"SKIP","floor":1},{"not_picked":[],"picked":"Deflect","floor":5},{"not_picked":[],"picked":"Blur","floor":6},{"not_picked":[],"picked":"Setup","floor":7},{"not_picked":[],"picked":"Dagger Spray","floor":10},{"not_picked":[],"picked":"Malaise","floor":11},{"not_picked":[],"picked":"Slice","floor":12},{"not_picked":["Poisoned Stab"],"picked":"SKIP","floor":13},{"not_picked":[],"picked":"Venomology","floor":16},{"not_picked":[],"picked":"Dodge and Roll+1","floor":18},{"not_picked":[],"picked":"PiercingWail","floor":19},{"not_picked":["Quick Slash"],"picked":"SKIP","floor":21},{"not_picked":["PiercingWail"],"picked":"SKIP","floor":22},{"not_picked":["Deflect"],"picked":"SKIP","floor":24}],"player_experience":774770,"relics_obtained":[{"floor":7,"key":"MawBank"},{"floor":9,"key":"Bag of Preparation"},{"floor":11,"key":"Old Coin"},{"floor":24,"key":"Pantograph"}],"event_choices":[{"damage_healed":0,"gold_gain":0,"player_choice":"Entered Light","damage_taken":14,"max_hp_gain":0,"max_hp_loss":0,"event_name":"Shining Light","floor":2,"gold_loss":0,"cards_upgraded":["Defend_G","Defend_G"]},{"damage_healed":0,"gold_gain":0,"player_choice":"Ignored","damage_taken":0,"max_hp_gain":0,"max_hp_loss":0,"event_name":"Golden Wing","floor":3,"gold_loss":0},{"damage_healed":0,"gold_gain":0,"player_choice":"Became a vampire (Vial)","damage_taken":0,"max_hp_gain":0,"max_hp_loss":0,"event_name":"Vampires","floor":20,"relics_lost":["Blood Vial"],"gold_loss":0,"cards_obtained":["Bite","Bite","Bite","Bite","Bite"]},{"damage_healed":0,"gold_gain":0,"player_choice":"Ignored","damage_taken":0,"max_hp_gain":0,"max_hp_loss":0,"event_name":"Cursed Tome","floor":25,"gold_loss":0},{"damage_healed":0,"gold_gain":0,"player_choice":"Opened","damage_taken":0,"relics_obtained":["Toxic Egg 2"],"max_hp_gain":0,"max_hp_loss":0,"event_name":"The Mausoleum","floor":27,"gold_loss":0,"cards_obtained":["Writhe"]},{"damage_healed":0,"gold_gain":0,"player_choice":"Shed Blood","damage_taken":18,"max_hp_gain":5,"max_hp_loss":0,"event_name":"Forgotten Altar","floor":29,"gold_loss":0},{"damage_healed":0,"gold_gain":0,"player_choice":"Ignored","damage_taken":0,"max_hp_gain":0,"max_hp_loss":0,"event_name":"Ghosts","floor":30,"gold_loss":0}],"is_beta":false,"boss_relics":[{"not_picked":["Fusion Hammer","Velvet Choker"],"picked":"Pandora\u0027s Box"}],"items_purged_floors":[],"is_endless":false,"potions_floor_spawned":[6,11,12,18,24],"killed_by":"Automaton","ascension_level":0}}