{"host":"zxkjcgzis4pm3za5","time":1612967337,"event":{"mods":["AchievementEnabler","BaseMod","Colored Map","Colored Powertips","Minty Spire (QoL Compilation)","Quick Restart","RNG Fix","Random Character Button","Relic Sorter","Relic Stats","StSLib"],"gold_per_floor":[219,219,36,49,60,60,87,87,87,87,114,124,159,173,173,247,247,261,276,294,325,325,325,344,344,369,398,398,129,156,156,156],"floor_reached":31,"language":"ENG","playtime":2853,"items_purged":["Pain","Strike_R"],"score":586,"play_id":"53b52737-96d0-4b09-b0a1-b21188c6f2b4","local_time":"20210210195857","is_ascension_mode":true,"campfire_choices":[{"data":"Inflame","floor":6.0,"key":"SMITH"},{"floor":8.0,"key":"REST"},{"data":"Rage","floor":10.0,"key":"SMITH"},{"data":"Metallicize","floor":15.0,"key":"SMITH"},{"data":"RitualDagger","floor":23,"key":"SMITH"},{"floor":25,"key":"REST"},{"floor":28,"key":"REST"}],"circlet_count":0,"master_deck":["AscendersBane","Strike_R","Strike_R","Strike_R","Strike_R","Defend_R","Defend_R","Defend_R","Defend_R","Bash","Rage+1","Anger","Inflame+1","Spot Weakness","Burning Pact","Sword Boomerang","Ghostly Armor","Metallicize+1","Dual Wield","Reaper","Sentinel","Shrug It Off","Headbutt","RitualDagger+1","Clothesline+1"],"relics":["Burning Blood","WarpedTongs","Torii","Letter Opener","Pen Nib","Sundial","Busted Crown","Red Mask","Vajra","Pantograph","OrangePellets","Omamori"],"acts_visited":["Exordium","TheCity"],"potions_floor_usage":[18,21,27,30],"damage_taken":[{"damage":12.0,"enemies":"Small Slimes","floor":1.0,"turns":5.0},{"damage":3.0,"enemies":"2 Louse","floor":4.0,"turns":2.0},{"damage":12.0,"enemies":"Jaw Worm","floor":5.0,"turns":2.0},{"damage":32.0,"enemies":"Gremlin Nob","floor":7.0,"turns":4.0},{"damage":22.0,"enemies":"Lagavulin","floor":11.0,"turns":6.0},{"damage":19.0,"enemies":"Exordium Wildlife","floor":12.0,"turns":4.0},{"damage":8.0,"enemies":"Gremlin Nob","floor":13.0,"turns":3.0},{"damage":1.0,"enemies":"Blue Slaver","floor":14.0,"turns":4.0},{"damage":3,"enemies":"The Guardian","floor":16,"turns":9},{"damage":18,"enemies":"2 Thieves","floor":18,"turns":3},{"damage":42,"enemies":"Chosen","floor":19,"turns":6},{"damage":2,"enemies":"Centurion and Healer","floor":20,"turns":5},{"damage":30,"enemies":"Masked Bandits","floor":21,"turns":5},{"damage":48,"enemies":"Chosen and Byrds","floor":24,"turns":9},{"damage":30,"enemies":"Book of Stabbing","floor":27,"turns":5},{"damage":70,"enemies":"Gremlin Leader","floor":30,"turns":9},{"damage":24,"enemies":"Snake Plant","floor":31,"turns":4}],"seed_played":"-1236116819933683147","potions_obtained":[{"floor":1.0,"key":"PowerPotion"},{"floor":12.0,"key":"BlessingOfTheForge"},{"floor":14.0,"key":"PowerPotion"},{"floor":16,"key":"GamblersBrew"},{"floor":19,"key":"Fire Potion"},{"floor":20,"key":"LiquidMemories"},{"floor":27,"key":"Block Potion"}],"is_trial":false,"path_per_floor":["M","?","$","M","M","R","E","R","T","R","E","M","E","M","R","B",null,"M","M","M","?","?","R","M","R","T","E","R","$","E","M"],"character_chosen":"IRONCLAD","items_purchased":["Anger","Inflame","OrangePellets"],"campfire_rested":3,"item_purchase_floors":[3,3,29],"current_hp_per_floor":[62,62,62,65,59,59,33,55,55,55,39,26,24,29,29,32,64,75,55,65,61,55,55,19,41,41,29,51,51,14,0,0],"gold":156,"neow_bonus":"HUNDRED_GOLD","is_daily":false,"chose_seed":false,"campfire_upgraded":4,"win_rate":0.0,"timestamp":1612967337,"path_taken":["M","?","$","M","M","R","E","R","T","R","E","M","E","M","R","BOSS","M","M","M","?","?","R","M","R","T","E","R","$","E","M"],"items_purchased_type":["Card","Card","Relic"],"build_version":"2020-12-22","purchased_purges":2,"victory":false,"max_hp_per_floor":[75,75,75,75,75,75,75,75,75,75,75,75,75,75,75,75,75,75,75,75,75,75,75,75,75,75,75,75,75,75,75,75],"relic_stats":{"OrangePellets":[0],"Busted Crown":14,"Torii":34,"counters":[17,85],"Sundial":[6],"Pantograph":0,"Pen Nib":[10],"Letter Opener":[61],"obtain_stats":[{"OrangePellets":29,"Busted Crown":17,"Torii":7,"Sundial":13,"Pantograph":27,"Vajra":26,"Pen Nib":11,"Red Mask":21,"Omamori":30,"Letter Opener":9,"Burning Blood":0,"WarpedTongs":2},{"OrangePellets":15,"Busted Crown":9,"Torii":4,"Sundial":7,"Pantograph":15,"Vajra":14,"Pen Nib":5,"Red Mask":13,"Omamori":16,"Letter Opener":4,"Burning Blood":0,"WarpedTongs":1},{"OrangePellets":72,"Busted Crown":39,"Torii":13,"Sundial":26,"Pantograph":72,"Vajra":67,"Pen Nib":19,"Red Mask":58,"Omamori":81,"Letter Opener":13,"Burning Blood":0,"WarpedTongs":5}],"Burning Blood":90,"WarpedTongs":[80]},"card_choices":[{"not_picked":["Reckless Charge","Iron Wave"],"picked":"Rage","floor":1.0},{"not_picked":["Hemokinesis","Dropkick"],"picked":"Spot Weakness","floor":4.0},{"not_picked":["Reckless Charge","Inflame"],"picked":"Burning Pact","floor":5.0},{"not_picked":["Power Through","Dropkick"],"picked":"Sword Boomerang","floor":7.0},{"not_picked":["Hemokinesis","Wild Strike"],"picked":"Ghostly Armor","floor":11.0},{"not_picked":["Pommel Strike","Wild Strike"],"picked":"Metallicize","floor":12.0},{"not_picked":["Wild Strike","Demon Form","Infernal Blade"],"picked":"SKIP","floor":13.0},{"not_picked":["Clash","Body Slam"],"picked":"Dual Wield","floor":14.0},{"not_picked":["Offering","Fiend Fire"],"picked":"Reaper","floor":16},{"not_picked":["Anger"],"picked":"SKIP","floor":18},{"not_picked":[],"picked":"Sentinel","floor":19},{"not_picked":[],"picked":"Shrug It Off","floor":20},{"not_picked":[],"picked":"Headbutt","floor":21},{"not_picked":["Fire Breathing"],"picked":"SKIP","floor":24},{"not_picked":["Headbutt"],"picked":"SKIP","floor":27},{"not_picked":[],"picked":"Clothesline+1","floor":30}],"player_experience":347470,"relics_obtained":[{"floor":7.0,"key":"Torii"},{"floor":9.0,"key":"Letter Opener"},{"floor":11.0,"key":"Pen Nib"},{"floor":13.0,"key":"Sundial"},{"floor":21,"key":"Red Mask"},{"floor":26,"key":"Vajra"},{"floor":27,"key":"Pantograph"},{"floor":30,"key":"Omamori"}],"event_choices":[{"damage_healed":0.0,"max_hp_gain":0.0,"max_hp_loss":0.0,"gold_gain":0.0,"event_name":"Accursed Blacksmith","player_choice":"Rummage","floor":2.0,"gold_loss":0.0,"damage_taken":0.0,"relics_obtained":["WarpedTongs"],"cards_obtained":["Pain"]},{"damage_healed":0,"gold_gain":0,"player_choice":"Fought Bandits","damage_taken":0,"max_hp_gain":0,"max_hp_loss":0,"event_name":"Masked Bandits","floor":21,"gold_loss":0},{"damage_healed":0,"gold_gain":0,"player_choice":"Joined the Cult","damage_taken":6,"max_hp_gain":0,"max_hp_loss":0,"event_name":"Nest","floor":22,"gold_loss":0,"cards_obtained":["RitualDagger"]}],"is_beta":false,"boss_relics":[{"not_picked":["Snecko Eye","Tiny House"],"picked":"Busted Crown"}],"items_purged_floors":[3,29],"is_endless":false,"potions_floor_spawned":[1,12,14,16,19,20,27],"killed_by":"Snake Plant","ascension_level":20}}