{"host":"88lvt7gsyxh4j61b","time":1612985331,"event":{"mods":["BaseMod","Colored Powertips","Highlight Path","Minty Spire (QoL Compilation)","Quick Restart"],"gold_per_floor":[216,216,229,30,45,73,73,73,73,87,148,148,148],"floor_reached":12,"language":"ITA","playtime":847,"items_purged":[],"score":78,"play_id":"d31abebb-dffd-4974-9dc1-54c90feb917e","local_time":"20210210202851","is_ascension_mode":false,"campfire_choices":[],"circlet_count":0,"master_deck":["Strike_P","Strike_P","Strike_P","Strike_P","Defend_P","Defend_P","Defend_P","Defend_P","Eruption","Vigilance","Establishment","Perseverance","WindmillStrike","LessonLearned"],"relics":["PureWater","Eternal Feather","Tiny Chest","Matryoshka","Bottled Tornado"],"acts_visited":["Exordium"],"potions_floor_usage":[6,11,12],"damage_taken":[{"damage":0,"enemies":"Small Slimes","floor":1,"turns":5},{"damage":5,"enemies":"Jaw Worm","floor":3,"turns":6},{"damage":8,"enemies":"2 Louse","floor":5,"turns":5},{"damage":23,"enemies":"Lagavulin","floor":6,"turns":10},{"damage":10,"enemies":"Red Slaver","floor":10,"turns":5},{"damage":21,"enemies":"Gremlin Nob","floor":11,"turns":6},{"damage":24,"enemies":"Gremlin Nob","floor":12,"turns":4}],"seed_played":"-5986500894790545305","potions_obtained":[{"floor":3,"key":"Block Potion"},{"floor":5,"key":"DistilledChaos"},{"floor":11,"key":"Strength Potion"}],"is_trial":false,"path_per_floor":["M","?","M","$","M","E","?","$","T","M","?","E"],"character_chosen":"WATCHER","items_purchased":["Establishment","Perseverance"],"campfire_rested":0,"item_purchase_floors":[4,4],"current_hp_per_floor":[72,65,60,60,52,29,53,53,53,43,22,0,0],"gold":148,"neow_bonus":"HUNDRED_GOLD","is_daily":false,"chose_seed":false,"campfire_upgraded":0,"win_rate":0.0,"timestamp":1612985331,"path_taken":["M","?","M","$","M","E","?","?","T","M","?","E"],"items_purchased_type":["Card","Card"],"build_version":"2020-12-22","purchased_purges":0,"victory":false,"max_hp_per_floor":[72,72,72,72,72,72,72,72,72,72,72,72,72],"card_choices":[{"not_picked":["Halt","Tantrum","TalkToTheHand"],"picked":"SKIP","floor":1},{"not_picked":["JustLucky","BowlingBash","FlurryOfBlows"],"picked":"SKIP","floor":3},{"not_picked":["ThirdEye","CutThroughFate"],"picked":"WindmillStrike","floor":5},{"not_picked":["PathToVictory","EmptyBody","Indignation"],"picked":"SKIP","floor":6},{"not_picked":["FlurryOfBlows","FlyingSleeves","CrushJoints"],"picked":"SKIP","floor":10},{"not_picked":["BowlingBash","LikeWater"],"picked":"LessonLearned","floor":11}],"player_experience":308694,"relics_obtained":[{"floor":6,"key":"Tiny Chest"},{"floor":9,"key":"Matryoshka"},{"floor":11,"key":"Bottled Tornado"}],"event_choices":[{"damage_healed":0,"gold_gain":0,"player_choice":"Success","damage_taken":7,"relics_obtained":["Eternal Feather"],"max_hp_gain":0,"max_hp_loss":0,"event_name":"Scrap Ooze","floor":2,"gold_loss":0},{"damage_healed":24,"gold_gain":0,"player_choice":"Banana","damage_taken":0,"max_hp_gain":0,"max_hp_loss":0,"event_name":"Big Fish","floor":7,"gold_loss":0},{"damage_healed":0,"gold_gain":0,"player_choice":"Searched \u00271\u0027 times","damage_taken":0,"max_hp_gain":0,"max_hp_loss":0,"event_name":"Dead Adventurer","floor":11,"gold_loss":0}],"is_beta":false,"boss_relics":[],"items_purged_floors":[],"is_endless":false,"potions_floor_spawned":[3,5,11],"killed_by":"Gremlin Nob","ascension_level":0}}