{"host":"kh6fvhxn285ncg0o","time":1612986038,"event":{"mods":["Act Like it!","BaseMod","Colored Map","Friendly Minions","Keyboard Shortcuts","Minty Spire (QoL Compilation)","Quick Restart","Relic Stats","StSLib","SuperFastMode","UnlockEverythingMod"],"gold_per_floor":[109,109,109,126,144,144,171,184,209,237,237,32,32,43,43,119,119,132,169,181,193,118,147,147,147,147,176,176,204,204,237,237,237,237],"floor_reached":33,"language":"KOR","playtime":1443,"items_purged":[],"score":766,"play_id":"8f483c52-c62e-44ed-9c95-5f5384de71a0","local_time":"20210211044038","is_ascension_mode":true,"campfire_choices":[{"data":"Poisoned Stab","floor":6,"key":"SMITH"},{"data":"Bouncing Flask","floor":13,"key":"SMITH"},{"data":"Flechettes","floor":15,"key":"SMITH"},{"data":"Adrenaline","floor":25,"key":"SMITH"},{"floor":32,"key":"REST"}],"circlet_count":0,"master_deck":["AscendersBane","Defend_G","Defend_G","Defend_G","Survivor","Neutralize","Cloak And Dagger+1","Poisoned Stab+1","Infinite Blades","Backstab","Bouncing Flask+1","Calculated Gamble","Malaise","Flechettes+1","Adrenaline+1","Bouncing Flask+1","Crippling Poison+1","Acrobatics+1","Noxious Fumes"],"relics":["Ring of the Snake","Akabeko","MealTicket","Strawberry","Toolbox","Astrolabe","Letter Opener","MutagenicStrength","Eternal Feather","Calipers","PreservedInsect","Oddly Smooth Stone"],"acts_visited":["Exordium","TheCity"],"potions_floor_usage":[7,23,27,33,33],"damage_taken":[{"damage":0,"enemies":"Small Slimes","floor":1,"turns":4},{"damage":0,"enemies":"2 Louse","floor":4,"turns":5},{"damage":3,"enemies":"Cultist","floor":5,"turns":4},{"damage":9,"enemies":"Lagavulin","floor":7,"turns":7},{"damage":4,"enemies":"Exordium Wildlife","floor":8,"turns":5},{"damage":15,"enemies":"3 Sentries","floor":10,"turns":7},{"damage":0,"enemies":"Gremlin Gang","floor":14,"turns":2},{"damage":7,"enemies":"Hexaghost","floor":16,"turns":9},{"damage":0,"enemies":"Chosen","floor":18,"turns":1},{"damage":0,"enemies":"2 Thieves","floor":19,"turns":4},{"damage":3,"enemies":"Chosen and Byrds","floor":20,"turns":3},{"damage":10,"enemies":"Snake Plant","floor":21,"turns":3},{"damage":2,"enemies":"Slavers","floor":23,"turns":4},{"damage":19,"enemies":"Gremlin Leader","floor":27,"turns":4},{"damage":0,"enemies":"Book of Stabbing","floor":29,"turns":3},{"damage":0,"enemies":"Gremlin Leader","floor":31,"turns":2},{"damage":52,"enemies":"Automaton","floor":33,"turns":8}],"seed_played":"1309137268600846088","potions_obtained":[{"floor":5,"key":"DistilledChaos"},{"floor":10,"key":"BlessingOfTheForge"},{"floor":14,"key":"ColorlessPotion"},{"floor":16,"key":"Block Potion"},{"floor":20,"key":"Strength Potion"},{"floor":27,"key":"AttackPotion"},{"floor":29,"key":"CunningPotion"}],"is_trial":false,"path_per_floor":["M","?","?","M","M","R","E","M","T","E","?","$","R","M","R","B",null,"M","M","M","M","?","E","?","R","T","E","?","E","?","E","R","B"],"character_chosen":"THE_SILENT","items_purchased":["Flechettes","Toolbox"],"campfire_rested":1,"item_purchase_floors":[12,12],"current_hp_per_floor":[59,59,59,59,56,56,47,43,43,35,35,50,50,50,50,43,66,66,66,63,53,53,51,51,51,51,32,32,32,11,11,43,0,0],"gold":237,"neow_bonus":"TRANSFORM_CARD","is_daily":false,"chose_seed":false,"campfire_upgraded":4,"win_rate":0.0,"timestamp":1612986038,"path_taken":["M","?","?","M","?","R","E","M","T","E","?","$","R","M","R","BOSS","M","M","?","M","?","E","?","R","T","E","?","E","?","E","R","BOSS"],"items_purchased_type":["Card","Relic"],"build_version":"2020-12-22","purchased_purges":0,"victory":false,"max_hp_per_floor":[66,66,66,66,66,66,66,66,66,73,73,73,73,73,73,73,73,73,73,73,73,73,73,73,73,73,73,73,73,78,78,78,78,78],"relic_stats":{"counters":[17,75],"Astrolabe":["Infinite Blades","Bouncing Flask","Crippling Poison"],"MealTicket":15,"Eternal Feather":9,"PreservedInsect":63,"Letter Opener":[73],"obtain_stats":[{"Calipers":27,"Strawberry":10,"Astrolabe":17,"MutagenicStrength":24,"Toolbox":12,"Oddly Smooth Stone":31,"MealTicket":9,"Eternal Feather":26,"PreservedInsect":29,"Letter Opener":23,"Akabeko":7,"Ring of the Snake":0},{"Calipers":14,"Strawberry":6,"Astrolabe":8,"MutagenicStrength":13,"Toolbox":6,"Oddly Smooth Stone":16,"MealTicket":5,"Eternal Feather":13,"PreservedInsect":15,"Letter Opener":13,"Akabeko":4,"Ring of the Snake":0},{"Calipers":62,"Strawberry":32,"Astrolabe":43,"MutagenicStrength":58,"Toolbox":32,"Oddly Smooth Stone":67,"MealTicket":25,"Eternal Feather":58,"PreservedInsect":65,"Letter Opener":58,"Akabeko":20,"Ring of the Snake":0}],"Ring of the Snake":[34]},"card_choices":[{"not_picked":["Catalyst","Sucker Punch"],"picked":"Poisoned Stab","floor":4},{"not_picked":["Outmaneuver","Quick Slash"],"picked":"Infinite Blades","floor":5},{"not_picked":["Dagger Throw","Tactician"],"picked":"Backstab","floor":7},{"not_picked":["Distraction","Blade Dance"],"picked":"Bouncing Flask","floor":8},{"not_picked":["Blade Dance","Reflex"],"picked":"Calculated Gamble","floor":10},{"not_picked":["Outmaneuver","Slice"],"picked":"Adrenaline","floor":14},{"not_picked":["Heel Hook","Bane","Eviscerate"],"picked":"SKIP","floor":18},{"not_picked":["Slice","Bane","Skewer"],"picked":"SKIP","floor":19},{"not_picked":["Cloak And Dagger","Distraction"],"picked":"Acrobatics+1","floor":20},{"not_picked":["Bouncing Flask","All Out Attack","Riddle With Holes"],"picked":"SKIP","floor":21},{"not_picked":["Quick Slash","Dodge and Roll","Deflect"],"picked":"SKIP","floor":23},{"not_picked":["Deflect","Riddle With Holes","Dash+1"],"picked":"SKIP","floor":27},{"not_picked":["Prepared","Dodge and Roll","Deadly Poison"],"picked":"SKIP","floor":29},{"not_picked":["Riddle With Holes","Bouncing Flask"],"picked":"Noxious Fumes","floor":31}],"player_experience":1361379,"relics_obtained":[{"floor":7,"key":"Akabeko"},{"floor":9,"key":"MealTicket"},{"floor":10,"key":"Strawberry"},{"floor":23,"key":"Letter Opener"},{"floor":26,"key":"Eternal Feather"},{"floor":27,"key":"Calipers"},{"floor":29,"key":"PreservedInsect"},{"floor":31,"key":"Oddly Smooth Stone"}],"event_choices":[{"damage_healed":0,"gold_gain":0,"player_choice":"Grow","damage_taken":0,"max_hp_gain":0,"max_hp_loss":0,"event_name":"Living Wall","floor":2,"gold_loss":0,"cards_upgraded":["Cloak And Dagger"]},{"cards_removed":["Strike_G"],"damage_healed":0,"gold_gain":0,"player_choice":"Purged","damage_taken":0,"max_hp_gain":0,"max_hp_loss":0,"event_name":"Purifier","floor":3,"gold_loss":0},{"damage_healed":0,"gold_gain":0,"cards_transformed":["Strike_G"],"player_choice":"Transformed","damage_taken":0,"max_hp_gain":0,"max_hp_loss":0,"event_name":"Transmorgrifier","floor":11,"gold_loss":0,"cards_obtained":["Malaise"]},{"cards_removed":["Infinite Blades"],"damage_healed":0,"gold_gain":0,"player_choice":"Gave Gold","damage_taken":0,"max_hp_gain":0,"max_hp_loss":0,"event_name":"Beggar","floor":22,"gold_loss":75},{"damage_healed":0,"gold_gain":0,"player_choice":"Inject Mutagens","damage_taken":0,"relics_obtained":["MutagenicStrength"],"max_hp_gain":0,"max_hp_loss":0,"event_name":"Drug Dealer","floor":24,"gold_loss":0},{"cards_removed":["Defend_G"],"damage_healed":0,"gold_gain":0,"player_choice":"Elegance","damage_taken":0,"max_hp_gain":0,"max_hp_loss":0,"event_name":"Back to Basics","floor":28,"gold_loss":0},{"damage_healed":0,"gold_gain":0,"player_choice":"Shed Blood","damage_taken":26,"max_hp_gain":5,"max_hp_loss":0,"event_name":"Forgotten Altar","floor":30,"gold_loss":0}],"is_beta":false,"boss_relics":[{"not_picked":["Fusion Hammer","Runic Dome"],"picked":"Astrolabe"}],"items_purged_floors":[],"is_endless":false,"potions_floor_spawned":[5,10,14,16,20,27,29],"killed_by":"Automaton","ascension_level":20}}