{"host":"ty2cix8xj6r3ad26","time":1612969696,"event":{"mods":["AchievementEnabler","BaseMod","BetterRewards","Marisa????????","Minty Spire (QoL Compilation)","Quick Restart","StSLib","SuperFastMode"],"gold_per_floor":[112,112,37,37,55,55,130,130,130,146,146,191,191,242,242,397,397,442,442,495,475,135,135,208,208,208,251,304,328,328,43,43,171,171,189,283,616,653,702,756,55,81,81,137,155,215,265,19,19,19],"floor_reached":51,"language":"ENG","playtime":3940,"items_purged":["Strike_MRS","Defend_MRS","Strike_MRS"],"score":931,"play_id":"0c140828-f3cc-4b41-b0c0-3ae4afbe7cc8","local_time":"20210210170816","is_ascension_mode":true,"campfire_choices":[{"data":"UpSweep","floor":6,"key":"SMITH"},{"data":"AsteroidBelt","floor":8,"key":"SMITH"},{"data":"PulseMagic","floor":11,"key":"SMITH"},{"data":"PowerUp","floor":13,"key":"SMITH"},{"data":"RefractionSpark","floor":15,"key":"SMITH"},{"data":"RefractionSpark","floor":23,"key":"SMITH"},{"data":"MasterSpark","floor":25,"key":"SMITH"},{"data":"AlicesGift","floor":30,"key":"SMITH"},{"data":"Acceleration","floor":32,"key":"SMITH"},{"floor":49,"key":"RECALL"}],"circlet_count":0,"master_deck":["Strike_MRS","Strike_MRS","Defend_MRS+1","Defend_MRS+1","Defend_MRS+1","MasterSpark+1","UpSweep+1","RefractionSpark+1","OrrerysSun+1","AsteroidBelt+1","PulseMagic+1","WitchOfGreed+1","PowerUp+1","AlicesGift+1","CasketOfStar+1","RefractionSpark+1","MachineGunSpark+1","EnergyFlow+1","GrandCross+1","Acceleration+1","FinalSpark+1","GalacticHalo+1","OortCloud+1","MachineGunSpark+1","Panache+1","Flash of Steel+1"],"relics":["BewitchedHakkero","Frozen Egg 2","Oddly Smooth Stone","Lee\u0027s Waffle","Ginger","Meat on the Bone","White Beast Statue","Gambling Chip","Eternal Feather","Molten Egg 2","Coffee Dripper","CatCart","Mango","War Paint","SimpleLauncher","Happy Flower","Lantern","Akabeko","Lizard Tail","Mercury Hourglass","Turnip","Vajra"],"acts_visited":["Exordium","TheCity","TheBeyond"],"potions_floor_usage":[12,14,16,20,20,24,24,24,24,27,27,29,33,33,33,36,36,38,38,39,42,44,46,46,46,46,47,47,47,47,50,50,50],"damage_taken":[{"damage":0,"enemies":"Cultist","floor":1,"turns":3},{"damage":2,"enemies":"Jaw Worm","floor":5,"turns":3},{"damage":0,"enemies":"2 Louse","floor":10,"turns":3},{"damage":1,"enemies":"Gremlin Gang","floor":12,"turns":4},{"damage":0,"enemies":"Looter","floor":14,"turns":3},{"damage":11,"enemies":"Slime Boss","floor":16,"turns":8},{"damage":1,"enemies":"Chosen","floor":18,"turns":5},{"damage":18,"enemies":"3 Byrds","floor":20,"turns":6},{"damage":4,"enemies":"Gremlin Leader","floor":24,"turns":4},{"damage":1,"enemies":"Slavers","floor":27,"turns":3},{"damage":3,"enemies":"Centurion and Healer","floor":28,"turns":5},{"damage":1,"enemies":"Chosen and Byrds","floor":29,"turns":3},{"damage":4,"enemies":"Collector","floor":33,"turns":4},{"damage":0,"enemies":"Orb Walker","floor":35,"turns":1},{"damage":12,"enemies":"Orin","floor":36,"turns":5},{"damage":0,"enemies":"3 Darklings","floor":38,"turns":4},{"damage":28,"enemies":"2 Orb Walkers","floor":39,"turns":4},{"damage":0,"enemies":"Giant Head","floor":40,"turns":5},{"damage":0,"enemies":"Nemesis","floor":42,"turns":3},{"damage":9,"enemies":"Reptomancer","floor":44,"turns":2},{"damage":0,"enemies":"Writhing Mass","floor":45,"turns":2},{"damage":0,"enemies":"Nemesis","floor":46,"turns":5},{"damage":13,"enemies":"Mind Bloom Boss Battle","floor":47,"turns":3},{"damage":46,"enemies":"Awakened One","floor":50,"turns":5}],"seed_played":"594404809617584972","potions_obtained":[{"floor":5,"key":"BottledSpark"},{"floor":10,"key":"ShroomBrew"},{"floor":12,"key":"AttackPotion"},{"floor":12,"key":"Swift Potion"},{"floor":16,"key":"ShroomBrew"},{"floor":18,"key":"Energy Potion"},{"floor":20,"key":"LiquidMemories"},{"floor":21,"key":"EntropicBrew"},{"floor":24,"key":"DistilledChaos"},{"floor":27,"key":"LiquidBronze"},{"floor":28,"key":"SteroidPotion"},{"floor":29,"key":"Swift Potion"},{"floor":33,"key":"Dexterity Potion"},{"floor":35,"key":"Strength Potion"},{"floor":36,"key":"DistilledChaos"},{"floor":36,"key":"DistilledChaos"},{"floor":38,"key":"PowerPotion"},{"floor":38,"key":"ShroomBrew"},{"floor":39,"key":"Weak Potion"},{"floor":40,"key":"Swift Potion"},{"floor":40,"key":"EssenceOfSteel"},{"floor":42,"key":"GamblersBrew"},{"floor":44,"key":"EntropicBrew"},{"floor":44,"key":"EssenceOfSteel"},{"floor":46,"key":"PowerPotion"},{"floor":47,"key":"Fruit Juice"}],"is_trial":false,"path_per_floor":["M","?","$","?","M","R","?","R","T","M","R","M","R","M","R","B",null,"M","?","M","?","$","R","E","R","T","E","M","M","R","$","R","B",null,"M","?","?","M","?","E","$","E","T","E","M","E","?","$","R","B",null],"character_chosen":"MARISA","items_purchased":["Frozen Egg 2","Oddly Smooth Stone","Lee\u0027s Waffle","RefractionSpark","OrrerysSun+1","White Beast Statue","EnergyFlow+1","GrandCross+1","Acceleration","SimpleLauncher","Happy Flower","Panache+1","Flash of Steel+1","Vajra","EntropicBrew"],"campfire_rested":0,"item_purchase_floors":[0,0,0,0,0,22,31,31,31,41,41,41,41,48,48],"current_hp_per_floor":[82,66,66,46,44,44,33,33,33,45,45,44,44,44,44,45,82,81,81,63,63,63,63,59,59,59,58,55,54,63,63,75,71,82,82,70,70,70,56,56,56,56,56,59,59,59,63,63,78,58],"gold":19,"neow_bonus":"","is_daily":false,"chose_seed":false,"campfire_upgraded":9,"win_rate":0.0,"timestamp":1612969696,"path_taken":["M","?","$","?","?","R","?","R","T","M","R","M","R","M","R","BOSS","M","?","M","?","$","R","E","R","T","E","M","?","R","$","R","BOSS","M","?","?","M","?","E","?","E","T","E","?","E","?","$","R","BOSS"],"items_purchased_type":["Relic","Relic","Relic","Card","Card","Relic","Card","Card","Card","Relic","Relic","Card","Card","Relic","Potion"],"build_version":"2020-12-22","purchased_purges":3,"victory":true,"max_hp_per_floor":[82,82,82,82,82,82,82,82,82,82,82,82,82,82,82,82,82,82,82,82,82,82,82,82,82,82,82,82,82,82,82,82,82,82,82,82,82,82,96,96,96,96,96,96,96,96,101,101,101,101],"card_choices":[{"not_picked":["WitchLeyline","ShootingEcho"],"picked":"AsteroidBelt","floor":1},{"not_picked":["MachineGunSpark","SprinkleStarSeal"],"picked":"PulseMagic","floor":5},{"not_picked":["GrandCross","IllusionStar"],"picked":"WitchOfGreed+1","floor":10},{"not_picked":["GalacticHalo","AsteroidBelt"],"picked":"PowerUp","floor":12},{"not_picked":["MilkyWay","DC"],"picked":"AlicesGift","floor":14},{"not_picked":["BinaryStars","MillisecondPulsars+1"],"picked":"CasketOfStar+1","floor":16},{"not_picked":["PowerUp","IllusionStar","UnstableBomb"],"picked":"SKIP","floor":18},{"not_picked":["ChargeUpSpray+1","SporeBomb","StarBarrage"],"picked":"SKIP","floor":20},{"not_picked":["GalacticHalo","AbsoluteMagnitude","MeteoricShower"],"picked":"SKIP","floor":24},{"not_picked":["MagicAbsorber+1","DoubleSpark+1","SuperPerseids"],"picked":"SKIP","floor":27},{"not_picked":["DoubleSpark+1","WitchOfGreed+1"],"picked":"MachineGunSpark+1","floor":28},{"not_picked":["LuminesStrike+1","DC+1","AlicesGift+1"],"picked":"SKIP","floor":29},{"not_picked":["StarDustReverie","UltimateShortwave"],"picked":"FinalSpark+1","floor":33},{"not_picked":["GravityBeat+1","DC+1"],"picked":"GalacticHalo+1","floor":35},{"not_picked":["IllusionStar","NonDirectionalLaser+1"],"picked":"OortCloud+1","floor":36},{"not_picked":["MysteriousBeam+1","NonDirectionalLaser+1"],"picked":"MachineGunSpark+1","floor":38},{"not_picked":["DC+1","DeepEcoloBomb+1","GravityBeat+1"],"picked":"SKIP","floor":40},{"not_picked":["DragonMeteor+1","NonDirectionalLaser+1","Orbital"],"picked":"SKIP","floor":42},{"not_picked":["AbsoluteMagnitude+1","GrandCross+1","DragonMeteor+1"],"picked":"SKIP","floor":44},{"not_picked":["EarthLightRay+1","Orbital+1","MysteriousBeam+1"],"picked":"SKIP","floor":45},{"not_picked":["ManaConvection","MilkyWay","Acceleration"],"picked":"SKIP","floor":46}],"player_experience":567224,"relics_obtained":[{"floor":9,"key":"Meat on the Bone"},{"floor":24,"key":"Gambling Chip"},{"floor":26,"key":"Eternal Feather"},{"floor":27,"key":"Molten Egg 2"},{"floor":36,"key":"CatCart"},{"floor":39,"key":"Mango"},{"floor":40,"key":"War Paint"},{"floor":42,"key":"Lantern"},{"floor":43,"key":"Akabeko"},{"floor":44,"key":"Lizard Tail"},{"floor":46,"key":"Mercury Hourglass"},{"floor":47,"key":"Turnip"}],"event_choices":[{"damage_healed":0,"gold_gain":0,"player_choice":"Entered Light","damage_taken":16,"max_hp_gain":0,"max_hp_loss":0,"event_name":"Shining Light","floor":2,"gold_loss":0,"cards_upgraded":["Defend_MRS","Defend_MRS"]},{"damage_healed":0,"gold_gain":0,"player_choice":"Take Damage","damage_taken":20,"relics_obtained":["Golden Idol"],"max_hp_gain":0,"max_hp_loss":0,"event_name":"Golden Idol","floor":4,"gold_loss":0},{"damage_healed":0,"gold_gain":75,"player_choice":"Gather Gold","damage_taken":11,"max_hp_gain":0,"max_hp_loss":0,"event_name":"World of Goop","floor":7,"gold_loss":0},{"damage_healed":0,"gold_gain":0,"player_choice":"Read","damage_taken":0,"max_hp_gain":0,"max_hp_loss":0,"event_name":"The Library","floor":19,"gold_loss":0,"cards_obtained":["RefractionSpark"]},{"damage_healed":0,"gold_gain":0,"player_choice":"Bought 1 Potion","damage_taken":0,"max_hp_gain":0,"max_hp_loss":0,"event_name":"The Woman in Blue","floor":21,"gold_loss":0},{"damage_healed":0,"gold_gain":0,"player_choice":"Fight","damage_taken":0,"max_hp_gain":0,"max_hp_loss":0,"event_name":"OrinTheCat","floor":36,"gold_loss":0},{"damage_healed":0,"gold_gain":333,"player_choice":"Gave Idol","damage_taken":0,"max_hp_gain":0,"max_hp_loss":0,"event_name":"The Moai Head","floor":37,"relics_lost":["Golden Idol"],"gold_loss":0},{"damage_healed":0,"gold_gain":0,"player_choice":"Fight","damage_taken":0,"max_hp_gain":0,"max_hp_loss":0,"event_name":"Mysterious Sphere","floor":39,"gold_loss":0},{"damage_healed":0,"gold_gain":0,"player_choice":"Fight","damage_taken":0,"max_hp_gain":0,"max_hp_loss":0,"event_name":"MindBloom","floor":47,"gold_loss":0}],"is_beta":false,"boss_relics":[{"not_picked":["SacredBark","Empty Cage"],"picked":"BewitchedHakkero"},{"not_picked":["Calling Bell","Runic Pyramid"],"picked":"Coffee Dripper"}],"items_purged_floors":[3,22,31],"is_endless":false,"potions_floor_spawned":[5,10,12,18,24,27,28,29,33,35,36,38,39,40,42,44,45,46,47],"ascension_level":1}}