{"host":"6pgtslebjnyv5xmi","time":1612963893,"event":{"mods":["AchievementEnabler","BaseMod","Colored Map","Minty Spire (QoL Compilation)","Rare Cards Sparkle","StSLib","SuperFastMode","The Cursed","everything is the same but u backflip on backflip"],"gold_per_floor":[113,113,10,22,72,72,90,101,401,401,113,128,147,159,159,231,231,250,250,90,104,104,104,121,121,196,208,241,241,261,271,271,271,271],"floor_reached":33,"language":"KOR","playtime":1307,"items_purged":["Regret","Strike_R"],"score":496,"play_id":"1eb803bd-568f-42df-802d-b2fecbe8a7ec","local_time":"20210210223133","is_ascension_mode":true,"campfire_choices":[{"data":"Flex","floor":6,"key":"SMITH"},{"data":"Immolate","floor":10,"key":"SMITH"},{"data":"Apotheosis","floor":15,"key":"SMITH"},{"data":"Fire Breathing","floor":23,"key":"SMITH"},{"data":"Evolve","floor":25,"key":"SMITH"},{"floor":29,"key":"REST"},{"floor":32,"key":"REST"}],"circlet_count":0,"master_deck":["AscendersBane","Strike_R","Strike_R","Strike_R","Defend_R","Defend_R","Defend_R","Defend_R","Bash","Pommel Strike","Flex+1","Evolve+1","Immolate+1","Apotheosis+1","Flame Barrier","Double Tap","Fire Breathing+1","Wild Strike","Second Wind","Perfected Strike","Power Through","Wild Strike+1"],"relics":["Burning Blood","Torii","CaptainsWheel","Old Coin","Runic Cube","Orrery","Pear","Nunchaku"],"acts_visited":["Exordium","TheCity"],"potions_floor_usage":[18,28,28,33,33],"damage_taken":[{"damage":7.0,"enemies":"Small Slimes","floor":1.0,"turns":4.0},{"damage":0,"enemies":"Cultist","floor":4,"turns":2},{"damage":8,"enemies":"2 Louse","floor":7,"turns":3},{"damage":12,"enemies":"Looter","floor":8,"turns":3},{"damage":3,"enemies":"Red Slaver","floor":12,"turns":4},{"damage":1,"enemies":"2 Fungi Beasts","floor":13,"turns":2},{"damage":11,"enemies":"Exordium Thugs","floor":14,"turns":3},{"damage":1,"enemies":"Slime Boss","floor":16,"turns":7},{"damage":18,"enemies":"2 Thieves","floor":18,"turns":3},{"damage":0,"enemies":"Chosen","floor":21,"turns":4},{"damage":14,"enemies":"Centurion and Healer","floor":24,"turns":2},{"damage":24,"enemies":"Snake Plant","floor":27,"turns":4},{"damage":29,"enemies":"Book of Stabbing","floor":28,"turns":5},{"damage":22,"enemies":"Cultist and Chosen","floor":30,"turns":6},{"damage":23,"enemies":"Sentry and Sphere","floor":31,"turns":6},{"damage":39,"enemies":"Champ","floor":33,"turns":6}],"seed_played":"-7852324771599511391","potions_obtained":[{"floor":1.0,"key":"Swift Potion"},{"floor":7,"key":"GamblersBrew"},{"floor":8,"key":"BlessingOfTheForge"},{"floor":12,"key":"FearPotion"},{"floor":27,"key":"Energy Potion"},{"floor":30,"key":"ColorlessPotion"},{"floor":31,"key":"DuplicationPotion"}],"is_trial":false,"path_per_floor":["M","?","$","M","?","R","M","M","T","R","$","M","M","M","R","B",null,"M","?","$","M","?","R","M","R","T","M","E","R","M","M","R","B"],"character_chosen":"IRONCLAD","items_purchased":["Flex","Apotheosis","Orrery"],"campfire_rested":2,"item_purchase_floors":[3,11,20],"current_hp_per_floor":[67,67,67,68,68,68,66,60,60,60,60,63,68,63,63,68,68,56,56,56,62,62,62,54,54,64,46,23,46,30,13,36,0,0],"gold":271,"neow_bonus":"ONE_RARE_RELIC","is_daily":false,"chose_seed":false,"campfire_upgraded":5,"win_rate":0.0,"timestamp":1612963893,"path_taken":["M","?","$","M","?","R","M","M","T","R","$","M","M","?","R","BOSS","M","?","$","M","?","R","M","R","T","?","E","R","M","M","R","BOSS"],"items_purchased_type":["Card","Card","Relic"],"build_version":"2020-12-22","purchased_purges":2,"victory":false,"max_hp_per_floor":[68,68,68,68,68,68,68,68,68,68,68,68,68,68,68,68,68,68,68,68,68,68,68,68,68,78,78,78,78,78,78,78,78,78],"card_choices":[{"not_picked":["Twin Strike","Clash"],"picked":"Pommel Strike","floor":1.0},{"not_picked":["Rage","Headbutt"],"picked":"Evolve","floor":4},{"not_picked":["Headbutt","Infernal Blade"],"picked":"Immolate","floor":7},{"not_picked":["Burning Pact","Flex","Pommel Strike"],"picked":"SKIP","floor":8},{"not_picked":["Anger","Hemokinesis","Body Slam"],"picked":"SKIP","floor":12},{"not_picked":["Clothesline","Rage","Clash"],"picked":"SKIP","floor":13},{"not_picked":["Whirlwind","Evolve"],"picked":"Flame Barrier","floor":14},{"not_picked":["Demon Form","Brutality"],"picked":"Double Tap","floor":16},{"not_picked":["Uppercut","Clothesline","Sword Boomerang"],"picked":"SKIP","floor":18},{"not_picked":["Clash","Heavy Blade+1"],"picked":"Fire Breathing","floor":20},{"not_picked":["Clash","Hemokinesis"],"picked":"Wild Strike","floor":20},{"not_picked":["Burning Pact","Clash"],"picked":"Second Wind","floor":20},{"not_picked":["Pommel Strike","Dropkick","Dark Embrace"],"picked":"SKIP","floor":21},{"not_picked":["Thunderclap","Shockwave","Twin Strike"],"picked":"SKIP","floor":24},{"not_picked":["Anger","Havoc"],"picked":"Power Through","floor":27},{"not_picked":["Carnage","Dark Embrace","Bludgeon"],"picked":"SKIP","floor":28},{"not_picked":["Pommel Strike","Body Slam","Cleave"],"picked":"SKIP","floor":30},{"not_picked":["Thunderclap","Sword Boomerang"],"picked":"Wild Strike+1","floor":31}],"player_experience":1112908,"relics_obtained":[{"floor":9,"key":"Old Coin"},{"floor":26,"key":"Pear"},{"floor":28,"key":"Nunchaku"}],"event_choices":[{"damage_healed":0,"gold_gain":0,"player_choice":"Box","damage_taken":0,"relics_obtained":["CaptainsWheel"],"max_hp_gain":0,"max_hp_loss":0,"event_name":"Big Fish","floor":2,"gold_loss":0,"cards_obtained":["Regret"]},{"damage_healed":0,"gold_gain":50,"player_choice":"Pray","damage_taken":0,"max_hp_gain":0,"max_hp_loss":0,"event_name":"Golden Shrine","floor":5,"gold_loss":0},{"damage_healed":0,"gold_gain":0,"player_choice":"Ignored","damage_taken":0,"max_hp_gain":0,"max_hp_loss":0,"event_name":"Ghosts","floor":19,"gold_loss":0},{"damage_healed":0,"gold_gain":0,"cards_transformed":["Strike_R"],"player_choice":"Transformed","damage_taken":0,"max_hp_gain":0,"max_hp_loss":0,"event_name":"Transmorgrifier","floor":22,"gold_loss":0,"cards_obtained":["Perfected Strike"]}],"is_beta":false,"boss_relics":[{"not_picked":["SlaversCollar","Philosopher\u0027s Stone"],"picked":"Runic Cube"}],"items_purged_floors":[3,11],"is_endless":false,"potions_floor_spawned":[1,7,8,12,14,27,30,31],"killed_by":"Champ","ascension_level":18}}