{"host":"eft627g0ddukeijo","time":1612965582,"event":{"mods":["AchievementEnabler","BaseMod","Bestiary","Better Note","Block Reminder","Colored Powertips","Highlight Path","Minty Spire (QoL Compilation)","Permanent Neow","Rare Cards Sparkle","Relic Stats","StSLib","Weighted Paths"],"gold_per_floor":[19,19,29,48,48,48,58,10,10,10,35,35,55,65,65,168,168,181,193,211,290,59,93,93,108,135,135,146,159,159,159,159,257,257,276,276,276,292,308,308,8,26,77,93,93,141,161,1,1,1,1],"floor_reached":50,"language":"ENG","playtime":6109,"items_purged":["Pain"],"score":701,"play_id":"480fa8b2-b6d2-4433-8948-d46e808921a6","local_time":"20210210225942","is_ascension_mode":true,"campfire_choices":[{"floor":6.0,"key":"RECALL"},{"data":"Bash","floor":15.0,"key":"SMITH"},{"data":"Demon Form","floor":24.0,"key":"SMITH"},{"data":"Disarm","floor":27.0,"key":"SMITH"},{"data":"Whirlwind","floor":32.0,"key":"SMITH"},{"floor":40.0,"key":"REST"},{"data":"Madness","floor":45.0,"key":"SMITH"},{"floor":49.0,"key":"REST"}],"circlet_count":0,"master_deck":["Strike_R","Strike_R","Strike_R","Defend_R","Defend_R","Defend_R","Defend_R","Bash+1","Reaper","Ghostly Armor","Shrug It Off","Shrug It Off","Cleave","Shrug It Off","Demon Form+1","Body Slam+1","Disarm+1","Spot Weakness","Shrug It Off","Whirlwind+1","Offering","Madness+1","Madness","Headbutt","Sword Boomerang","Body Slam+1","Parasite","Flame Barrier"],"relics":["Black Blood","Mercury Hourglass","Blue Candle","WarpedTongs","Philosopher\u0027s Stone","Eternal Feather","Sling","InkBottle","Calipers","Anchor","Champion Belt"],"acts_visited":["Exordium","TheCity","TheBeyond"],"potions_floor_usage":[50,50],"damage_taken":[{"damage":15.0,"enemies":"Cultist","floor":1.0,"turns":5.0},{"damage":4.0,"enemies":"Small Slimes","floor":3.0,"turns":4.0},{"damage":21.0,"enemies":"Jaw Worm","floor":4.0,"turns":4.0},{"damage":16.0,"enemies":"3 Louse","floor":7.0,"turns":4.0},{"damage":36.0,"enemies":"3 Sentries","floor":11.0,"turns":10.0},{"damage":8.0,"enemies":"Red Slaver","floor":13.0,"turns":6.0},{"damage":2.0,"enemies":"Looter","floor":14.0,"turns":3.0},{"damage":32.0,"enemies":"The Guardian","floor":16.0,"turns":14.0},{"damage":7.0,"enemies":"Chosen","floor":18.0,"turns":5.0},{"damage":15.0,"enemies":"3 Byrds","floor":19.0,"turns":4.0},{"damage":21.0,"enemies":"Snake Plant","floor":20.0,"turns":4.0},{"damage":48.0,"enemies":"Slavers","floor":23.0,"turns":6.0},{"damage":2.0,"enemies":"Snecko","floor":25.0,"turns":5.0},{"damage":20.0,"enemies":"Centurion and Healer","floor":28.0,"turns":5.0},{"damage":24.0,"enemies":"Snake Plant","floor":29.0,"turns":5.0},{"damage":72.0,"enemies":"Champ","floor":33.0,"turns":11.0},{"damage":22.0,"enemies":"3 Shapes","floor":35.0,"turns":6.0},{"damage":42.0,"enemies":"3 Darklings","floor":38.0,"turns":4.0},{"damage":51.0,"enemies":"Sphere and 2 Shapes","floor":39.0,"turns":9.0},{"damage":42.0,"enemies":"4 Shapes","floor":42.0,"turns":7.0},{"damage":26.0,"enemies":"Maw","floor":44.0,"turns":7.0},{"damage":51.0,"enemies":"2 Orb Walkers","floor":46.0,"turns":5.0},{"damage":7.0,"enemies":"Writhing Mass","floor":47.0,"turns":7.0},{"damage":90,"enemies":"Donu and Deca","floor":50,"turns":6}],"seed_played":"1903802418582084143","potions_obtained":[{"floor":7.0,"key":"GamblersBrew"},{"floor":11.0,"key":"BloodPotion"},{"floor":14.0,"key":"Explosive Potion"},{"floor":16.0,"key":"DuplicationPotion"},{"floor":19.0,"key":"Regen Potion"},{"floor":39.0,"key":"EntropicBrew"},{"floor":46.0,"key":"ElixirPotion"}],"is_trial":false,"path_per_floor":["M","?","M","M","?","R","M","$","T","?","E","?","M","M","R","B",null,"M","M","M","T","$","E","R","M","T","R","M","M","?","?","R","B",null,"M","?","?","M","M","R","$","M","T","M","R","?","M","$","R","B"],"character_chosen":"IRONCLAD","items_purchased":["Shrug It Off","Spot Weakness","Sling","Calipers","Flame Barrier","Block Potion"],"campfire_rested":2,"item_purchase_floors":[8,22,22,41,48,48],"current_hp_per_floor":[64,64,67,55,55,55,49,49,49,75,45,45,43,47,47,25,66,74,65,50,50,50,38,50,54,54,66,67,49,49,49,61,12,63,73,73,63,54,15,54,54,56,56,61,76,37,42,42,80,0,0],"gold":1,"neow_bonus":"THREE_RARE_CARDS","is_daily":false,"chose_seed":false,"campfire_upgraded":5,"win_rate":0.0,"timestamp":1612965582,"path_taken":["M","?","M","M","?","R","M","?","T","?","E","?","M","M","R","BOSS","M","M","M","?","$","E","R","M","T","R","M","?","?","?","R","BOSS","M","?","?","M","M","R","?","M","T","M","R","?","M","$","R","BOSS"],"items_purchased_type":["Card","Card","Relic","Relic","Card","Potion"],"build_version":"2020-12-22","purchased_purges":1,"victory":false,"max_hp_per_floor":[80,80,80,80,80,80,80,80,80,80,80,80,80,80,80,80,80,80,80,80,80,80,80,80,80,80,80,80,80,80,80,80,80,80,80,80,80,80,80,80,80,80,80,80,80,80,80,80,80,80,80],"relic_stats":{"counters":[24,143],"Blue Candle":[19],"Black Blood":180,"Eternal Feather":81,"Champion Belt":[2],"obtain_stats":[{"Anchor":43,"Calipers":41,"Blue Candle":11,"Black Blood":34,"Philosopher\u0027s Stone":17,"Eternal Feather":21,"Champion Belt":46,"Sling":22,"Burning Blood":0,"InkBottle":23,"Mercury Hourglass":9,"WarpedTongs":12},{"Anchor":20,"Calipers":19,"Blue Candle":5,"Black Blood":16,"Philosopher\u0027s Stone":8,"Eternal Feather":11,"Champion Belt":22,"Sling":11,"Burning Blood":0,"InkBottle":12,"Mercury Hourglass":4,"WarpedTongs":5},{"Anchor":118,"Calipers":111,"Blue Candle":27,"Black Blood":92,"Philosopher\u0027s Stone":50,"Eternal Feather":61,"Champion Belt":130,"Sling":61,"Burning Blood":0,"InkBottle":66,"Mercury Hourglass":17,"WarpedTongs":27}],"InkBottle":[29],"Mercury Hourglass":[534],"WarpedTongs":[114]},"card_choices":[{"not_picked":["Impervious","Exhume"],"picked":"Reaper","floor":0.0},{"not_picked":["Perfected Strike","Armaments","Anger"],"picked":"SKIP","floor":1.0},{"not_picked":["Sever Soul","Searing Blow","Havoc"],"picked":"SKIP","floor":3.0},{"not_picked":["Sever Soul","Clash"],"picked":"Ghostly Armor","floor":4.0},{"not_picked":["Second Wind","Perfected Strike"],"picked":"Shrug It Off","floor":7.0},{"not_picked":["Clothesline","Havoc","Brutality"],"picked":"SKIP","floor":11.0},{"not_picked":["Hemokinesis","Clothesline"],"picked":"Cleave","floor":13.0},{"not_picked":["Havoc","Blood for Blood"],"picked":"Shrug It Off","floor":14.0},{"not_picked":["Double Tap","Offering"],"picked":"Demon Form","floor":16.0},{"not_picked":["Twin Strike","Clash"],"picked":"Body Slam+1","floor":18.0},{"not_picked":["Wild Strike+1","Fire Breathing","Pommel Strike"],"picked":"SKIP","floor":19.0},{"not_picked":["Bloodletting","Thunderclap+1"],"picked":"Disarm","floor":20.0},{"not_picked":["Pommel Strike","Corruption"],"picked":"Shrug It Off","floor":23.0},{"not_picked":["Blood for Blood","Anger","Wild Strike+1"],"picked":"SKIP","floor":25.0},{"not_picked":["Warcry","Pommel Strike+1"],"picked":"Whirlwind","floor":28.0},{"not_picked":["Havoc+1","Spot Weakness","Burning Pact"],"picked":"SKIP","floor":29.0},{"not_picked":["Double Tap","Immolate"],"picked":"Offering","floor":33.0},{"not_picked":["Dark Embrace","Havoc+1","Searing Blow+1"],"picked":"SKIP","floor":35.0},{"not_picked":["Clothesline+1","Anger+1"],"picked":"Headbutt","floor":38.0},{"not_picked":["Clothesline+1","Armaments","Perfected Strike+1"],"picked":"SKIP","floor":39.0},{"not_picked":["Perfected Strike","Inflame","Clothesline"],"picked":"SKIP","floor":42.0},{"not_picked":["Spot Weakness","Searing Blow"],"picked":"Sword Boomerang","floor":44.0},{"not_picked":["Pommel Strike+1","Ghostly Armor+1"],"picked":"Body Slam+1","floor":46.0},{"not_picked":["Offering","Thunderclap+1","Armaments"],"picked":"SKIP","floor":47.0}],"player_experience":553338,"relics_obtained":[{"floor":9.0,"key":"Mercury Hourglass"},{"floor":11.0,"key":"Blue Candle"},{"floor":21.0,"key":"Eternal Feather"},{"floor":23.0,"key":"InkBottle"},{"floor":43.0,"key":"Anchor"},{"floor":46.0,"key":"Champion Belt"}],"event_choices":[{"cards_removed":["Strike_R"],"damage_healed":0.0,"max_hp_gain":0.0,"max_hp_loss":0.0,"gold_gain":0.0,"event_name":"Living Wall","player_choice":"Forget","floor":2.0,"gold_loss":0.0,"damage_taken":0.0},{"damage_healed":0.0,"max_hp_gain":0.0,"max_hp_loss":0.0,"gold_gain":0.0,"event_name":"Liars Game","player_choice":"Ignored","floor":5.0,"gold_loss":0.0,"damage_taken":0.0},{"damage_healed":26.0,"max_hp_gain":0.0,"max_hp_loss":0.0,"gold_gain":0.0,"event_name":"Big Fish","player_choice":"Banana","floor":10.0,"gold_loss":0.0,"damage_taken":0.0},{"damage_healed":0.0,"max_hp_gain":0.0,"max_hp_loss":0.0,"gold_gain":0.0,"event_name":"Accursed Blacksmith","player_choice":"Rummage","floor":12.0,"gold_loss":0.0,"damage_taken":0.0,"relics_obtained":["WarpedTongs"],"cards_obtained":["Pain"]},{"cards_removed":["Strike_R"],"damage_healed":0.0,"max_hp_gain":0.0,"max_hp_loss":0.0,"gold_gain":0.0,"event_name":"Purifier","player_choice":"Purged","floor":30.0,"gold_loss":0.0,"damage_taken":0.0},{"cards_removed":["Strike_R"],"damage_healed":0.0,"max_hp_gain":0.0,"max_hp_loss":0.0,"gold_gain":0.0,"event_name":"betterNote:BetterNote","player_choice":"Give","floor":31.0,"gold_loss":0.0,"damage_taken":0.0,"cards_obtained":["Strike_R"]},{"damage_healed":0.0,"max_hp_gain":0.0,"max_hp_loss":0.0,"gold_gain":0.0,"event_name":"Tomb of Lord Red Mask","player_choice":"Ignored","floor":36.0,"gold_loss":0.0,"damage_taken":0.0},{"damage_healed":0.0,"max_hp_gain":0.0,"max_hp_loss":0.0,"gold_gain":0.0,"event_name":"Winding Halls","player_choice":"Embrace Madness","floor":37.0,"gold_loss":0.0,"damage_taken":10.0,"cards_obtained":["Madness","Madness"]},{"damage_healed":0.0,"max_hp_gain":0.0,"max_hp_loss":0.0,"gold_gain":0.0,"event_name":"Mysterious Sphere","player_choice":"Fight","floor":46.0,"gold_loss":0.0,"damage_taken":0.0}],"is_beta":false,"boss_relics":[{"not_picked":["SlaversCollar","Ectoplasm"],"picked":"Philosopher\u0027s Stone"},{"not_picked":["Fusion Hammer","Empty Cage"],"picked":"Black Blood"}],"items_purged_floors":[48],"is_endless":false,"potions_floor_spawned":[7,11,14,16,18,19,20,39,44,46],"killed_by":"Donu and Deca","ascension_level":9}}