{"host":"7tvb1em0d2fx72q7","time":1612991230,"event":{"mods":["BaseMod","Challenge The Spire","Minty Spire (QoL Compilation)","StSLib","everything is the same but u backflip on backflip"],"gold_per_floor":[368,443,460,17,35,60,78,78,105,136,214,214,228,257,257,331,331,347,144,144,194,212,212,242,261,261,292,292,318,330,345,345,422,422,435,452,462,462,512,72,72,72,72],"floor_reached":42,"language":"ENG","playtime":3129,"items_purged":["Strike_R","Strike_R"],"score":1152,"play_id":"8cdd3026-e5a8-400c-91a3-13ad805bdab2","local_time":"20210210160710","is_ascension_mode":true,"campfire_choices":[{"floor":8,"key":"REST"},{"data":"Fiend Fire","floor":12,"key":"SMITH"},{"data":"Feed","floor":15,"key":"SMITH"},{"data":"Bash","floor":23,"key":"SMITH"},{"data":"Uppercut","floor":32,"key":"SMITH"},{"data":"Rampage","floor":41,"key":"SMITH"}],"circlet_count":0,"master_deck":["AscendersBane","Strike_R","Strike_R","Strike_R+1","Defend_R","Defend_R","Defend_R","Defend_R","Bash+1","Clash+1","Anger","Feel No Pain+1","Clash","Battle Trance","Corruption+1","Sentinel","Fiend Fire+1","Feel No Pain+1","Feed+1","Offering","Evolve+1","Shrug It Off","Necronomicurse","Sentinel","Intimidate","True Grit+1","Uppercut+1","Juggernaut+1","Burning Pact","Juggernaut+1","CurseOfTheBell","Evolve+1","Rampage+1","Ghostly Armor","Exhume"],"relics":["Burning Blood","Frozen Egg 2","Toy Ornithopter","Anchor","Bag of Marbles","Bottled Flame","Red Skull","Coffee Dripper","Necronomicon","Ornamental Fan","CaptainsWheel","Whetstone","Calling Bell","Art of War","White Beast Statue","WingedGreaves","Letter Opener"],"acts_visited":["Exordium","TheCity","TheBeyond"],"potions_floor_usage":[6,10,16,24,24,29,36],"damage_taken":[{"damage":9,"enemies":"Jaw Worm","floor":1,"turns":4},{"damage":4,"enemies":"2 Louse","floor":3,"turns":3},{"damage":0,"enemies":"Cultist","floor":5,"turns":2},{"damage":45,"enemies":"Gremlin Nob","floor":6,"turns":5},{"damage":3,"enemies":"Blue Slaver","floor":7,"turns":3},{"damage":5,"enemies":"3 Sentries","floor":10,"turns":12},{"damage":0,"enemies":"Exordium Wildlife","floor":13,"turns":2},{"damage":0,"enemies":"Gremlin Nob","floor":14,"turns":2},{"damage":18,"enemies":"Slime Boss","floor":16,"turns":5},{"damage":6,"enemies":"Chosen","floor":18,"turns":2},{"damage":6,"enemies":"2 Thieves","floor":22,"turns":4},{"damage":41,"enemies":"Gremlin Leader","floor":24,"turns":8},{"damage":6,"enemies":"Snake Plant","floor":25,"turns":1},{"damage":6,"enemies":"Slavers","floor":27,"turns":6},{"damage":6,"enemies":"Book of Stabbing","floor":29,"turns":7},{"damage":6,"enemies":"Centurion and Healer","floor":30,"turns":5},{"damage":0,"enemies":"Snecko","floor":31,"turns":5},{"damage":46,"enemies":"Champ","floor":33,"turns":14},{"damage":34,"enemies":"3 Shapes","floor":35,"turns":4},{"damage":39,"enemies":"3 Darklings","floor":36,"turns":7},{"damage":14,"enemies":"Maw","floor":37,"turns":7},{"damage":83,"enemies":"Reptomancer","floor":42,"turns":4}],"seed_played":"372877774302044012","potions_obtained":[{"floor":1,"key":"SpeedPotion"},{"floor":5,"key":"EssenceOfSteel"},{"floor":6,"key":"DistilledChaos"},{"floor":13,"key":"SteroidPotion"},{"floor":22,"key":"SpeedPotion"},{"floor":25,"key":"SkillPotion"},{"floor":30,"key":"EssenceOfSteel"},{"floor":35,"key":"BlessingOfTheForge"},{"floor":36,"key":"Strength Potion"},{"floor":37,"key":"FearPotion"}],"is_trial":false,"path_per_floor":["M","?","M","$","M","E","M","R","T","E","T","R","M","E","R","B",null,"M","$","?","?","M","R","E","M","T","E","?","E","M","M","R","B",null,"M","M","M","?","?","$","R","E"],"character_chosen":"IRONCLAD","items_purchased":["Frozen Egg 2","Feel No Pain+1","Clash","Evolve+1","Shrug It Off","Exhume","Letter Opener"],"campfire_rested":1,"item_purchase_floors":[4,4,4,19,19,40,40],"current_hp_per_floor":[65,54,56,56,62,23,26,46,46,52,52,52,58,64,64,60,69,69,69,48,48,52,52,31,31,31,35,35,40,44,54,54,14,73,49,21,13,79,79,79,79,0,0],"gold":72,"neow_bonus":"TWO_FIFTY_GOLD","is_daily":false,"chose_seed":false,"campfire_upgraded":5,"win_rate":0.0,"timestamp":1612991230,"path_taken":["M","?","M","$","M","E","M","R","T","E","?","R","M","E","R","BOSS","M","$","?","?","?","R","E","M","T","E","?","E","M","M","R","BOSS","M","M","M","?","?","$","R","E"],"items_purchased_type":["Relic","Card","Card","Card","Card","Card","Relic"],"build_version":"2020-12-22","purchased_purges":2,"victory":false,"max_hp_per_floor":[68,68,68,68,68,68,68,68,68,68,68,68,68,68,68,72,72,72,72,72,72,76,76,80,80,80,84,84,84,88,92,92,92,92,96,96,96,79,79,79,79,79,79],"card_choices":[{"not_picked":["Blood for Blood","Thunderclap"],"picked":"Clash","floor":1},{"not_picked":["Havoc","Power Through"],"picked":"Anger","floor":3},{"not_picked":["Pommel Strike","Heavy Blade"],"picked":"Battle Trance","floor":5},{"not_picked":["Ghostly Armor","Flex"],"picked":"Corruption+1","floor":6},{"not_picked":["Armaments","Cleave"],"picked":"Sentinel","floor":7},{"not_picked":["Combust+1","Body Slam"],"picked":"Fiend Fire","floor":10},{"not_picked":["Headbutt","Perfected Strike"],"picked":"Feel No Pain+1","floor":13},{"not_picked":["Sentinel","Thunderclap"],"picked":"Feed","floor":14},{"not_picked":["Berserk+1","Corruption+1"],"picked":"Offering","floor":16},{"not_picked":["Infernal Blade","Cleave","Pommel Strike"],"picked":"SKIP","floor":18},{"not_picked":["Warcry","Thunderclap","Sword Boomerang"],"picked":"SKIP","floor":22},{"not_picked":["Havoc","Headbutt"],"picked":"Sentinel","floor":24},{"not_picked":["Rage","Ghostly Armor"],"picked":"Intimidate","floor":25},{"not_picked":["Perfected Strike","Armaments"],"picked":"True Grit+1","floor":27},{"not_picked":["Anger","Wild Strike"],"picked":"Uppercut","floor":29},{"not_picked":["Shockwave","Iron Wave"],"picked":"Juggernaut+1","floor":30},{"not_picked":["Sword Boomerang","Anger"],"picked":"Burning Pact","floor":31},{"not_picked":["Feed","Demon Form+1"],"picked":"Juggernaut+1","floor":33},{"not_picked":["Metallicize+1","Wild Strike"],"picked":"Evolve+1","floor":35},{"not_picked":["Anger","Heavy Blade"],"picked":"Rampage","floor":36},{"not_picked":["Perfected Strike","Thunderclap"],"picked":"Ghostly Armor","floor":37}],"player_experience":2046974,"relics_obtained":[{"floor":6,"key":"Toy Ornithopter"},{"floor":9,"key":"Anchor"},{"floor":10,"key":"Bag of Marbles"},{"floor":11,"key":"Bottled Flame"},{"floor":14,"key":"Red Skull"},{"floor":20,"key":"Necronomicon"},{"floor":24,"key":"Ornamental Fan"},{"floor":27,"key":"CaptainsWheel"},{"floor":29,"key":"Whetstone"},{"floor":34,"key":"Art of War"},{"floor":34,"key":"White Beast Statue"},{"floor":34,"key":"WingedGreaves"}],"event_choices":[{"damage_healed":0,"gold_gain":75,"player_choice":"Gather Gold","damage_taken":11,"max_hp_gain":0,"max_hp_loss":0,"event_name":"World of Goop","floor":2,"gold_loss":0},{"damage_healed":0,"gold_gain":0,"player_choice":"Obtained Book","damage_taken":21,"max_hp_gain":0,"max_hp_loss":0,"event_name":"Cursed Tome","floor":20,"gold_loss":0},{"damage_healed":0,"gold_gain":50,"player_choice":"Pray","damage_taken":0,"max_hp_gain":0,"max_hp_loss":0,"event_name":"Golden Shrine","floor":21,"gold_loss":0},{"damage_healed":0,"gold_gain":0,"player_choice":"Ignored","damage_taken":0,"max_hp_gain":0,"max_hp_loss":0,"event_name":"Vampires","floor":28,"gold_loss":0},{"damage_healed":79,"gold_gain":0,"player_choice":"Heal","damage_taken":0,"max_hp_gain":0,"max_hp_loss":17,"event_name":"The Moai Head","floor":38,"gold_loss":0},{"damage_healed":0,"gold_gain":50,"player_choice":"Pray","damage_taken":0,"max_hp_gain":0,"max_hp_loss":0,"event_name":"Golden Shrine","floor":39,"gold_loss":0}],"is_beta":false,"boss_relics":[{"not_picked":["Busted Crown","Runic Cube"],"picked":"Coffee Dripper"},{"not_picked":["Fusion Hammer","Sozu"],"picked":"Calling Bell"}],"items_purged_floors":[4,19],"is_endless":false,"potions_floor_spawned":[1,5,6,13,22,25,30,35,36,37],"killed_by":"Reptomancer","ascension_level":20}}