{"host":"6pgtslebjnyv5xmi","time":1612965869,"event":{"mods":["AchievementEnabler","BaseMod","Colored Map","Minty Spire (QoL Compilation)","Rare Cards Sparkle","StSLib","SuperFastMode","The Cursed","everything is the same but u backflip on backflip"],"gold_per_floor":[114,9,84,84,31,31,44,62,62,88,88,88,88],"floor_reached":12,"language":"KOR","playtime":314,"items_purged":[],"score":129,"play_id":"e9fe3572-805c-458a-b62e-4eee4ce80c1b","local_time":"20210210230429","is_ascension_mode":true,"campfire_choices":[{"data":"Heavy Blade","floor":6,"key":"SMITH"}],"circlet_count":0,"master_deck":["AscendersBane","Strike_R","Strike_R","Strike_R","Strike_R","Defend_R","Defend_R","Defend_R+1","Defend_R","Bash","Rampage","Heavy Blade+1","Flex","Inflame","Sword Boomerang","Spot Weakness","Heavy Blade","Intimidate+1"],"relics":["Burning Blood","CeramicFish"],"acts_visited":["Exordium"],"potions_floor_usage":[12],"damage_taken":[{"damage":9,"enemies":"2 Louse","floor":1,"turns":3},{"damage":14,"enemies":"Jaw Worm","floor":7,"turns":4},{"damage":1,"enemies":"Cultist","floor":8,"turns":3},{"damage":22,"enemies":"Looter","floor":10,"turns":3},{"damage":20,"enemies":"Lagavulin","floor":12,"turns":2}],"seed_played":"4370854150252999138","potions_obtained":[{"floor":7,"key":"GamblersBrew"}],"is_trial":false,"path_per_floor":["M","$","?","?","$","R","M","M","T","M","?","E"],"character_chosen":"IRONCLAD","items_purchased":["Flex","Inflame","Sword Boomerang"],"campfire_rested":0,"item_purchase_floors":[2,2,5],"current_hp_per_floor":[65,65,54,54,54,54,46,51,51,35,12,0,0],"gold":88,"neow_bonus":"THREE_CARDS","is_daily":false,"chose_seed":false,"campfire_upgraded":1,"win_rate":0.0,"timestamp":1612965869,"path_taken":["M","$","?","?","$","R","M","?","T","M","?","E"],"items_purchased_type":["Card","Card","Card"],"build_version":"2020-12-22","purchased_purges":0,"victory":false,"max_hp_per_floor":[75,75,75,75,75,75,75,75,75,75,75,75,75],"card_choices":[{"not_picked":["Headbutt","Clash"],"picked":"Rampage","floor":0},{"not_picked":["Iron Wave","Twin Strike"],"picked":"Heavy Blade","floor":1},{"not_picked":["Power Through","Body Slam"],"picked":"Spot Weakness","floor":7},{"not_picked":["Twin Strike","Clash"],"picked":"Heavy Blade","floor":8},{"not_picked":["Twin Strike","Rupture"],"picked":"Intimidate","floor":10}],"player_experience":1115810,"relics_obtained":[{"floor":9,"key":"CeramicFish"}],"event_choices":[{"damage_healed":0,"gold_gain":75,"player_choice":"Gather Gold","damage_taken":11,"max_hp_gain":0,"max_hp_loss":0,"event_name":"World of Goop","floor":3,"gold_loss":0},{"cards_removed":["Strike_R"],"damage_healed":0,"gold_gain":0,"player_choice":"Card Removal","damage_taken":0,"max_hp_gain":0,"max_hp_loss":0,"event_name":"Wheel of Change","floor":4,"gold_loss":0},{"damage_healed":0,"gold_gain":0,"player_choice":"Entered Light","damage_taken":23,"max_hp_gain":0,"max_hp_loss":0,"event_name":"Shining Light","floor":11,"gold_loss":0,"cards_upgraded":["Defend_R","Intimidate"]}],"is_beta":false,"boss_relics":[],"items_purged_floors":[],"is_endless":false,"potions_floor_spawned":[7],"killed_by":"Lagavulin","ascension_level":18}}