{"host":"w05x4i13f2m9joq1","time":1612932358,"event":{"mods":["100% Spire Juice","Act Like it!","BaseMod","Better Altar","Better Match","Better Note","Better Sensory Stone","Better Skull","Better Third Choice","BetterRewards","CapriCore","Colored Map","Colored Powertips","Defective Defect","Downfall","Duelist Mod","Gensokyo","GifTheSpireLib","Googly Eyes","Infinite Spire","Ironclad Rager","Lobotomy","LobotomyExtend","Marisa????????","Melee Mod","Minty Spire (QoL Compilation)","Morshu Shopkeeper - ENHANCED","MostiFishMod","Quick Restart","Rare Cards Sparkle","Reliquary","Replay The Spire","Shop Mod","Spicy Shops","Spire Birthday Party","StSLib","The IronCluck","Uncapped","everything is the same but u backflip on backflip","slay the spire mod where everything is the same but ironclad has a cowboy hat"],"gold_per_floor":[18,35,35,50,44,75,75,406,406,406,406,70,86,86,86,185,185,195,212,226,226,245,245,264,302,302,332,332,301,317,336,336,439,439,658,674,172,195,195,222,222,222,245,245,257,257,274,291,291,293],"floor_reached":51,"language":"ENG","playtime":2124,"items_purged":["Writhe","Amnesia","Iron Wave"],"score":1134,"play_id":"21ac03be-960c-4a1a-9fb5-63192ed3f5c0","local_time":"20210209234558","is_ascension_mode":false,"campfire_choices":[{"data":"ReplayTheSpireMod:LeadingStrike","floor":7.0,"key":"SMITH"},{"data":"Dual Wield","floor":10.0,"key":"SMITH"},{"data":"Thunderclap","floor":15.0,"key":"SMITH"},{"data":"Gensokyo:FourOfAKind","floor":23.0,"key":"SMITH"},{"data":"Gensokyo:FourOfAKind","floor":28.0,"key":"SMITH"},{"data":"Gensokyo:FourOfAKind","floor":32.0,"key":"SMITH"},{"data":"Double Tap","floor":41,"key":"SMITH"},{"data":"Gensokyo:FourOfAKind","floor":46,"key":"SMITH"}],"circlet_count":0,"master_deck":["Bash","Twin Strike+1","Twin Strike","Twin Strike","ReplayTheSpireMod:LeadingStrike+1","Sword Boomerang+1","MostiFishMod:OneDayCity+1","Iron Wave","Thunderclap+1","Dual Wield+1","Exhume","Thunderclap","Pommel Strike","Pommel Strike+1","Gensokyo:FourOfAKind+1","Gensokyo:FourOfAKind+1","Gensokyo:FourOfAKind+1","Gensokyo:FourOfAKind+1","Headbutt+1","Twin Strike+1","Dropkick+1","Cleave","Headbutt+1","Rampage","Pommel Strike","Demon Form","infinitespire:OneForAll+1","Havoc+1","Thunderclap","Thunderclap+1","Master of Strategy","Secret Technique","ReplayTheSpireMod:Private Reserves","MostiFishMod:KingOfFree","Rampage+1","Double Tap+1","MostiFishMod:UltimateDefense","Sentinel+1","Rage"],"relics":["Burning Blood","DaveBox","FeatherPendant","SynthV:TestCard","LetterFromLob","Replay:Kaleidoscope","Old Coin","TungstenRod","BargainBundle","Technique","xbg","infinitespire:FocusingShard","Iron Hammer","Slimebound:PreparedRelic","Astrolabe","Boot","ReplayTheSpireMod:ShopPack","infinitespire:Lychee Nut","Empty Cage","Quantum Egg","Gensokyo:DualWield","Whetstone"],"acts_visited":["Exordium","Gensokyo:Gensokyo","Gensokyo:Gensokyoer"],"potions_floor_usage":[51,51,51],"damage_taken":[{"damage":0.0,"enemies":"Gensokyo:2_Kodama","floor":1.0,"turns":2.0},{"damage":0.0,"enemies":"Gensokyo:Gryphon","floor":2.0,"turns":1.0},{"damage":0.0,"enemies":"Gensokyo:3_Fairies","floor":4.0,"turns":2.0},{"damage":0.0,"enemies":"Gensokyo:Cirno","floor":6.0,"turns":4.0},{"damage":0.0,"enemies":"Gensokyo:Mamizou","floor":8.0,"turns":3.0},{"damage":6.0,"enemies":"Gensokyo:CorruptedTreant","floor":13.0,"turns":1.0},{"damage":0.0,"enemies":"Gensokyo:Reimu","floor":16.0,"turns":3.0},{"damage":0.0,"enemies":"Gensokyo:3_Dogs","floor":18.0,"turns":3.0},{"damage":0.0,"enemies":"Gensokyo:Chomper","floor":19.0,"turns":1.0},{"damage":0.0,"enemies":"Gensokyo:3_Gloops","floor":20.0,"turns":3.0},{"damage":0.0,"enemies":"Gensokyo:Swordslinger","floor":22.0,"turns":2.0},{"damage":0.0,"enemies":"Gensokyo:Wraith","floor":24.0,"turns":3.0},{"damage":0.0,"enemies":"Gensokyo:Tenshi","floor":27.0,"turns":1.0},{"damage":0.0,"enemies":"Gensokyo:Monolith_and_Dog","floor":30.0,"turns":2.0},{"damage":0.0,"enemies":"Gensokyo:3_Gloops","floor":31.0,"turns":1.0},{"damage":0,"enemies":"Gensokyo:Eternal_Rivals","floor":33,"turns":5},{"damage":6,"enemies":"Gensokyo:3_Bats","floor":35,"turns":2},{"damage":0,"enemies":"Gensokyo:AncientGuardian","floor":36,"turns":1},{"damage":0,"enemies":"Gensokyo:Rafflesia","floor":38,"turns":2},{"damage":0,"enemies":"Gensokyo:Doremy","floor":40,"turns":1},{"damage":0,"enemies":"Gensokyo:Dusk_and_Dawn","floor":45,"turns":1},{"damage":0,"enemies":"Gensokyo:Sharpion","floor":47,"turns":2},{"damage":0,"enemies":"Gensokyo:4_Bats","floor":48,"turns":3},{"damage":0,"enemies":"Gensokyo:Scarlet_Devils","floor":50,"turns":3},{"damage":27,"enemies":"Malkuth","floor":51,"turns":3}],"seed_played":"-527116002892784272","potions_obtained":[{"floor":1.0,"key":"Strength Potion"},{"floor":2.0,"key":"EntropicBrew"},{"floor":16.0,"key":"Energy Potion"}],"is_trial":false,"path_per_floor":["M","M","?","M","?","E","R","E","T","R","M","$","M","$","R","B",null,"M","M","M","?","M","R","M","?","T","E","R","COS","M","M","R","B",null,"M","M","$","M","AVR","E","R","?","T","?","M","R","M","M","R_BF","B",null],"character_chosen":"IRONCLAD","items_purchased":["BargainBundle","Technique","SteroidPotion","Boot","ReplayTheSpireMod:ShopPack","Master of Strategy"],"campfire_rested":0,"item_purchase_floors":[12,12,12,37,37,37],"current_hp_per_floor":[57,63,63,69,72,72,72,72,72,72,72,72,72,72,72,72,72,72,72,72,51,51,51,51,32,32,38,38,38,44,50,50,51,51,51,51,51,51,38,38,38,38,38,38,38,38,38,38,38,38],"gold":293,"neow_bonus":"IRONCLAD_BERSERKER","is_daily":false,"chose_seed":false,"campfire_upgraded":8,"win_rate":0.0,"timestamp":1612932358,"path_taken":["M","M","?","M","?","E","R","E","T","R","M","$","M","?","R","BOSS","M","M","M","?","M","R","M","?","T","E","R","COS","M","?","R","BOSS","M","M","$","M","AVR","E","R","?","T","?","M","R","M","M","R_BF","BOSS"],"items_purchased_type":["Relic","Relic","Potion","Relic","Relic","Card"],"build_version":"2020-12-22","purchased_purges":3,"victory":true,"max_hp_per_floor":[72,72,72,72,72,72,72,72,72,72,72,72,72,72,72,72,72,72,72,72,51,51,51,51,51,51,51,51,51,51,51,51,51,51,51,51,51,51,38,38,38,38,38,38,38,38,38,38,38,38],"card_choices":[{"not_picked":["Sentinel","Wild Strike"],"picked":"ReplayTheSpireMod:LeadingStrike","floor":1.0},{"not_picked":["Bloodletting","Spot Weakness","Uppercut","Body Slam"],"picked":"Sword Boomerang","floor":2.0},{"not_picked":["Specialist","Replay:Parry","Discovery","Forethought"],"picked":"MostiFishMod:OneDayCity","floor":3.0},{"not_picked":["Sentinel","Metallicize","Cleave","Flex"],"picked":"Iron Wave","floor":4.0},{"not_picked":["Run Through","ReplayTheSpireMod:Strike From Hell","Replay:Undeath\u0027s Touch","Wild Strike"],"picked":"Thunderclap","floor":6.0},{"not_picked":["Disarm","Seeing Red","Warcry","Body Slam"],"picked":"Dual Wield","floor":8.0},{"not_picked":["Evolve","Rupture","Armaments","Twin Strike"],"picked":"Iron Wave","floor":13.0},{"not_picked":["MostiFishMod:Mania","MostiFishMod:ChineseTea","MostiFishMod:PerfectStrikeMKII","Demonic Infusion"],"picked":"Exhume","floor":16.0},{"not_picked":["True Grit","Iron Wave+1","Pummel+1","Entrench"],"picked":"Thunderclap","floor":18.0},{"not_picked":["Entrench+1","Searing Blow+1","Pummel","ReplayTheSpireMod:Strike From Hell"],"picked":"Pommel Strike","floor":19.0},{"not_picked":["Feel No Pain","Anger","Perfected Strike+1","MostiFishMod:FireWorks"],"picked":"Pommel Strike+1","floor":20.0},{"not_picked":["True Grit","Sword Boomerang","Body Slam","Rampage"],"picked":"Headbutt+1","floor":22.0},{"not_picked":["Anger+1","Flex","Sword Boomerang","Whirlwind"],"picked":"Twin Strike+1","floor":24.0},{"not_picked":["True Grit","Havoc","Pommel Strike","Run Through+1"],"picked":"Dropkick+1","floor":25.0},{"not_picked":["Flex","Dark Embrace+1","Clash+1","Shrug It Off+1"],"picked":"Cleave","floor":25.0},{"not_picked":["Uppercut+1","Dark Embrace","MostiFishMod:404NotFound","Clash"],"picked":"Headbutt+1","floor":27.0},{"not_picked":["Searing Blow","Havoc","Battle Trance","Armaments+1"],"picked":"Rampage","floor":30.0},{"not_picked":["Clash+1","Reckless Charge","Body Slam","Anger+1"],"picked":"Pommel Strike","floor":31.0},{"not_picked":["MostiFishMod:ChineseTea","MostiFishMod:NewArrival","MostiFishMod:FireWorks","ICR:VitalStrike"],"picked":"Demon Form","floor":33},{"not_picked":["Flex","Bloodletting","Anger","Iron Wave"],"picked":"Thunderclap","floor":35},{"not_picked":["Perfected Strike","Evolve+1","Shockwave","Warcry+1"],"picked":"Thunderclap+1","floor":36},{"not_picked":["MostiFishMod:ElfcollectionBox","Poisoned Strike","MostiFishMod:Kaleido","Midas Touch"],"picked":"Secret Technique","floor":37},{"not_picked":["MostiFishMod:SupremeArchaeology","Impatience","Flash of Steel","Violence"],"picked":"ReplayTheSpireMod:Private Reserves","floor":37},{"not_picked":["Purity","Deep Breath","Dramatic Entrance","Survey Options"],"picked":"MostiFishMod:KingOfFree","floor":37},{"not_picked":["Havoc","Life Link","Perfected Strike","Sever Soul"],"picked":"Rampage+1","floor":38},{"not_picked":["Metallicize","Shrug It Off","Cleave","Run Through+1"],"picked":"Double Tap","floor":40},{"not_picked":["Headbutt+1","Spot Weakness+1","Sword Boomerang","Perfected Strike","ReplayTheSpireMod:Strike From Hell"],"picked":"SKIP","floor":45},{"not_picked":["Iron Wave","Body Slam","Anger+1","Shockwave+1","Cleave"],"picked":"SKIP","floor":47},{"not_picked":["Havoc","Perfected Strike","Uppercut+1","Shockwave+1"],"picked":"Sentinel+1","floor":48}],"player_experience":203878,"relics_obtained":[{"floor":1.0,"key":"SynthV:TestCard"},{"floor":1.0,"key":"LetterFromLob"},{"floor":6.0,"key":"Replay:Kaleidoscope"},{"floor":8.0,"key":"Old Coin"},{"floor":9.0,"key":"TungstenRod"},{"floor":25.0,"key":"infinitespire:FocusingShard"},{"floor":26.0,"key":"Iron Hammer"},{"floor":27.0,"key":"Slimebound:PreparedRelic"},{"floor":40,"key":"Quantum Egg"},{"floor":43,"key":"Whetstone"}],"event_choices":[{"damage_healed":0.0,"max_hp_gain":0.0,"max_hp_loss":0.0,"gold_gain":1.0,"event_name":"betterStone:BetterStone","player_choice":"1","floor":3.0,"gold_loss":0.0,"damage_taken":0.0}],"is_beta":false,"boss_relics":[{"not_picked":["Black Star","Snecko Eye"],"picked":"xbg"},{"not_picked":["Velvet Choker","Calling Bell"],"picked":"Astrolabe"}],"items_purged_floors":[12,12,39],"is_endless":false,"potions_floor_spawned":[1,2,16,19,24,27,35,36,45],"ascension_level":0}}