{"host":"am551fa6890rb9vo","time":1612975653,"event":{"mods":["BaseMod","DeckTracker","Minty Spire (QoL Compilation)","Morshu Shopkeeper - ENHANCED","Rare Cards Sparkle","Relic Stats","Smile Girya","StSLib","The IronCluck","everything is the same but u backflip on backflip","slay the spire mod where everything is the same but ironclad has a cowboy hat"],"gold_per_floor":[111,111,36,51,70,70,97,97,97,114,126,126,140,155,155,252,252,269,281,291,111,125,125,125,137,160,170,198,209,236,250,250,348,398,412,202,252,252,102,135,135,135,135],"floor_reached":44,"language":"ENG","playtime":2737,"items_purged":["Dualcast","Zap","Strike_B","Strike_B"],"score":657,"play_id":"9572a427-0261-4069-a327-f6a6fa8620f3","local_time":"20210210164733","is_ascension_mode":false,"campfire_choices":[{"data":"Reprogram","floor":6,"key":"SMITH"},{"data":"Beam Cell","floor":8,"key":"SMITH"},{"data":"Sweeping Beam","floor":12,"key":"SMITH"},{"data":"BootSequence","floor":15,"key":"SMITH"},{"data":"Hologram","floor":23,"key":"SMITH"},{"floor":32,"key":"REST"},{"data":"Hologram","floor":41,"key":"SMITH"}],"circlet_count":0,"master_deck":["Strike_B","Defend_B","Defend_B+1","Defend_B","Defend_B","Reprogram+1","Sweeping Beam+1","All For One","Beam Cell+1","Gash","Gash","All For One","Scrape+1","FTL","Hologram+1","Hologram+1","Leap","Go for the Eyes","Dark Shackles"],"relics":["Sozu","InkBottle","Mercury Hourglass","Nuclear Battery","Pen Nib","Potion Belt","Lizard Tail","Tiny House","Gambling Chip","Lantern"],"acts_visited":["TheCity","TheBeyond"],"potions_floor_usage":[],"damage_taken":[{"damage":0,"enemies":"2 Louse","floor":1,"turns":2},{"damage":0,"enemies":"Cultist","floor":4,"turns":3},{"damage":0,"enemies":"Small Slimes","floor":5,"turns":3},{"damage":17,"enemies":"Gremlin Nob","floor":7,"turns":4},{"damage":0,"enemies":"3 Louse","floor":10,"turns":2},{"damage":0,"enemies":"Red Slaver","floor":11,"turns":3},{"damage":0,"enemies":"Lots of Slimes","floor":13,"turns":3},{"damage":0,"enemies":"Blue Slaver","floor":14,"turns":2},{"damage":16,"enemies":"Hexaghost","floor":16,"turns":6},{"damage":0,"enemies":"2 Thieves","floor":18,"turns":2},{"damage":0,"enemies":"Spheric Guardian","floor":19,"turns":2},{"damage":17,"enemies":"Snake Plant","floor":20,"turns":3},{"damage":0,"enemies":"Snecko","floor":22,"turns":2},{"damage":0,"enemies":"Cultist and Chosen","floor":25,"turns":4},{"damage":0,"enemies":"3 Cultists","floor":27,"turns":3},{"damage":9,"enemies":"Gremlin Leader","floor":28,"turns":3},{"damage":10,"enemies":"Snecko","floor":29,"turns":3},{"damage":10,"enemies":"Slavers","floor":30,"turns":3},{"damage":0,"enemies":"Sentry and Sphere","floor":31,"turns":3},{"damage":22,"enemies":"Champ","floor":33,"turns":7},{"damage":0,"enemies":"3 Shapes","floor":35,"turns":3},{"damage":0,"enemies":"Mind Bloom Boss Battle","floor":37,"turns":3},{"damage":21,"enemies":"Reptomancer","floor":40,"turns":5},{"damage":68,"enemies":"Time Eater","floor":43,"turns":13}],"seed_played":"6012199001588869793","potions_obtained":[],"is_trial":false,"path_per_floor":["M","?","$","M","M","R","E","R","T","M","M","R","M","M","R","B",null,"M","M","M","$","M","R","?","M","T","M","E","M","E","M","R","B",null,"M","$","?","?","$","E","R","?","B",null],"character_chosen":"DEFECT","items_purchased":["FTL","Dark Shackles"],"campfire_rested":1,"item_purchase_floors":[21,36],"current_hp_per_floor":[75,75,75,75,75,75,58,58,58,58,58,58,58,58,58,42,75,75,75,58,58,58,58,58,58,58,58,49,39,29,29,51,29,80,80,80,80,80,80,59,59,59,40],"gold":135,"neow_bonus":"BOSS_RELIC","is_daily":false,"chose_seed":false,"campfire_upgraded":6,"win_rate":0.0,"timestamp":1612975653,"path_taken":["M","?","$","M","?","R","E","R","T","M","M","R","M","M","R","BOSS","M","M","M","$","M","R","?","M","T","M","E","M","E","?","R","BOSS","M","$","?","?","$","E","R","?","BOSS"],"items_purchased_type":["Card","Card"],"build_version":"2020-12-22","purchased_purges":4,"victory":true,"max_hp_per_floor":[75,75,75,75,75,75,75,75,75,75,75,75,75,75,75,75,75,75,75,75,75,75,75,75,75,75,75,75,75,75,75,75,75,80,80,80,80,80,80,80,80,80,80],"relic_stats":{"Sozu":10,"Lizard Tail":40,"counters":[24,87],"Gambling Chip":[2],"Pen Nib":[18],"obtain_stats":[{"Sozu":0,"Potion Belt":28,"Lizard Tail":30,"Lantern":40,"Tiny House":34,"Gambling Chip":37,"Pen Nib":26,"Cracked Core":0,"InkBottle":7,"Mercury Hourglass":9,"Nuclear Battery":17},{"Sozu":0,"Potion Belt":16,"Lizard Tail":18,"Lantern":23,"Tiny House":20,"Gambling Chip":22,"Pen Nib":14,"Cracked Core":0,"InkBottle":4,"Mercury Hourglass":4,"Nuclear Battery":9},{"Sozu":0,"Potion Belt":47,"Lizard Tail":53,"Lantern":74,"Tiny House":63,"Gambling Chip":69,"Pen Nib":41,"Cracked Core":0,"InkBottle":12,"Mercury Hourglass":12,"Nuclear Battery":28}],"InkBottle":[38],"Mercury Hourglass":[297]},"card_choices":[{"not_picked":["Conserve Battery","Hologram"],"picked":"Reprogram","floor":1},{"not_picked":["Conserve Battery","Gash"],"picked":"Sweeping Beam","floor":4},{"not_picked":["Streamline","Leap"],"picked":"All For One","floor":5},{"not_picked":["Sweeping Beam","Gash"],"picked":"Beam Cell","floor":7},{"not_picked":["Blizzard","Loop"],"picked":"BootSequence","floor":10},{"not_picked":["Ball Lightning","Coolheaded","Turbo"],"picked":"SKIP","floor":11},{"not_picked":["Glacier","Stack"],"picked":"Gash","floor":13},{"not_picked":["Beam Cell","Lockon"],"picked":"Gash","floor":14},{"not_picked":["Fission","Amplify"],"picked":"All For One","floor":16},{"not_picked":["Stack+1","Double Energy"],"picked":"Scrape+1","floor":18},{"not_picked":["Lockon+1","Scrape","Rip and Tear"],"picked":"SKIP","floor":19},{"not_picked":["Ball Lightning+1","Sunder","Barrage"],"picked":"SKIP","floor":20},{"not_picked":["Beam Cell","Sweeping Beam+1"],"picked":"Hologram","floor":22},{"not_picked":["Beam Cell+1","All For One"],"picked":"Hologram","floor":25},{"not_picked":["Cold Snap+1","Force Field","Ball Lightning"],"picked":"SKIP","floor":27},{"not_picked":["Auto Shields","Stack","Rebound"],"picked":"SKIP","floor":28},{"not_picked":["Auto Shields","Stack","Rebound"],"picked":"SKIP","floor":28},{"not_picked":["Compile Driver","Capacitor"],"picked":"Leap","floor":29},{"not_picked":["Coolheaded","Glacier","Aggregate"],"picked":"SKIP","floor":30},{"not_picked":["Scrape","Turbo","Blizzard"],"picked":"SKIP","floor":31},{"not_picked":["Leap+1","Doom and Gloom"],"picked":"Go for the Eyes","floor":35},{"not_picked":["Beam Cell+1","Self Repair+1","Stack+1"],"picked":"SKIP","floor":40}],"player_experience":87404,"relics_obtained":[{"floor":7,"key":"InkBottle"},{"floor":9,"key":"Mercury Hourglass"},{"floor":26,"key":"Pen Nib"},{"floor":28,"key":"Potion Belt"},{"floor":30,"key":"Lizard Tail"},{"floor":37,"key":"Gambling Chip"},{"floor":40,"key":"Lantern"}],"event_choices":[{"damage_healed":0,"gold_gain":0,"player_choice":"Ignored","damage_taken":0,"max_hp_gain":0,"max_hp_loss":0,"event_name":"NoteForYourself","floor":2,"gold_loss":0},{"cards_removed":["Strike_B"],"damage_healed":0,"gold_gain":0,"player_choice":"Purged","damage_taken":0,"max_hp_gain":0,"max_hp_loss":0,"event_name":"Purifier","floor":24,"gold_loss":0},{"damage_healed":0,"gold_gain":0,"player_choice":"Fight","damage_taken":0,"max_hp_gain":0,"max_hp_loss":0,"event_name":"MindBloom","floor":37,"gold_loss":0},{"cards_removed":["BootSequence"],"damage_healed":0,"gold_gain":0,"player_choice":"Removed Skill","damage_taken":0,"max_hp_gain":0,"max_hp_loss":0,"event_name":"Falling","floor":38,"gold_loss":0},{"damage_healed":0,"gold_gain":0,"player_choice":"Took Portal","damage_taken":0,"max_hp_gain":0,"max_hp_loss":0,"event_name":"SecretPortal","floor":42,"gold_loss":0}],"is_beta":false,"boss_relics":[{"not_picked":["Runic Pyramid","Cursed Key"],"picked":"Nuclear Battery"},{"not_picked":["SacredBark","Busted Crown"],"picked":"Tiny House"}],"items_purged_floors":[3,21,36,39],"is_endless":false,"potions_floor_spawned":[1,10,13,19,25,28,29,31,37],"ascension_level":0}}