{"host":"1w6a2rjjfnt8te8e","time":1612971730,"event":{"mods":["BaseMod","Colored Powertips","Downfall","Minty Spire (QoL Compilation)","Quick Restart","Relic Stats","StSLib"],"gold_per_floor":[99,99,99,99,117,144,144,144,144,144],"floor_reached":8,"language":"ENG","playtime":568,"items_purged":[],"score":52,"play_id":"6a200af5-2ab9-4154-b1e9-7355399d9813","local_time":"20210210234210","is_ascension_mode":false,"campfire_choices":[{"data":"champ:Taunt","floor":1,"key":"SMITH"}],"circlet_count":0,"master_deck":["champ:Strike","champ:Strike","champ:Strike","champ:Strike","champ:Defend","champ:Defend","champ:Defend","champ:Defend","champ:Execute","champ:Taunt+1","champ:FanOfKnives","champ:BringItOn","champ:FalseCounter"],"relics":["champ:ChampionCrown","downfall:HeartsMalice","Bottled Lightning","Singing Bowl"],"acts_visited":["Exordium"],"potions_floor_usage":[],"damage_taken":[{"damage":0,"enemies":"Cultist","floor":2,"turns":1},{"damage":0,"enemies":"2 Louse","floor":3,"turns":1},{"damage":0,"enemies":"Small Slimes","floor":4,"turns":1},{"damage":59,"enemies":"Exordium Wildlife","floor":5,"turns":6},{"damage":24,"enemies":"3 Sentries","floor":6,"turns":8},{"damage":11,"enemies":"Lagavulin","floor":8,"turns":4}],"seed_played":"671319584735149675","potions_obtained":[{"floor":5,"key":"Regen Potion"}],"is_trial":false,"path_per_floor":["R","M","M","M","M","E","T","E"],"character_chosen":"THE_CHAMP","items_purchased":[],"campfire_rested":0,"item_purchase_floors":[],"current_hp_per_floor":[90,90,90,90,51,37,37,26,26,26],"gold":144,"neow_bonus":"THREE_ENEMY_KILL","is_daily":false,"chose_seed":false,"campfire_upgraded":1,"win_rate":0.0,"timestamp":1612971730,"path_taken":["R","M","?","?","?","E","T","E"],"items_purchased_type":[],"build_version":"2020-12-22","purchased_purges":0,"victory":false,"max_hp_per_floor":[90,90,90,90,90,90,90,90,90,90],"relic_stats":{"Singing Bowl":0,"counters":[6,18],"obtain_stats":[{"Singing Bowl":7,"champ:ChampionCrown":0,"downfall:HeartsMalice":0,"Bottled Lightning":6},{"Singing Bowl":5,"champ:ChampionCrown":0,"downfall:HeartsMalice":0,"Bottled Lightning":5},{"Singing Bowl":14,"champ:ChampionCrown":0,"downfall:HeartsMalice":0,"Bottled Lightning":14}]},"card_choices":[{"not_picked":["champ:PreciseThrust","champ:TornadoPunch"],"picked":"champ:FanOfKnives","floor":2},{"not_picked":["champ:CalledShot","champ:FalseCounter","champ:DefensiveShout"],"picked":"SKIP","floor":3},{"not_picked":["champ:Duel","champ:PerfectedStrike","champ:Circumvent"],"picked":"SKIP","floor":4},{"not_picked":["champ:RisingSlash","champ:EnGarde"],"picked":"champ:BringItOn","floor":5},{"not_picked":["champ:FlashCut","champ:Shatter"],"picked":"champ:FalseCounter","floor":6}],"player_experience":345110,"relics_obtained":[{"floor":6,"key":"Bottled Lightning"},{"floor":7,"key":"Singing Bowl"}],"event_choices":[],"is_beta":false,"boss_relics":[],"items_purged_floors":[],"is_endless":false,"potions_floor_spawned":[5],"killed_by":"Lagavulin","ascension_level":0}}