{"host":"1vy6j31128f61x2z","time":1612982335,"event":{"mods":["AchievementEnabler","BaseMod","Colored Powertips","Minty Spire (QoL Compilation)","Permanent Neow"],"gold_per_floor":[115,130,150,150,150,181,181,212,224,236,268,280,325,355,367,379,379],"floor_reached":16,"language":"ENG","playtime":572,"items_purged":[],"score":187,"play_id":"1f84e2a4-7a63-480e-a7c6-0ca9aa53d0c0","local_time":"20210210133855","is_ascension_mode":true,"campfire_choices":[{"data":"Eruption","floor":7,"key":"SMITH"},{"data":"Conclude","floor":10,"key":"SMITH"},{"data":"Tantrum","floor":15,"key":"SMITH"}],"circlet_count":0,"master_deck":["Strike_P","Strike_P","Strike_P","Strike_P","Defend_P","Defend_P","Defend_P","Defend_P","Eruption+1","Vigilance","FlyingSleeves","Conclude+1","Tantrum+1","Regret","Meditate","DevaForm","FollowUp","Wallop","Consecrate"],"relics":["VioletLotus","PreservedInsect","Darkstone Periapt","MawBank","Boot","HornCleat","Pear"],"acts_visited":["Exordium"],"potions_floor_usage":[],"damage_taken":[{"damage":0,"enemies":"2 Louse","floor":1,"turns":4},{"damage":2,"enemies":"Jaw Worm","floor":2,"turns":5},{"damage":0,"enemies":"Cultist","floor":3,"turns":2},{"damage":0,"enemies":"3 Sentries","floor":6,"turns":2},{"damage":0,"enemies":"Gremlin Nob","floor":8,"turns":2},{"damage":3,"enemies":"Large Slime","floor":11,"turns":3},{"damage":22,"enemies":"Lagavulin","floor":13,"turns":6},{"damage":0,"enemies":"Gremlin Gang","floor":14,"turns":2},{"damage":60,"enemies":"Hexaghost","floor":16,"turns":5}],"seed_played":"6897057829915611854","potions_obtained":[{"floor":1,"key":"LiquidMemories"},{"floor":3,"key":"PowerPotion"},{"floor":6,"key":"GamblersBrew"}],"is_trial":false,"path_per_floor":["M","M","M","?","?","E","R","E","T","R","M","T","E","M","R","B"],"character_chosen":"WATCHER","items_purchased":[],"campfire_rested":0,"item_purchase_floors":[],"current_hp_per_floor":[72,70,70,70,70,70,70,70,70,70,67,67,55,55,55,0,0],"gold":379,"neow_bonus":"BOSS_RELIC","is_daily":false,"chose_seed":false,"campfire_upgraded":3,"win_rate":0.0,"timestamp":1612982335,"path_taken":["M","M","M","?","?","E","R","E","T","R","M","?","E","?","R","BOSS"],"items_purchased_type":[],"build_version":"2020-12-22","purchased_purges":0,"victory":false,"max_hp_per_floor":[72,72,72,72,72,72,72,72,72,72,72,72,82,82,82,82,82],"card_choices":[{"not_picked":["PathToVictory","Evaluate"],"picked":"FlyingSleeves","floor":1},{"not_picked":["Fasting2","PathToVictory"],"picked":"Conclude","floor":2},{"not_picked":["ReachHeaven","Protect"],"picked":"Tantrum","floor":3},{"not_picked":["Protect","ThirdEye"],"picked":"Meditate","floor":6},{"not_picked":["ThirdEye","ClearTheMind"],"picked":"DevaForm","floor":8},{"not_picked":["WaveOfTheHand","Worship"],"picked":"FollowUp","floor":11},{"not_picked":["CutThroughFate","BowlingBash"],"picked":"Wallop","floor":13},{"not_picked":["ThirdEye","EmptyBody"],"picked":"Consecrate","floor":14}],"player_experience":34643,"relics_obtained":[{"floor":6,"key":"Darkstone Periapt"},{"floor":8,"key":"MawBank"},{"floor":9,"key":"Boot"},{"floor":12,"key":"HornCleat"},{"floor":13,"key":"Pear"}],"event_choices":[{"damage_healed":0,"gold_gain":0,"player_choice":"Ignored","damage_taken":0,"max_hp_gain":0,"max_hp_loss":0,"event_name":"Liars Game","floor":4,"gold_loss":0},{"damage_healed":0,"gold_gain":0,"player_choice":"Box","damage_taken":0,"relics_obtained":["PreservedInsect"],"max_hp_gain":0,"max_hp_loss":0,"event_name":"Big Fish","floor":5,"gold_loss":0,"cards_obtained":["Regret"]}],"is_beta":false,"boss_relics":[],"items_purged_floors":[],"is_endless":false,"potions_floor_spawned":[1,3,6,11],"killed_by":"Hexaghost","ascension_level":2}}