{"host":"v0dnu0zs4qo0v13s","time":1612920269,"event":{"mods":["BaseMod","Colored Map","Colored Powertips","Minty Spire (QoL Compilation)","Relic Stats","StSLib","SuperFastMode","everything is the same but u backflip on backflip"],"gold_per_floor":[117,16,16,36,186,215,106,125,149,180,200,220,15,31,31,31,31],"floor_reached":16,"language":"ENG","playtime":719,"items_purged":["Strike_R","Strike_R"],"score":240,"play_id":"c4158543-47c9-4f17-bbab-ea7c4ad6ae6e","local_time":"20210209202429","is_ascension_mode":true,"campfire_choices":[{"floor":15,"key":"REST"}],"circlet_count":0,"master_deck":["AscendersBane","Strike_R","Strike_R","Defend_R","Defend_R","Defend_R","Defend_R","Bash","Fire Breathing","Wild Strike","True Grit","Doubt","Uppercut","Feel No Pain","Reckless Charge","Sentinel","Searing Blow","Sentinel","Burning Pact","Evolve","Power Through","Reaper","Combust"],"relics":["Burning Blood","NeowsBlessing","Bag of Preparation","PreservedInsect","Dream Catcher"],"acts_visited":["Exordium"],"potions_floor_usage":[10,14,16],"damage_taken":[{"damage":0,"enemies":"Small Slimes","floor":1,"turns":1},{"damage":0,"enemies":"Jaw Worm","floor":4,"turns":1},{"damage":0,"enemies":"3 Sentries","floor":6,"turns":2},{"damage":0,"enemies":"Cultist","floor":8,"turns":3},{"damage":24,"enemies":"Gremlin Nob","floor":10,"turns":4},{"damage":16,"enemies":"Blue Slaver","floor":11,"turns":3},{"damage":14,"enemies":"Red Slaver","floor":12,"turns":2},{"damage":12,"enemies":"Lots of Slimes","floor":14,"turns":3},{"damage":66,"enemies":"Hexaghost","floor":16,"turns":11}],"seed_played":"7051660971805245685","potions_obtained":[{"floor":1,"key":"ColorlessPotion"},{"floor":10,"key":"Fruit Juice"},{"floor":14,"key":"Regen Potion"}],"is_trial":false,"path_per_floor":["M","$","?","M","?","E","$","M","T","E","M","M","$","M","R","B"],"character_chosen":"IRONCLAD","items_purchased":["Wild Strike","Feel No Pain","Reckless Charge","Evolve","Power Through"],"campfire_rested":1,"item_purchase_floors":[2,7,7,13,13],"current_hp_per_floor":[74,74,67,73,73,75,75,75,75,62,52,44,44,38,62,11,11],"gold":31,"neow_bonus":"THREE_ENEMY_KILL","is_daily":false,"chose_seed":false,"campfire_upgraded":0,"win_rate":0.0,"timestamp":1612920269,"path_taken":["M","$","?","M","?","E","?","M","T","E","M","M","$","M","R","BOSS"],"items_purchased_type":["Card","Card","Card","Card","Card"],"build_version":"2020-12-22","purchased_purges":2,"victory":false,"max_hp_per_floor":[75,75,75,75,75,75,75,75,75,80,80,80,80,80,80,80,80],"relic_stats":{"Dream Catcher":1,"counters":[9,30],"PreservedInsect":22,"Bag of Preparation":[12],"obtain_stats":[{"Dream Catcher":10,"NeowsBlessing":0,"PreservedInsect":9,"Bag of Preparation":6,"Burning Blood":0},{"Dream Catcher":5,"NeowsBlessing":0,"PreservedInsect":4,"Bag of Preparation":3,"Burning Blood":0},{"Dream Catcher":11,"NeowsBlessing":0,"PreservedInsect":7,"Bag of Preparation":4,"Burning Blood":0}],"Burning Blood":38},"card_choices":[{"not_picked":["Clash","Flex"],"picked":"Fire Breathing","floor":1},{"not_picked":["Wild Strike","Flex"],"picked":"True Grit","floor":4},{"not_picked":["Infernal Blade","True Grit"],"picked":"Uppercut","floor":6},{"not_picked":["Flex","Thunderclap"],"picked":"Sentinel","floor":8},{"not_picked":["Armaments","Twin Strike"],"picked":"Searing Blow","floor":10},{"not_picked":["Warcry","Headbutt"],"picked":"Sentinel","floor":11},{"not_picked":["Wild Strike","Thunderclap"],"picked":"Burning Pact","floor":12},{"not_picked":["Clash","Rage"],"picked":"Reaper","floor":14},{"not_picked":["Warcry","Thunderclap"],"picked":"Combust","floor":15}],"player_experience":716133,"relics_obtained":[{"floor":6,"key":"Bag of Preparation"},{"floor":9,"key":"PreservedInsect"},{"floor":10,"key":"Dream Catcher"}],"event_choices":[{"cards_removed":["Strike_R"],"damage_healed":0,"gold_gain":0,"player_choice":"Card Removal","damage_taken":7,"max_hp_gain":0,"max_hp_loss":0,"event_name":"Golden Wing","floor":3,"gold_loss":0},{"damage_healed":0,"gold_gain":150,"player_choice":"AGREE","damage_taken":0,"max_hp_gain":0,"max_hp_loss":0,"event_name":"Liars Game","floor":5,"gold_loss":0,"cards_obtained":["Doubt"]}],"is_beta":false,"boss_relics":[],"items_purged_floors":[2,13],"is_endless":false,"potions_floor_spawned":[1,10,14],"killed_by":"Hexaghost","ascension_level":15}}