{"host":"1u4zr9vl8my47i07","time":1612993897,"event":{"mods":["AchievementEnabler","BaseMod","Colored Map","DeckTracker","Highlight Path","Keyboard Shortcuts","Minty Spire (QoL Compilation)","Relic Stats","StSLib","SuperFastMode","Uncapped","Waifu the Spire","everything is the same but u backflip on backflip"],"gold_per_floor":[109,109,109,125,50,77,77,109,109,109,126,126,142,142,142,220,220,240,256,256,286,303,303,316,343,420,420,448,448,459,40,40,111,111,130,155,155,174,193,193,218,265,265,291,18,31,50,50,50,50,50,50,50,50,84,84],"floor_reached":57,"language":"KOR","playtime":2630,"items_purged":["Dark Embrace","Barricade+1"],"score":3591,"play_id":"2258e96b-1508-41f6-b914-e639dcbd5fc8","local_time":"20210211065137","is_ascension_mode":true,"campfire_choices":[{"data":"Pommel Strike","floor":7.0,"key":"SMITH"},{"data":"Limit Break","floor":10.0,"key":"SMITH"},{"data":"Shockwave","floor":15.0,"key":"SMITH"},{"data":"1","floor":23.0,"key":"LIFT"},{"data":"2","floor":27,"key":"LIFT"},{"data":"3","floor":32,"key":"LIFT"},{"data":"Whirlwind","floor":40,"key":"SMITH"},{"floor":49,"key":"RECALL"},{"data":"Power Through","floor":53,"key":"SMITH"}],"circlet_count":0,"master_deck":["AscendersBane","Bash","Shrug It Off","Pommel Strike+1","Burning Pact+1","Rage+1","Limit Break+1","Offering+1","Power Through+1","Shockwave+1","Dark Embrace+1","Whirlwind+1"],"relics":["Burning Blood","Sundial","Girya","Shuriken","Vajra","Magic Flower","Pantograph","Blood Vial","Centennial Puzzle","Runic Pyramid","Red Mask","PreservedInsect","Shovel","Shuriken","Calipers","MutagenicStrength","Black Star","TungstenRod","Lantern","Molten Egg 2","Regal Pillow","Akabeko","Strange Spoon","Gambling Chip","Vajra"],"acts_visited":["Exordium","TheCity","TheBeyond","TheEnding"],"potions_floor_usage":[56],"damage_taken":[{"damage":6.0,"enemies":"Small Slimes","floor":1.0,"turns":2.0},{"damage":6.0,"enemies":"Cultist","floor":4.0,"turns":3.0},{"damage":34.0,"enemies":"Gremlin Nob","floor":6.0,"turns":4.0},{"damage":6.0,"enemies":"Lagavulin","floor":8.0,"turns":3.0},{"damage":16.0,"enemies":"2 Louse","floor":11.0,"turns":2.0},{"damage":8.0,"enemies":"Blue Slaver","floor":13.0,"turns":2.0},{"damage":6.0,"enemies":"Hexaghost","floor":16.0,"turns":2.0},{"damage":6.0,"enemies":"Shell Parasite","floor":18.0,"turns":1.0},{"damage":14.0,"enemies":"2 Thieves","floor":19.0,"turns":2.0},{"damage":6.0,"enemies":"Masked Bandits","floor":21.0,"turns":2.0},{"damage":22.0,"enemies":"Centurion and Healer","floor":22.0,"turns":2.0},{"damage":18,"enemies":"Shelled Parasite and Fungi","floor":24,"turns":3},{"damage":6,"enemies":"Book of Stabbing","floor":25,"turns":2},{"damage":13,"enemies":"Gremlin Leader","floor":28,"turns":3},{"damage":0,"enemies":"Cultist and Chosen","floor":30,"turns":1},{"damage":6,"enemies":"Collector","floor":33,"turns":1},{"damage":6,"enemies":"3 Shapes","floor":35,"turns":1},{"damage":6,"enemies":"Mind Bloom Boss Battle","floor":36,"turns":4},{"damage":8,"enemies":"Orb Walker","floor":38,"turns":2},{"damage":0,"enemies":"Jaw Worm Horde","floor":39,"turns":1},{"damage":5,"enemies":"Giant Head","floor":41,"turns":1},{"damage":0,"enemies":"2 Orb Walkers","floor":42,"turns":1},{"damage":5,"enemies":"Nemesis","floor":44,"turns":3},{"damage":0,"enemies":"Sphere and 2 Shapes","floor":46,"turns":1},{"damage":5,"enemies":"Spire Growth","floor":47,"turns":2},{"damage":65,"enemies":"Awakened One","floor":50,"turns":4},{"damage":10,"enemies":"Donu and Deca","floor":51,"turns":2},{"damage":0,"enemies":"Shield and Spear","floor":55,"turns":1},{"damage":28,"enemies":"The Heart","floor":56,"turns":15}],"seed_played":"4349309221033684057","potions_obtained":[{"floor":8.0,"key":"BloodPotion"},{"floor":11.0,"key":"ElixirPotion"},{"floor":16.0,"key":"DistilledChaos"},{"floor":18.0,"key":"FairyPotion"},{"floor":19.0,"key":"Strength Potion"}],"is_trial":false,"path_per_floor":["M","?","?","M","$","E","R","E","T","R","M","?","M","?","R","B",null,"M","M","?","?","M","R","M","E","T","R","E","T","M","$","R","B",null,"M","?","?","M","M","R","E","?","T","E","$","M","M","?","R","B","B",null,"R","$","E","B",null],"character_chosen":"IRONCLAD","items_purchased":["Dark Embrace","Calipers","Strange Spoon"],"campfire_rested":0,"item_purchase_floors":[5,31,45],"current_hp_per_floor":[68,48,48,51,51,26,26,42,42,42,38,38,42,42,42,68,68,68,63,63,68,55,55,49,55,55,55,54,54,66,66,66,68,68,68,68,68,68,68,68,68,68,68,68,68,68,68,68,68,12,52,64,64,64,68,49],"gold":84,"neow_bonus":"ONE_RARE_RELIC","is_daily":false,"chose_seed":false,"campfire_upgraded":5,"win_rate":0.0,"timestamp":1612993897,"path_taken":["M","?","?","?","$","E","R","E","T","R","M","?","?","?","R","BOSS","M","M","?","?","M","R","M","E","T","R","E","?","?","?","R","BOSS","M","?","?","?","M","R","E","?","T","E","$","M","M","?","R","BOSS","BOSS","R","$","E","BOSS"],"items_purchased_type":["Card","Relic","Relic"],"build_version":"2020-12-22","purchased_purges":2,"victory":true,"max_hp_per_floor":[68,68,68,68,68,68,68,68,68,68,68,68,68,68,68,68,68,68,68,68,68,68,68,68,68,68,68,68,68,68,68,68,68,68,68,68,68,68,68,68,68,68,68,68,68,68,68,68,68,68,68,68,68,68,68,68],"relic_stats":{"Regal Pillow":0,"counters":[29,73],"Magic Flower":[69],"PreservedInsect":302,"Burning Blood":194,"Blood Vial":32,"Strange Spoon":[4],"Centennial Puzzle":[57],"Shovel":0,"Sundial":[428],"Shuriken":[46],"Pantograph":61,"Gambling Chip":[3],"Black Star":3,"obtain_stats":[{"Girya":0,"Lantern":41,"Regal Pillow":44,"Calipers":31,"Circlet":0,"Vajra":0,"Magic Flower":0,"PreservedInsect":25,"Burning Blood":0,"Akabeko":44,"Blood Vial":8,"Strange Spoon":45,"Centennial Puzzle":9,"Shovel":28,"Sundial":0,"Shuriken":0,"Pantograph":6,"MutagenicStrength":33,"Gambling Chip":55,"Molten Egg 2":43,"Red Mask":21,"Black Star":34,"TungstenRod":36,"Runic Pyramid":17},{"Girya":0,"Lantern":21,"Regal Pillow":23,"Calipers":15,"Circlet":0,"Vajra":0,"Magic Flower":0,"PreservedInsect":13,"Burning Blood":0,"Akabeko":23,"Blood Vial":4,"Strange Spoon":23,"Centennial Puzzle":4,"Shovel":14,"Sundial":0,"Shuriken":0,"Pantograph":3,"MutagenicStrength":16,"Gambling Chip":28,"Molten Egg 2":22,"Red Mask":10,"Black Star":16,"TungstenRod":18,"Runic Pyramid":7},{"Girya":0,"Lantern":44,"Regal Pillow":48,"Calipers":34,"Circlet":0,"Vajra":0,"Magic Flower":0,"PreservedInsect":30,"Burning Blood":0,"Akabeko":48,"Blood Vial":12,"Strange Spoon":48,"Centennial Puzzle":12,"Shovel":33,"Sundial":0,"Shuriken":0,"Pantograph":9,"MutagenicStrength":35,"Gambling Chip":58,"Molten Egg 2":45,"Red Mask":23,"Black Star":35,"TungstenRod":40,"Runic Pyramid":18}],"TungstenRod":35},"card_choices":[{"not_picked":["Iron Wave","Clothesline"],"picked":"Power Through","floor":1.0},{"not_picked":["Seeing Red","Combust","Havoc"],"picked":"SKIP","floor":4.0},{"not_picked":["Shrug It Off","Double Tap"],"picked":"Shockwave","floor":6.0},{"not_picked":["Body Slam","Infernal Blade","True Grit"],"picked":"SKIP","floor":8.0},{"not_picked":["Twin Strike","Havoc","Armaments"],"picked":"SKIP","floor":11.0},{"not_picked":["Headbutt","Thunderclap","Impervious"],"picked":"SKIP","floor":13.0},{"not_picked":["Cleave","Shrug It Off","Perfected Strike"],"picked":"SKIP","floor":18.0},{"not_picked":["Clothesline","Sever Soul","Thunderclap"],"picked":"SKIP","floor":19.0},{"not_picked":["Rage","Dropkick"],"picked":"Dual Wield+1","floor":21.0},{"not_picked":["Pommel Strike+1","Bloodletting"],"picked":"Dark Embrace+1","floor":22.0},{"not_picked":["Headbutt","Armaments","Shockwave"],"picked":"SKIP","floor":24},{"not_picked":["Pommel Strike","Entrench","Ghostly Armor"],"picked":"SKIP","floor":25},{"not_picked":["Clash","Perfected Strike","Offering"],"picked":"SKIP","floor":28},{"not_picked":["Twin Strike","Cleave","Sentinel"],"picked":"SKIP","floor":30},{"not_picked":["Shrug It Off","Burning Pact","Battle Trance"],"picked":"SKIP","floor":35},{"not_picked":["Thunderclap","Armaments","Searing Blow"],"picked":"SKIP","floor":38},{"not_picked":["Wild Strike+1","Perfected Strike","Seeing Red"],"picked":"SKIP","floor":39},{"not_picked":["Body Slam","Fiend Fire","Metallicize"],"picked":"SKIP","floor":41},{"not_picked":["Spot Weakness","Dark Embrace","Disarm"],"picked":"SKIP","floor":44},{"not_picked":["Pommel Strike+1","Entrench","Cleave+1"],"picked":"SKIP","floor":46},{"not_picked":["Sword Boomerang+1","Flex","Wild Strike+1"],"picked":"SKIP","floor":47},{"not_picked":["Corruption","Searing Blow+1","Blood for Blood+1"],"picked":"SKIP","floor":55}],"player_experience":364828,"relics_obtained":[{"floor":6.0,"key":"Pantograph"},{"floor":8.0,"key":"Blood Vial"},{"floor":9.0,"key":"Centennial Puzzle"},{"floor":21.0,"key":"Red Mask"},{"floor":25,"key":"PreservedInsect"},{"floor":28,"key":"Shovel"},{"floor":29,"key":"Shuriken"},{"floor":36,"key":"TungstenRod"},{"floor":41,"key":"Lantern"},{"floor":43,"key":"Molten Egg 2"},{"floor":44,"key":"Regal Pillow"},{"floor":44,"key":"Akabeko"},{"floor":55,"key":"Gambling Chip"},{"floor":55,"key":"Vajra"}],"event_choices":[{"damage_healed":0.0,"max_hp_gain":0.0,"max_hp_loss":0.0,"gold_gain":0.0,"event_name":"Shining Light","player_choice":"Entered Light","floor":2.0,"gold_loss":0.0,"damage_taken":20.0,"cards_upgraded":["Barricade","Rage"]},{"damage_healed":0.0,"max_hp_gain":0.0,"max_hp_loss":0.0,"gold_gain":0.0,"event_name":"Transmorgrifier","player_choice":"Ignored","floor":3.0,"gold_loss":0.0,"damage_taken":0.0},{"damage_healed":0.0,"max_hp_gain":0.0,"max_hp_loss":0.0,"gold_gain":0.0,"event_name":"Purifier","player_choice":"Ignored","floor":12.0,"gold_loss":0.0,"damage_taken":0.0},{"damage_healed":0.0,"max_hp_gain":0.0,"max_hp_loss":0.0,"gold_gain":0.0,"event_name":"Living Wall","player_choice":"Grow","floor":14.0,"gold_loss":0.0,"damage_taken":0.0,"cards_upgraded":["Burning Pact"]},{"damage_healed":0.0,"max_hp_gain":0.0,"max_hp_loss":0.0,"gold_gain":0.0,"event_name":"Ghosts","player_choice":"Ignored","floor":20.0,"gold_loss":0.0,"damage_taken":0.0},{"damage_healed":0.0,"max_hp_gain":0.0,"max_hp_loss":0.0,"gold_gain":0.0,"event_name":"Masked Bandits","player_choice":"Fought Bandits","floor":21.0,"gold_loss":0.0,"damage_taken":0.0},{"damage_healed":0,"gold_gain":0,"player_choice":"Fight","damage_taken":0,"max_hp_gain":0,"max_hp_loss":0,"event_name":"MindBloom","floor":36,"gold_loss":0},{"cards_removed":["Dual Wield"],"damage_healed":0,"gold_gain":0,"player_choice":"Purged","damage_taken":0,"max_hp_gain":0,"max_hp_loss":0,"event_name":"Purifier","floor":37,"gold_loss":0},{"damage_healed":0,"gold_gain":0,"player_choice":"Fight","damage_taken":0,"max_hp_gain":0,"max_hp_loss":0,"event_name":"Mysterious Sphere","floor":42,"gold_loss":0},{"damage_healed":0,"gold_gain":0,"player_choice":"Upgraded","damage_taken":0,"max_hp_gain":0,"max_hp_loss":0,"event_name":"Upgrade Shrine","floor":48,"gold_loss":0,"cards_upgraded":["Offering"]}],"is_beta":false,"boss_relics":[{"not_picked":["Busted Crown","Mark of Pain"],"picked":"Runic Pyramid"},{"not_picked":["SacredBark","Calling Bell"],"picked":"Black Star"}],"items_purged_floors":[31,45],"is_endless":false,"potions_floor_spawned":[8,11,16,18,19,22,36,39,42,44,47],"ascension_level":20}}