{"host":"p9vmbvw2hh2n16dn","time":1612956916,"event":{"mods":["AchievementEnabler","BaseMod","Block Reminder","Minty Spire (QoL Compilation)","Relic Stats","SuperFastMode"],"gold_per_floor":[111,129,129,129,86,86,101,126,126,276,304,304,336,18,18,94,94,111,111,161,174,193,225,242,269,346,378,390,390,409,76,76,147,147,158,183,230,13,31,66,66,98,98,98,128,128,143,170,170,170],"floor_reached":51,"language":"ENG","playtime":2596,"items_purged":["Doubt"],"score":1920,"play_id":"76a24d32-9d04-4ff1-80e6-9bb63920a584","local_time":"20210210123516","is_ascension_mode":true,"campfire_choices":[{"data":"Dropkick","floor":6.0,"key":"SMITH"},{"data":"Whirlwind","floor":12.0,"key":"SMITH"},{"floor":15.0,"key":"REST"},{"data":"Double Tap","floor":29.0,"key":"SMITH"},{"data":"Bloodletting","floor":32.0,"key":"SMITH"},{"floor":49,"key":"DIG"}],"circlet_count":0,"master_deck":["AscendersBane","Strike_R","Strike_R","Defend_R","Defend_R","Defend_R","Defend_R+1","Bash","Shockwave+1","Burning Pact+1","Corruption+1","Dropkick+1","Flame Barrier+1","Whirlwind+1","Cleave","Dropkick","Body Slam+1","Pommel Strike+1","Double Tap+1","Entrench","Armaments+1","Seeing Red","Bloodletting","Bloodletting+1","Flash of Steel+1","Reaper+1","Burning Pact","Dark Embrace"],"relics":["Astrolabe","Ice Cream","Regal Pillow","Sundial","War Paint","Molten Egg 2","Shuriken","Snecko Eye","MutagenicStrength","Paper Frog","Centennial Puzzle","Pear","Toy Ornithopter","Juzu Bracelet","Fusion Hammer","StoneCalendar","Gambling Chip","OrangePellets","Question Card","Blue Candle","Bottled Flame","Shovel","Smiling Mask","Bottled Tornado"],"acts_visited":["TheCity","TheBeyond"],"potions_floor_usage":[50,50],"damage_taken":[{"damage":5.0,"enemies":"Small Slimes","floor":1.0,"turns":4.0},{"damage":0.0,"enemies":"Jaw Worm","floor":2.0,"turns":4.0},{"damage":0.0,"enemies":"Cultist","floor":7.0,"turns":3.0},{"damage":14.0,"enemies":"Gremlin Nob","floor":8.0,"turns":4.0},{"damage":8.0,"enemies":"3 Sentries","floor":11.0,"turns":5.0},{"damage":16.0,"enemies":"Gremlin Nob","floor":13.0,"turns":4.0},{"damage":42.0,"enemies":"Hexaghost","floor":16.0,"turns":7.0},{"damage":0.0,"enemies":"Spheric Guardian","floor":18.0,"turns":3.0},{"damage":0.0,"enemies":"Shell Parasite","floor":21.0,"turns":2.0},{"damage":0.0,"enemies":"Shelled Parasite and Fungi","floor":22.0,"turns":3.0},{"damage":0.0,"enemies":"Gremlin Leader","floor":23.0,"turns":4.0},{"damage":0.0,"enemies":"3 Cultists","floor":24.0,"turns":2.0},{"damage":0.0,"enemies":"Slavers","floor":25.0,"turns":2.0},{"damage":0.0,"enemies":"Gremlin Leader","floor":27.0,"turns":2.0},{"damage":3.0,"enemies":"Cultist and Chosen","floor":28.0,"turns":3.0},{"damage":6.0,"enemies":"Snecko","floor":30.0,"turns":3.0},{"damage":6.0,"enemies":"Champ","floor":33.0,"turns":4.0},{"damage":8.0,"enemies":"3 Shapes","floor":35.0,"turns":3.0},{"damage":12.0,"enemies":"Mind Bloom Boss Battle","floor":36.0,"turns":4.0},{"damage":25.0,"enemies":"2 Orb Walkers","floor":37.0,"turns":4.0},{"damage":0.0,"enemies":"3 Darklings","floor":39.0,"turns":1.0},{"damage":3.0,"enemies":"Reptomancer","floor":40.0,"turns":1.0},{"damage":3.0,"enemies":"Giant Head","floor":42.0,"turns":3.0},{"damage":6.0,"enemies":"Reptomancer","floor":45.0,"turns":2.0},{"damage":24.0,"enemies":"Maw","floor":47.0,"turns":3.0},{"damage":7,"enemies":"Giant Head","floor":48,"turns":1},{"damage":48,"enemies":"Awakened One","floor":50,"turns":3}],"seed_played":"-423342096286757230","potions_obtained":[{"floor":7.0,"key":"Regen Potion"},{"floor":11.0,"key":"Energy Potion"},{"floor":16.0,"key":"BloodPotion"},{"floor":21.0,"key":"CultistPotion"},{"floor":24.0,"key":"Block Potion"},{"floor":25.0,"key":"Dexterity Potion"},{"floor":37.0,"key":"DistilledChaos"},{"floor":40.0,"key":"Energy Potion"},{"floor":45.0,"key":"Explosive Potion"},{"floor":47,"key":"Ancient Potion"}],"is_trial":false,"path_per_floor":["M","M","?","?","$","R","M","E","T","?","E","R","E","$","R","B",null,"M","?","?","M","M","E","M","E","T","E","M","R","M","$","R","B",null,"M","?","?","$","M","E","$","E","T","?","E","?","M","E","R","B",null],"character_chosen":"IRONCLAD","items_purchased":["Flame Barrier","Shuriken","Pommel Strike+1","Flash of Steel+1","Juzu Bracelet","OrangePellets","PowerPotion"],"campfire_rested":1,"item_purchase_floors":[5,14,14,31,31,38,38],"current_hp_per_floor":[63,63,52,52,52,52,52,50,50,50,42,42,26,26,63,21,62,62,62,62,75,75,75,75,75,85,85,82,82,76,76,76,70,81,83,71,58,58,58,60,60,80,80,80,74,74,53,81,81,33],"gold":170,"neow_bonus":"BOSS_RELIC","is_daily":false,"chose_seed":false,"campfire_upgraded":4,"win_rate":0.0,"timestamp":1612956916,"path_taken":["M","M","?","?","$","R","?","E","T","?","E","R","E","$","R","BOSS","M","?","?","M","M","E","M","E","T","E","M","R","M","$","R","BOSS","M","?","?","$","M","E","$","E","T","?","E","?","M","E","R","BOSS"],"items_purchased_type":["Card","Relic","Card","Card","Relic","Relic","Potion"],"build_version":"2020-12-22","purchased_purges":1,"victory":true,"max_hp_per_floor":[75,75,75,75,75,75,75,75,75,75,75,75,75,75,75,75,75,75,75,75,75,75,75,75,75,85,85,85,85,85,85,85,85,85,85,85,85,85,85,85,85,85,85,85,85,81,81,81,81,81],"relic_stats":{"Regal Pillow":15,"counters":[27,84],"Astrolabe":["Shockwave","Burning Pact","Corruption"],"Blue Candle":[1],"StoneCalendar":[0],"Juzu Bracelet":0,"War Paint":["Defend_R","Flame Barrier"],"Question Card":5,"Smiling Mask":0,"OrangePellets":[15],"Centennial Puzzle":[35],"Shovel":1,"Sundial":[36],"Shuriken":[50],"Gambling Chip":[31],"Snecko Eye":[115,115,123,118],"obtain_stats":[{"Ice Cream":3,"Regal Pillow":8,"StoneCalendar":36,"Juzu Bracelet":31,"Bottled Tornado":49,"Smiling Mask":48,"Burning Blood":0,"Centennial Puzzle":25,"Shovel":45,"Sundial":9,"Gambling Chip":37,"Fusion Hammer":34,"Paper Frog":23,"Pear":26,"Astrolabe":0,"Blue Candle":42,"War Paint":11,"Question Card":40,"OrangePellets":38,"Bottled Flame":43,"Shuriken":14,"MutagenicStrength":19,"Snecko Eye":17,"Molten Egg 2":13,"Toy Ornithopter":27},{"Ice Cream":2,"Regal Pillow":4,"StoneCalendar":19,"Juzu Bracelet":16,"Bottled Tornado":26,"Smiling Mask":26,"Burning Blood":0,"Centennial Puzzle":13,"Shovel":24,"Sundial":4,"Gambling Chip":20,"Fusion Hammer":17,"Paper Frog":11,"Pear":13,"Astrolabe":0,"Blue Candle":23,"War Paint":5,"Question Card":22,"OrangePellets":20,"Bottled Flame":23,"Shuriken":6,"MutagenicStrength":8,"Snecko Eye":7,"Molten Egg 2":6,"Toy Ornithopter":14},{"Ice Cream":8,"Regal Pillow":15,"StoneCalendar":66,"Juzu Bracelet":55,"Bottled Tornado":81,"Smiling Mask":81,"Burning Blood":0,"Centennial Puzzle":47,"Shovel":77,"Sundial":15,"Gambling Chip":70,"Fusion Hammer":59,"Paper Frog":43,"Pear":47,"Astrolabe":0,"Blue Candle":75,"War Paint":20,"Question Card":72,"OrangePellets":70,"Bottled Flame":75,"Shuriken":24,"MutagenicStrength":34,"Snecko Eye":31,"Molten Egg 2":24,"Toy Ornithopter":49}],"Toy Ornithopter":10},"card_choices":[{"not_picked":["Anger","Perfected Strike","Power Through"],"picked":"SKIP","floor":1.0},{"not_picked":["Clash","Havoc"],"picked":"Dropkick","floor":2.0},{"not_picked":["Infernal Blade","Burning Pact"],"picked":"Whirlwind","floor":7.0},{"not_picked":["Thunderclap","Twin Strike"],"picked":"Cleave","floor":8.0},{"not_picked":["Sever Soul","Whirlwind"],"picked":"Dropkick","floor":11.0},{"not_picked":["Rupture","Clothesline+1"],"picked":"Body Slam+1","floor":13.0},{"not_picked":["Corruption","Brutality"],"picked":"Double Tap","floor":16.0},{"not_picked":["Body Slam+1","Whirlwind+1"],"picked":"Entrench","floor":18.0},{"not_picked":["Flex","Searing Blow+1"],"picked":"Armaments+1","floor":21.0},{"not_picked":["Anger+1","Headbutt+1","Sever Soul+1"],"picked":"SKIP","floor":22.0},{"not_picked":["Armaments+1","Reckless Charge+1"],"picked":"Pommel Strike+1","floor":23.0},{"not_picked":["Clash+1","Feed+1"],"picked":"Seeing Red","floor":24.0},{"not_picked":["Clash+1","Pommel Strike+1"],"picked":"Bloodletting","floor":25.0},{"not_picked":["Body Slam+1","Sword Boomerang+1"],"picked":"Bloodletting","floor":27.0},{"not_picked":["Clothesline+1","Carnage+1","Sword Boomerang+1"],"picked":"SKIP","floor":28.0},{"not_picked":["Clash+1","Flex","Body Slam+1"],"picked":"SKIP","floor":30.0},{"not_picked":["Juggernaut","Exhume"],"picked":"Reaper+1","floor":33.0},{"not_picked":["Hemokinesis+1","Flex","Anger+1"],"picked":"SKIP","floor":35.0},{"not_picked":["Iron Wave+1","Perfected Strike+1"],"picked":"Burning Pact","floor":39.0},{"not_picked":["Entrench","Searing Blow+1","Body Slam+1"],"picked":"SKIP","floor":40.0},{"not_picked":["Bloodletting","Cleave+1","Sword Boomerang+1"],"picked":"Dark Embrace","floor":42.0},{"not_picked":["Dropkick+1","Second Wind+1","Dark Embrace","Twin Strike+1"],"picked":"SKIP","floor":45.0},{"not_picked":["Entrench","Fiend Fire+1","Havoc","Dark Embrace+1"],"picked":"SKIP","floor":47},{"not_picked":["Inflame","Fire Breathing","Body Slam+1","Dual Wield"],"picked":"SKIP","floor":48}],"player_experience":313116,"relics_obtained":[{"floor":8.0,"key":"Regal Pillow"},{"floor":9.0,"key":"Sundial"},{"floor":11.0,"key":"War Paint"},{"floor":13.0,"key":"Molten Egg 2"},{"floor":23.0,"key":"Paper Frog"},{"floor":25.0,"key":"Centennial Puzzle"},{"floor":26.0,"key":"Pear"},{"floor":27.0,"key":"Toy Ornithopter"},{"floor":36.0,"key":"StoneCalendar"},{"floor":37.0,"key":"Gambling Chip"},{"floor":40.0,"key":"Question Card"},{"floor":42.0,"key":"Blue Candle"},{"floor":43.0,"key":"Bottled Flame"},{"floor":45.0,"key":"Shovel"},{"floor":48,"key":"Smiling Mask"},{"floor":49,"key":"Bottled Tornado"}],"event_choices":[{"damage_healed":0.0,"max_hp_gain":0.0,"max_hp_loss":0.0,"gold_gain":0.0,"event_name":"Scrap Ooze","player_choice":"Success","floor":3.0,"gold_loss":0.0,"damage_taken":11.0,"relics_obtained":["Ice Cream"]},{"damage_healed":0.0,"max_hp_gain":0.0,"max_hp_loss":0.0,"gold_gain":0.0,"event_name":"Transmorgrifier","player_choice":"Ignored","floor":4.0,"gold_loss":0.0,"damage_taken":0.0},{"damage_healed":0.0,"max_hp_gain":0.0,"max_hp_loss":0.0,"gold_gain":150.0,"event_name":"Liars Game","player_choice":"AGREE","floor":10.0,"gold_loss":0.0,"damage_taken":0.0,"cards_obtained":["Doubt"]},{"damage_healed":0.0,"max_hp_gain":0.0,"max_hp_loss":0.0,"gold_gain":0.0,"event_name":"Drug Dealer","player_choice":"Inject Mutagens","floor":19.0,"gold_loss":0.0,"damage_taken":0.0,"relics_obtained":["MutagenicStrength"]},{"damage_healed":0.0,"max_hp_gain":0.0,"max_hp_loss":0.0,"gold_gain":50.0,"event_name":"Nest","player_choice":"Stole From Cult","floor":20.0,"gold_loss":0.0,"damage_taken":0.0},{"damage_healed":0.0,"max_hp_gain":0.0,"max_hp_loss":0.0,"gold_gain":0.0,"event_name":"MindBloom","player_choice":"Fight","floor":36.0,"gold_loss":0.0,"damage_taken":0.0},{"damage_healed":0.0,"max_hp_gain":0.0,"max_hp_loss":0.0,"gold_gain":0.0,"event_name":"Mysterious Sphere","player_choice":"Fight","floor":37.0,"gold_loss":0.0,"damage_taken":0.0},{"cards_removed":["Pommel Strike"],"damage_healed":0.0,"max_hp_gain":0.0,"max_hp_loss":0.0,"gold_gain":0.0,"event_name":"Falling","player_choice":"Removed Attack","floor":44.0,"gold_loss":0.0,"damage_taken":0.0},{"damage_healed":0.0,"max_hp_gain":0.0,"max_hp_loss":4.0,"gold_gain":0.0,"event_name":"Winding Halls","player_choice":"Max HP","floor":46.0,"gold_loss":0.0,"damage_taken":0.0}],"is_beta":false,"boss_relics":[{"not_picked":["Calling Bell","Mark of Pain"],"picked":"Snecko Eye"},{"not_picked":["Pandora\u0027s Box","Runic Pyramid"],"picked":"Fusion Hammer"}],"items_purged_floors":[31],"is_endless":false,"potions_floor_spawned":[7,11,16,21,24,25,37,39,40,45,47,48],"ascension_level":16}}