{"host":"ty2cix8xj6r3ad26","time":1612986899,"event":{"mods":["AchievementEnabler","BaseMod","BetterRewards","Marisa????????","Minty Spire (QoL Compilation)","Quick Restart","StSLib","SuperFastMode"],"gold_per_floor":[118,129,144,69,81,116,116,131,131,131,196,209,244,244,244,318,318,329,37,48,61,61,93,93,111,111,111,127,144,144,155,155,226,226,244,244,257,275,43,43,73,0,26,1,1,14,14,34,34,34],"floor_reached":51,"language":"ENG","playtime":3684,"items_purged":["Strike_R","Strike_R","Defend_R","Defend_R","Strike_R","Strike_R"],"score":1323,"play_id":"f307fb38-fe62-4ea3-977f-da5d3fbe1e53","local_time":"20210210215459","is_ascension_mode":true,"campfire_choices":[{"data":"Flame Barrier","floor":7,"key":"SMITH"},{"data":"Shrug It Off","floor":10,"key":"SMITH"},{"data":"1","floor":15,"key":"LIFT"},{"data":"Defend_R","floor":24,"key":"PURGE"},{"data":"Strike_R","floor":27,"key":"PURGE"},{"data":"2","floor":30,"key":"LIFT"},{"data":"Bash","floor":32,"key":"SMITH"},{"data":"Double Tap","floor":40,"key":"SMITH"},{"data":"Decay","floor":45,"key":"PURGE"},{"data":"3","floor":47,"key":"LIFT"},{"data":"Juggernaut","floor":49,"key":"SMITH"}],"circlet_count":0,"master_deck":["AscendersBane","Defend_R+1","Bash+1","Shrug It Off+1","Pommel Strike+1","Flame Barrier+1","Feed","Impervious+1","Double Tap+1","Juggernaut+1","Dropkick+1","Uppercut+1"],"relics":["Burning Blood","Sundial","Membership Card","Girya","Lizard Tail","Matryoshka","Peace Pipe","Philosopher\u0027s Stone","Molten Egg 2","Bag of Preparation","Nunchaku","Lantern","Pantograph","Cursed Key","Ancient Tea Set","Kunai","Red Mask","PreservedInsect","War Paint"],"acts_visited":["Exordium","TheCity","TheBeyond"],"potions_floor_usage":[5,6,13,13,20,29,33,33,41,50],"damage_taken":[{"damage":5,"enemies":"Cultist","floor":1,"turns":4},{"damage":0,"enemies":"2 Louse","floor":2,"turns":3},{"damage":19,"enemies":"Jaw Worm","floor":3,"turns":7},{"damage":2,"enemies":"Exordium Thugs","floor":5,"turns":3},{"damage":22,"enemies":"3 Sentries","floor":6,"turns":11},{"damage":17,"enemies":"Exordium Wildlife","floor":8,"turns":5},{"damage":9,"enemies":"Gremlin Nob","floor":11,"turns":5},{"damage":0,"enemies":"2 Fungi Beasts","floor":12,"turns":6},{"damage":31,"enemies":"Lagavulin","floor":13,"turns":7},{"damage":43,"enemies":"Slime Boss","floor":16,"turns":18},{"damage":6,"enemies":"Shell Parasite","floor":18,"turns":6},{"damage":0,"enemies":"Chosen","floor":20,"turns":4},{"damage":0,"enemies":"Snecko","floor":21,"turns":3},{"damage":52,"enemies":"Gremlin Leader","floor":23,"turns":8},{"damage":0,"enemies":"Snake Plant","floor":25,"turns":3},{"damage":0,"enemies":"Cultist and Chosen","floor":28,"turns":4},{"damage":3,"enemies":"Snecko","floor":29,"turns":4},{"damage":0,"enemies":"Snake Plant","floor":31,"turns":2},{"damage":51,"enemies":"Champ","floor":33,"turns":13},{"damage":5,"enemies":"Orb Walker","floor":35,"turns":3},{"damage":0,"enemies":"3 Shapes","floor":37,"turns":4},{"damage":6,"enemies":"3 Darklings","floor":38,"turns":5},{"damage":13,"enemies":"Nemesis","floor":41,"turns":3},{"damage":0,"enemies":"Sphere and 2 Shapes","floor":46,"turns":4},{"damage":5,"enemies":"Jaw Worm Horde","floor":48,"turns":3},{"damage":0,"enemies":"Time Eater","floor":50,"turns":5}],"seed_played":"5790589593694304085","potions_obtained":[{"floor":3,"key":"DistilledChaos"},{"floor":5,"key":"Regen Potion"},{"floor":11,"key":"FearPotion"},{"floor":12,"key":"Swift Potion"},{"floor":18,"key":"Swift Potion"},{"floor":25,"key":"GamblersBrew"},{"floor":28,"key":"BlessingOfTheForge"},{"floor":29,"key":"GamblersBrew"},{"floor":46,"key":"SkillPotion"}],"is_trial":false,"path_per_floor":["M","M","M","$","M","E","R","M","T","R","?","M","E","?","R","B",null,"M","$","M","M","?","E","R","M","T","R","M","M","R","M","R","B",null,"M","?","M","M","$","R","E","?","T","$","R","M","R","M","R","B",null],"character_chosen":"IRONCLAD","items_purchased":["Sundial","Shrug It Off","Pommel Strike","Membership Card","Flame Barrier","Molten Egg 2","Bag of Preparation","Dropkick+1","Ancient Tea Set","Block Potion","PowerPotion"],"campfire_rested":0,"item_purchase_floors":[0,0,0,0,0,19,19,39,39,39,44],"current_hp_per_floor":[37,43,30,30,37,36,36,28,28,28,28,37,12,12,12,29,76,79,79,88,97,77,31,31,40,40,40,49,56,56,65,65,45,101,105,105,114,114,114,114,107,107,107,107,107,116,116,120,120,131],"gold":34,"neow_bonus":"","is_daily":false,"chose_seed":false,"campfire_upgraded":5,"win_rate":0.0,"timestamp":1612986899,"path_taken":["M","M","M","$","?","E","R","M","T","R","?","M","E","?","R","BOSS","M","?","M","M","?","E","R","M","T","R","M","M","R","M","R","BOSS","M","?","?","M","$","R","E","?","T","?","R","M","R","M","R","BOSS"],"items_purchased_type":["Relic","Card","Card","Relic","Card","Relic","Relic","Card","Relic","Potion","Potion"],"build_version":"2020-12-22","purchased_purges":6,"victory":true,"max_hp_per_floor":[80,80,80,80,83,83,83,86,86,86,89,92,92,92,92,92,92,95,95,98,101,106,106,106,109,109,109,112,116,116,119,119,119,119,122,122,125,125,125,125,125,125,125,125,125,128,128,131,131,131],"card_choices":[{"not_picked":["Shrug It Off","Pommel Strike","True Grit"],"picked":"SKIP","floor":1},{"not_picked":["Whirlwind","Twin Strike","Intimidate"],"picked":"SKIP","floor":2},{"not_picked":["Whirlwind","Twin Strike","Intimidate"],"picked":"SKIP","floor":2},{"not_picked":["Whirlwind","Twin Strike","Intimidate"],"picked":"SKIP","floor":2},{"not_picked":["Entrench","Perfected Strike"],"picked":"Feed","floor":3},{"not_picked":["Dropkick","Heavy Blade","Anger"],"picked":"SKIP","floor":5},{"not_picked":["Blood for Blood","Armaments","Dark Embrace"],"picked":"SKIP","floor":6},{"not_picked":["Anger","Combust","True Grit"],"picked":"SKIP","floor":8},{"not_picked":["Dual Wield","True Grit","Evolve"],"picked":"SKIP","floor":12},{"not_picked":["Pommel Strike","Reckless Charge","Iron Wave"],"picked":"SKIP","floor":13},{"not_picked":["Body Slam","Perfected Strike+1","Armaments"],"picked":"SKIP","floor":18},{"not_picked":["Rupture","Inflame","Perfected Strike+1"],"picked":"SKIP","floor":20},{"not_picked":["Clothesline+1","Evolve","Armaments"],"picked":"SKIP","floor":21},{"not_picked":["Clash+1","True Grit","Power Through"],"picked":"SKIP","floor":23},{"not_picked":["Havoc","Cleave+1","Warcry"],"picked":"SKIP","floor":25},{"not_picked":["True Grit","Disarm","Thunderclap+1"],"picked":"SKIP","floor":28},{"not_picked":["Shockwave","Reckless Charge+1","Hemokinesis+1"],"picked":"SKIP","floor":29},{"not_picked":["Thunderclap+1","Clash+1"],"picked":"Impervious","floor":31},{"not_picked":["Offering","Berserk"],"picked":"Double Tap","floor":33},{"not_picked":["Perfected Strike+1","Iron Wave+1","Anger+1"],"picked":"SKIP","floor":35},{"not_picked":["Perfected Strike+1","Iron Wave+1","Anger+1"],"picked":"SKIP","floor":35},{"not_picked":["Armaments+1","Anger+1"],"picked":"Juggernaut","floor":37},{"not_picked":["Intimidate","Headbutt+1","Dual Wield"],"picked":"SKIP","floor":38},{"not_picked":["Combust+1","True Grit","Ghostly Armor"],"picked":"SKIP","floor":41},{"not_picked":["Headbutt+1","Sentinel+1"],"picked":"Uppercut+1","floor":46},{"not_picked":["Clothesline+1","Iron Wave+1","Thunderclap+1"],"picked":"SKIP","floor":48}],"player_experience":573550,"relics_obtained":[{"floor":6,"key":"Girya"},{"floor":9,"key":"Lizard Tail"},{"floor":13,"key":"Peace Pipe"},{"floor":23,"key":"Nunchaku"},{"floor":26,"key":"Lantern"},{"floor":26,"key":"Pantograph"},{"floor":41,"key":"Kunai"},{"floor":43,"key":"PreservedInsect"},{"floor":43,"key":"War Paint"}],"event_choices":[{"damage_healed":0,"gold_gain":0,"player_choice":"Searched \u00272\u0027 times","damage_taken":0,"relics_obtained":["Matryoshka"],"max_hp_gain":0,"max_hp_loss":0,"event_name":"Dead Adventurer","floor":11,"gold_loss":0},{"damage_healed":0,"gold_gain":0,"player_choice":"Upgraded","damage_taken":0,"max_hp_gain":0,"max_hp_loss":0,"event_name":"Upgrade Shrine","floor":14,"gold_loss":0,"cards_upgraded":["Pommel Strike"]},{"damage_healed":0,"gold_gain":0,"player_choice":"Shed Blood","damage_taken":25,"max_hp_gain":5,"max_hp_loss":0,"event_name":"Forgotten Altar","floor":22,"gold_loss":0},{"damage_healed":0,"gold_gain":0,"player_choice":"Ignored","damage_taken":0,"max_hp_gain":0,"max_hp_loss":0,"event_name":"SecretPortal","floor":36,"gold_loss":0},{"damage_healed":0,"gold_gain":0,"player_choice":"Paid","damage_taken":0,"relics_obtained":["Red Mask"],"max_hp_gain":0,"max_hp_loss":0,"event_name":"Tomb of Lord Red Mask","floor":42,"gold_loss":73}],"is_beta":false,"boss_relics":[{"not_picked":["Black Blood","SacredBark"],"picked":"Philosopher\u0027s Stone"},{"not_picked":["Velvet Choker","Tiny House"],"picked":"Cursed Key"}],"items_purged_floors":[0,0,0,4,19,39],"is_endless":false,"potions_floor_spawned":[3,5,11,12,18,25,28,29,46,48],"ascension_level":13}}