{"host":"vlqej45p0v31lhdi","time":1612928405,"event":{"mods":["AchievementEnabler","BaseMod","Bestiary","Colored Powertips","Minty Spire (QoL Compilation)","Relic Stats"],"gold_per_floor":[110,285,296,296,246,276,33,51,51,51,76,88,120,137,137,137,137],"floor_reached":16,"language":"ENG","playtime":870,"items_purged":["Strike_B"],"score":162,"play_id":"a639ed48-253d-43d9-8e1e-8a5f94ddb48e","local_time":"20210209214005","is_ascension_mode":true,"campfire_choices":[{"floor":15,"key":"REST"}],"circlet_count":0,"master_deck":["Strike_B","Strike_B","Defend_B","Defend_B","Defend_B","Defend_B","Zap+1","Dualcast","Ball Lightning","Reboot","Genetic Algorithm","Gash","Heatsinks","Leap","Consume","Glacier","Genetic Algorithm","Glacier"],"relics":["Cracked Core","Gremlin Horn","DataDisk","Shuriken"],"acts_visited":["Exordium"],"potions_floor_usage":[13,13,16],"damage_taken":[{"damage":8,"enemies":"Small Slimes","floor":1,"turns":3},{"damage":7,"enemies":"Jaw Worm","floor":3,"turns":2},{"damage":20,"enemies":"Lagavulin","floor":6,"turns":6},{"damage":0,"enemies":"Cultist","floor":8,"turns":3},{"damage":58,"enemies":"3 Sentries","floor":11,"turns":11},{"damage":6,"enemies":"Blue Slaver","floor":12,"turns":3},{"damage":8,"enemies":"Lagavulin","floor":13,"turns":7},{"damage":0,"enemies":"Red Slaver","floor":14,"turns":4},{"damage":37,"enemies":"Slime Boss","floor":16,"turns":12}],"seed_played":"-5674388899831522461","potions_obtained":[{"floor":11,"key":"Ancient Potion"},{"floor":12,"key":"Explosive Potion"},{"floor":14,"key":"SneckoOil"}],"is_trial":false,"path_per_floor":["M","?","M","?","?","E","$","M","T","?","E","M","E","M","R","B"],"character_chosen":"DEFECT","items_purchased":["Genetic Algorithm","Gash","Heatsinks"],"campfire_rested":1,"item_purchase_floors":[7,7,7],"current_hp_per_floor":[60,60,53,46,46,26,26,26,26,75,17,11,3,3,25,0,0],"gold":137,"neow_bonus":"UPGRADE_CARD","is_daily":false,"chose_seed":false,"campfire_upgraded":0,"win_rate":0.0,"timestamp":1612928405,"path_taken":["M","?","M","?","?","E","$","?","T","?","E","M","E","M","R","BOSS"],"items_purchased_type":["Card","Card","Card"],"build_version":"2020-12-22","purchased_purges":1,"victory":false,"max_hp_per_floor":[75,75,75,75,75,75,75,75,75,75,75,75,75,75,75,75,75],"relic_stats":{"Gremlin Horn":[2,2],"counters":[9,51],"Shuriken":[0],"obtain_stats":[{"DataDisk":11,"Gremlin Horn":6,"Shuriken":13,"Cracked Core":0},{"DataDisk":5,"Gremlin Horn":3,"Shuriken":7,"Cracked Core":0},{"DataDisk":25,"Gremlin Horn":11,"Shuriken":35,"Cracked Core":0}]},"card_choices":[{"not_picked":["Compile Driver","Beam Cell"],"picked":"Ball Lightning","floor":1},{"not_picked":["Rebound","Steam","Blizzard"],"picked":"SKIP","floor":3},{"not_picked":["Sunder","Amplify"],"picked":"Reboot","floor":6},{"not_picked":["Skim","Scrape"],"picked":"Leap","floor":8},{"not_picked":["Darkness","Fusion"],"picked":"Consume","floor":11},{"not_picked":["Ball Lightning","Streamline"],"picked":"Glacier","floor":12},{"not_picked":["Ball Lightning","Lockon"],"picked":"Genetic Algorithm","floor":13},{"not_picked":["Turbo","Compile Driver"],"picked":"Glacier","floor":14}],"player_experience":2515089,"relics_obtained":[{"floor":6,"key":"Gremlin Horn"},{"floor":11,"key":"DataDisk"},{"floor":13,"key":"Shuriken"}],"event_choices":[{"damage_healed":0,"gold_gain":175,"player_choice":"AGREE","damage_taken":0,"max_hp_gain":0,"max_hp_loss":0,"event_name":"Liars Game","floor":2,"gold_loss":0,"cards_obtained":["Doubt"]},{"cards_removed":["Doubt"],"damage_healed":0,"gold_gain":0,"player_choice":"Card Removal","damage_taken":7,"max_hp_gain":0,"max_hp_loss":0,"event_name":"Golden Wing","floor":4,"gold_loss":0},{"cards_removed":["Strike_B"],"damage_healed":0,"gold_gain":0,"player_choice":"Card Removal","damage_taken":0,"max_hp_gain":0,"max_hp_loss":0,"event_name":"The Cleric","floor":5,"gold_loss":50},{"damage_healed":49,"gold_gain":0,"player_choice":"Full Heal","damage_taken":0,"max_hp_gain":0,"max_hp_loss":0,"event_name":"Wheel of Change","floor":10,"gold_loss":0}],"is_beta":false,"boss_relics":[],"items_purged_floors":[7],"is_endless":false,"potions_floor_spawned":[11,12,14],"killed_by":"Slime Boss","ascension_level":7}}