{"host":"kh91mfnoze99ny0y","time":1612987795,"event":{"mods":["Act Like it!","BaseMod","Downfall","Gensokyo","KinomotoSakuraMod(Ä¾Ö®±¾Ó£)","Lobotomy","LobotomyExtend","Minty Spire (QoL Compilation)","StSLib","The Bug Knight","The Cursed"],"gold_per_floor":[115,65,65,76,87,121,131,131,131,147,147,147,147,172,172,276,276,294,309,309,322,101,101,101,132,132,144,154,168,201,214,214,311,311,329,345,345,365,76,108,125,125,125,136,170,182,182,192,192,192],"floor_reached":51,"language":"ZHS","playtime":5554,"items_purged":["Laetitia","Malkuth"],"score":913,"play_id":"e125ed6a-8617-4f2e-82e9-faef587db26c","local_time":"20210211040955","is_ascension_mode":false,"campfire_choices":[],"circlet_count":0,"master_deck":["SpecialBullet","SpecialBullet","SpecialBullet","SpecialBullet","SpecialBullet","SpecialBullet","SpecialBullet","SpecialBullet","InformationCode","ExtractionCode","Apotheosis","MHz","Soda","OldLady","Justitia","SomewhereSpear","Ecstasy","Noise","MeatLantern","Gaze","InTheNameOfLoveAndHate","SpiderBud","WristCuter","GoldRush","BigBird","Pinks","LaLuna","Heaven","Ecstasy+1","Twilight","SilentOrchestra","Soda+1","LifeForTheDareDevil+1","CherryBlossom+1","Beak+1","Soda+1","Soda+1","LongBird","Christmas+1","BloodyDesire+1","QueenBee","RedEyes+1","GoldRush+1","GalaxyChild","GoldRush+1","SomewhereSpear+1","ControlCode","HeroicMonk","RedEyes+1","Madness+1","Madness+1","CherryBlossom+1","DaCapo+1","GreenStem+1","SingingMachine","Diffraction+1","PanicButton+1","Finesse+1","PanicButton+1","FeatherOfHonor+1","TT2Protocol","CENSORED","Twilight+1","BigBadWolf","BlackSwan","Spore+1","Lamp+1","DisciplinaryCode","SnowQueen"],"relics":["CogitoBucket","LetterFromLob","CultistMask","Matryoshka","Nunchaku","Bottled Lightning","AspirationHeart","Heaven_r","Ancient Tea Set","RedMistMask","Black Star","Amita_r","SkinProphecy","Strange Spoon","Nilry\u0027s Codex","Blood Vial","Letter Opener","Meat on the Bone","Bronze Scales","Omamori","Question Card","LuminousBracelet","Empty Cage","Vajra","Centennial Puzzle","Pantograph","Bag of Preparation","Toy Ornithopter","Bag of Marbles"],"acts_visited":["Exordium","TheCity","TheBeyond"],"potions_floor_usage":[10,16,16,21,30,30,31,45,50,50,50],"damage_taken":[{"damage":0,"enemies":"Small Slimes","floor":1,"turns":3},{"damage":7,"enemies":"2 Louse","floor":4,"turns":2},{"damage":6,"enemies":"Cultist","floor":5,"turns":3},{"damage":36,"enemies":"Lagavulin","floor":6,"turns":5},{"damage":20,"enemies":"Looter","floor":7,"turns":3},{"damage":87,"enemies":"Blue Slaver","floor":10,"turns":11},{"damage":20,"enemies":"Large Slime","floor":12,"turns":3},{"damage":80,"enemies":"Gremlin Nob","floor":14,"turns":4},{"damage":78,"enemies":"Hexaghost","floor":16,"turns":7},{"damage":14,"enemies":"Shell Parasite","floor":18,"turns":4},{"damage":36,"enemies":"3 Byrds","floor":19,"turns":3},{"damage":161,"enemies":"Cultist and Chosen","floor":21,"turns":7},{"damage":75,"enemies":"Slavers","floor":25,"turns":5},{"damage":92,"enemies":"Snecko","floor":27,"turns":2},{"damage":58,"enemies":"Snake Plant","floor":28,"turns":2},{"damage":0,"enemies":"Centurion and Healer","floor":29,"turns":2},{"damage":50,"enemies":"HollowMod:Nosk","floor":30,"turns":2},{"damage":512,"enemies":"3 Cultists","floor":31,"turns":11},{"damage":38,"enemies":"Collector","floor":33,"turns":6},{"damage":10,"enemies":"Orb Walker","floor":35,"turns":2},{"damage":15,"enemies":"3 Shapes","floor":36,"turns":2},{"damage":11,"enemies":"Writhing Mass","floor":38,"turns":3},{"damage":7,"enemies":"Nemesis","floor":40,"turns":5},{"damage":0,"enemies":"Sphere and 2 Shapes","floor":41,"turns":2},{"damage":8,"enemies":"3 Darklings","floor":44,"turns":2},{"damage":11,"enemies":"Giant Head","floor":45,"turns":4},{"damage":0,"enemies":"Jaw Worm Horde","floor":46,"turns":2},{"damage":0,"enemies":"Sphere and 2 Shapes","floor":48,"turns":1},{"damage":1114,"enemies":"FixerMidnight","floor":50,"turns":23},{"damage":46,"enemies":"Malkuth","floor":51,"turns":4},{"damage":73,"enemies":"Netzach","floor":51,"turns":5},{"damage":237,"enemies":"Chesed","floor":51,"turns":6},{"damage":1026,"enemies":"Hokma","floor":51,"turns":16},{"damage":1062,"enemies":"Angela","floor":51,"turns":12}],"seed_played":"-6013586890009462311","potions_obtained":[{"floor":6,"key":"Fire Potion"},{"floor":7,"key":"BlessingOfTheForge"},{"floor":14,"key":"Block Potion"},{"floor":18,"key":"DistilledChaos"},{"floor":21,"key":"LiquidMemories"},{"floor":25,"key":"Ancient Potion"},{"floor":29,"key":"SkillPotion"},{"floor":33,"key":"bronze:BurnAndBuffPotion"},{"floor":35,"key":"Slimebound:ThreeZeroPotion"},{"floor":41,"key":"Block Potion"},{"floor":45,"key":"SpeedPotion"},{"floor":46,"key":"Fire Potion"}],"is_trial":false,"path_per_floor":["M","?","?","M","M","E","M","R","T","M","R","M","?","E","R","B",null,"M","M","?","M","$","R","?","E","T","M","M","M","E","M","R","B",null,"M","M","?","M","$","E","M","?","T","M","E","M","R","M","R","B",null],"character_chosen":"Angela","items_purchased":["Strange Spoon","GreenStem+1","Vajra"],"campfire_rested":0,"item_purchase_floors":[22,39,39],"current_hp_per_floor":[70,70,70,63,57,70,70,70,70,67,67,80,80,80,80,80,80,69,80,80,80,80,80,80,80,80,80,87,89,53,115,115,115,115,154,143,122,117,117,172,170,160,160,166,190,192,192,196,196,221],"gold":192,"neow_bonus":"RANDOM_COLORLESS_2","is_daily":false,"chose_seed":false,"campfire_upgraded":0,"win_rate":0.0,"timestamp":1612987795,"path_taken":["M","?","?","?","M","E","M","R","T","M","R","M","?","E","R","BOSS","M","M","?","M","$","R","?","E","T","M","M","M","E","M","R","BOSS","M","M","?","M","$","E","M","?","T","M","E","M","R","M","R","BOSS"],"items_purchased_type":["Relic","Card","Relic"],"build_version":"2020-12-22","purchased_purges":2,"victory":true,"max_hp_per_floor":[70,70,70,70,70,70,70,70,70,80,80,80,80,80,80,80,80,80,81,81,85,85,85,85,90,90,93,96,104,111,141,141,148,148,155,164,164,167,167,177,182,182,182,194,201,210,210,219,219,222],"card_choices":[{"not_picked":["Magnetism","Transmutation"],"picked":"Apotheosis","floor":0},{"not_picked":["SpiderBud","DreamingCurrent"],"picked":"MHz","floor":1},{"not_picked":["BloodyDesire"],"picked":"Soda","floor":1},{"not_picked":["Bloodbath","LaLuna"],"picked":"OldLady","floor":4},{"not_picked":["FourthMatchFlame"],"picked":"Justitia","floor":4},{"not_picked":["CUTE"],"picked":"SomewhereSpear","floor":5},{"not_picked":["Wellcheers","BigBadWolf"],"picked":"Murderer","floor":5},{"not_picked":["TheSmile","TodaysExpression"],"picked":"SKIP","floor":5},{"not_picked":["TheSmile","TodaysExpression"],"picked":"SKIP","floor":5},{"not_picked":["BeautyBeast","ShyLook"],"picked":"LittlePrince","floor":6},{"not_picked":["Regret_ego","Soda"],"picked":"SKIP","floor":6},{"not_picked":["Amita","ShedSkin"],"picked":"SKIP","floor":6},{"not_picked":["Regret_ego","Soda"],"picked":"SKIP","floor":6},{"not_picked":["Amita","ShedSkin"],"picked":"SKIP","floor":6},{"not_picked":["BlueScar"],"picked":"Ecstasy","floor":7},{"not_picked":["Loneliness"],"picked":"Noise","floor":7},{"not_picked":["FieryBird","BeautyBeast"],"picked":"MeatLantern","floor":7},{"not_picked":["WristCuter"],"picked":"Gaze","floor":7},{"not_picked":["GrinderMk4"],"picked":"InTheNameOfLoveAndHate","floor":10},{"not_picked":["WallGazer","BeautyBeast"],"picked":"SpiderBud","floor":10},{"not_picked":["ShedSkin","Moonlight"],"picked":"SKIP","floor":10},{"not_picked":["ShedSkin","Moonlight"],"picked":"SKIP","floor":10},{"not_picked":["Wingbeat","CENSORED_ego"],"picked":"WristCuter","floor":14},{"not_picked":["QueenOfHatred","DreamingCurrent"],"picked":"Laetitia","floor":14},{"not_picked":["Wingbeat","BlueScar","DaCapo"],"picked":"SKIP","floor":14},{"not_picked":["Wingbeat","BlueScar","DaCapo"],"picked":"SKIP","floor":14},{"not_picked":["Pinks","Adoration"],"picked":"GoldRush","floor":16},{"not_picked":["DreamingCurrent","OSAHOGD"],"picked":"BigBird","floor":16},{"not_picked":["Adoration","DaCapo"],"picked":"Pinks","floor":16},{"not_picked":["Wellcheers","Bloodbath"],"picked":"LaLuna","floor":18},{"not_picked":["RapturousDream","CUTE"],"picked":"Heaven","floor":18},{"not_picked":["Lantern","Regret_ego","WristCuter"],"picked":"SKIP","floor":18},{"not_picked":["RapturousDream","Regret_ego+1"],"picked":"Ecstasy+1","floor":19},{"not_picked":["Horn+1","WristCuter"],"picked":"Twilight","floor":19},{"not_picked":["BlueStar","WhitesApple"],"picked":"SilentOrchestra","floor":21},{"not_picked":["Beak","Amita"],"picked":"Soda+1","floor":21},{"not_picked":["Tough","BlueScar","Laetitia_ego"],"picked":"SKIP","floor":21},{"not_picked":["Tough","BlueScar","Laetitia_ego"],"picked":"SKIP","floor":21},{"not_picked":["ShedSkin+1","Reverberation+1"],"picked":"LifeForTheDareDevil+1","floor":25},{"not_picked":["Discord+1","Noise+1","Wingbeat+1"],"picked":"SKIP","floor":25},{"not_picked":["Penitence+1","BlueScar+1"],"picked":"CherryBlossom+1","floor":27},{"not_picked":["Hornet+1","Tough+1","SoundOfStar+1"],"picked":"SKIP","floor":27},{"not_picked":["SomewhereSpear+1","Galaxy+1"],"picked":"Beak+1","floor":28},{"not_picked":["Tough+1","Noise+1"],"picked":"Soda+1","floor":28},{"not_picked":["SwordSharpenedByTears+1","FourthMatchFlame+1"],"picked":"Soda+1","floor":29},{"not_picked":["GreedKing","NakedNest"],"picked":"LongBird","floor":29},{"not_picked":["Soda+1","Horn+1","WristCuter+1"],"picked":"SKIP","floor":29},{"not_picked":["Soda+1","Horn+1","WristCuter+1"],"picked":"SKIP","floor":29},{"not_picked":["Laetitia","Scarecrow"],"picked":"Alriune","floor":30},{"not_picked":["Amita+1","CrimsonScar+1"],"picked":"Christmas+1","floor":30},{"not_picked":["Beak+1","Pinks+1","BloodyDesire+1"],"picked":"SKIP","floor":30},{"not_picked":["Beak+1","Pinks+1","BloodyDesire+1"],"picked":"SKIP","floor":30},{"not_picked":["Loneliness+1","Wingbeat+1","Hornet+1"],"picked":"BloodyDesire+1","floor":31},{"not_picked":["CherryBlossoms","Bloodbath"],"picked":"QueenBee","floor":31},{"not_picked":["CrimsonScar+1","WristCuter+1","Penitence+1"],"picked":"RedEyes+1","floor":31},{"not_picked":["ParadiseLost+1","Twilight+1","CENSORED_ego+1"],"picked":"GoldRush+1","floor":33},{"not_picked":["Wellcheers","NakedNest"],"picked":"GalaxyChild","floor":33},{"not_picked":["TheSmile+1","CENSORED_ego+1","ParadiseLost+1"],"picked":"GoldRush+1","floor":33},{"not_picked":["Soda+1","WristCuter+1","CUTE+1"],"picked":"SomewhereSpear+1","floor":35},{"not_picked":["Bloodbath","Scorched","Freischutz"],"picked":"Singing Bowl","floor":35},{"not_picked":["CrumblingArmor","Porccubus"],"picked":"HeroicMonk","floor":35},{"not_picked":["Adoration+1","Tough+1","FourthMatchFlame+1"],"picked":"RedEyes+1","floor":35},{"not_picked":["Murderer","PunishingBird"],"picked":"Yin","floor":36},{"not_picked":["Lantern+1","Penitence+1","Wingbeat+1","WristCuter+1"],"picked":"SKIP","floor":36},{"not_picked":["Tough+1","Justitia+1","FourthMatchFlame+1","Loneliness+1"],"picked":"SKIP","floor":36},{"not_picked":["CUTE+1","SolemnVow+1","Regret_ego+1"],"picked":"CherryBlossom+1","floor":38},{"not_picked":["Lantern+1","Tough+1","RapturousDream+1"],"picked":"DaCapo+1","floor":38},{"not_picked":["RedShoes","DespairKnight"],"picked":"SingingMachine","floor":40},{"not_picked":["FourthMatchFlame+1","CUTE+1","GrinderMk4+1","Loneliness+1"],"picked":"SKIP","floor":40},{"not_picked":["Beak+1","Pinks+1","CrimsonScar+1","Wingbeat+1"],"picked":"SKIP","floor":40},{"not_picked":["FourthMatchFlame+1","CUTE+1","GrinderMk4+1","Loneliness+1"],"picked":"SKIP","floor":40},{"not_picked":["Beak+1","Pinks+1","CrimsonScar+1","Wingbeat+1"],"picked":"SKIP","floor":40},{"not_picked":["Gaze+1","Soda+1","WristCuter+1"],"picked":"Diffraction+1","floor":41},{"not_picked":["TodaysExpression+1","RapturousDream+1","RedEyes+1","InTheNameOfLoveAndHate+1"],"picked":"SKIP","floor":41},{"not_picked":["Apotheosis+1","Panacea+1","Jack Of All Trades+1"],"picked":"PanicButton+1","floor":42},{"not_picked":["Purity+1","Madness+1","Dramatic Entrance+1"],"picked":"Finesse+1","floor":42},{"not_picked":["Enlightenment+1","Dark Shackles+1","Good Instincts+1"],"picked":"PanicButton+1","floor":42},{"not_picked":["Penitence+1","WristCuter+1","Regret_ego+1"],"picked":"FeatherOfHonor+1","floor":44},{"not_picked":["PunishingBird","RedShoes"],"picked":"CENSORED","floor":44},{"not_picked":["ScreamingWedge+1","Diffraction+1","Gaze+1","CUTE+1"],"picked":"SKIP","floor":44},{"not_picked":["CrimsonScar+1","RedEyes+1","Beak+1","BlackSwan_ego+1"],"picked":"SKIP","floor":44},{"not_picked":["ScreamingWedge+1","Diffraction+1","Gaze+1","CUTE+1"],"picked":"SKIP","floor":44},{"not_picked":["CrimsonScar+1","RedEyes+1","Beak+1","BlackSwan_ego+1"],"picked":"SKIP","floor":44},{"not_picked":["Regret_ego+1","WristCuter+1","Loneliness+1"],"picked":"Twilight+1","floor":45},{"not_picked":["RedShoes","DreamingCurrent"],"picked":"BigBadWolf","floor":45},{"not_picked":["Horn+1","FourthMatchFlame+1","Penitence+1","CherryBlossom+1"],"picked":"SKIP","floor":45},{"not_picked":["Horn+1","FourthMatchFlame+1","Penitence+1","CherryBlossom+1"],"picked":"SKIP","floor":45},{"not_picked":["WhitesApple","UniverseFragment"],"picked":"BlackSwan","floor":46},{"not_picked":["Discord+1","BearPaw+1","Regret_ego+1"],"picked":"Spore+1","floor":46},{"not_picked":["ScreamingWedge+1","Adoration+1","Moonlight+1","Horn+1"],"picked":"SKIP","floor":46},{"not_picked":["Regret_ego+1","SolemnVow+1","WristCuter+1","TodaysExpression+1"],"picked":"SKIP","floor":46},{"not_picked":["ScreamingWedge+1","Adoration+1","Moonlight+1","Horn+1"],"picked":"SKIP","floor":46},{"not_picked":["Regret_ego+1","SolemnVow+1","WristCuter+1","TodaysExpression+1"],"picked":"SKIP","floor":46},{"not_picked":["Tough+1","TodaysExpression+1","SoundOfStar+1"],"picked":"Lamp+1","floor":48},{"not_picked":["OSAHOGD","DreamingCurrent"],"picked":"SnowQueen","floor":48},{"not_picked":["FrostShard+1","Wingbeat+1","BloodyDesire+1","CherryBlossom+1"],"picked":"SKIP","floor":48},{"not_picked":["FrostShard+1","Wingbeat+1","BloodyDesire+1","CherryBlossom+1"],"picked":"SKIP","floor":48}],"player_experience":179435,"relics_obtained":[{"floor":1,"key":"LetterFromLob"},{"floor":6,"key":"Matryoshka"},{"floor":9,"key":"Nunchaku"},{"floor":9,"key":"Bottled Lightning"},{"floor":14,"key":"Ancient Tea Set"},{"floor":14,"key":"RedMistMask"},{"floor":24,"key":"Nilry\u0027s Codex"},{"floor":25,"key":"Blood Vial"},{"floor":25,"key":"Letter Opener"},{"floor":26,"key":"Meat on the Bone"},{"floor":26,"key":"Bronze Scales"},{"floor":30,"key":"Omamori"},{"floor":30,"key":"Question Card"},{"floor":40,"key":"Centennial Puzzle"},{"floor":40,"key":"Pantograph"},{"floor":43,"key":"Bag of Preparation"},{"floor":45,"key":"Toy Ornithopter"},{"floor":45,"key":"Bag of Marbles"}],"event_choices":[{"cards_removed":["downfall:Haunted"],"damage_healed":0,"gold_gain":0,"player_choice":"Card Removal","damage_taken":0,"max_hp_gain":0,"max_hp_loss":0,"event_name":"The Cleric","floor":2,"gold_loss":50},{"damage_healed":0,"gold_gain":0,"player_choice":"Trade","damage_taken":0,"relics_obtained":["CultistMask"],"max_hp_gain":0,"max_hp_loss":0,"event_name":"FaceTrader","floor":3,"gold_loss":0},{"damage_healed":0,"gold_gain":0,"player_choice":"Ignored","damage_taken":0,"max_hp_gain":0,"max_hp_loss":0,"event_name":"Vampires","floor":20,"gold_loss":0},{"damage_healed":0,"gold_gain":0,"player_choice":"Obtained Book","damage_taken":16,"max_hp_gain":0,"max_hp_loss":0,"event_name":"Cursed Tome","floor":24,"gold_loss":0},{"damage_healed":0,"gold_gain":0,"player_choice":"Embrace Madness","damage_taken":21,"max_hp_gain":0,"max_hp_loss":0,"event_name":"Winding Halls","floor":37,"gold_loss":0,"cards_obtained":["Madness","Madness"]},{"damage_healed":0,"gold_gain":0,"player_choice":"Memory 3","damage_taken":10,"max_hp_gain":0,"max_hp_loss":0,"event_name":"SensoryStone","floor":42,"gold_loss":0}],"is_beta":false,"boss_relics":[{"not_picked":["bronze:MakeshiftBattery","Coffee Dripper"],"picked":"Black Star"},{"not_picked":["Runic Pyramid","SacredBark"],"picked":"Empty Cage"}],"items_purged_floors":[22,39],"is_endless":false,"potions_floor_spawned":[6,7,12,14,18,21,25,29,33,35,41,45,46],"ascension_level":0}}