{"host":"zsnmfqgcm92hlreo","time":1612919593,"event":{"mods":["AchievementEnabler","BaseMod","Bestiary","Block Reminder","Colored Map","Colored Powertips","Minty Spire (QoL Compilation)","Permanent Neow","Quick Restart","Relic Stats","StSLib","Weighted Paths"],"gold_per_floor":[113,131,149,163,178,178,189,189,235,245,245,273,273,293,293,367,367,385,403,403,493,513,544,544,158,158,178,178],"floor_reached":27,"language":"ENG","playtime":893,"items_purged":[],"score":549,"play_id":"e65e2d1c-41b5-4494-bab1-16597abac5bf","local_time":"20210209191313","is_ascension_mode":true,"campfire_choices":[{"floor":6.0,"key":"REST"},{"floor":11.0,"key":"REST"},{"floor":13.0,"key":"REST"},{"data":"Perfected Strike","floor":15.0,"key":"SMITH"}],"circlet_count":0,"master_deck":["AscendersBane","Strike_R","Strike_R","Strike_R","Strike_R","Strike_R","Defend_R","Defend_R","Defend_R","Defend_R","Bash","CurseOfTheBell","Twin Strike","Whirlwind","Armaments","Twin Strike","Perfected Strike+1","Twin Strike","Barricade","Spot Weakness","Feel No Pain","Wild Strike","Perfected Strike","Spot Weakness","Perfected Strike","Pommel Strike","Offering","Pummel","Headbutt+1","Fire Breathing","Perfected Strike","Inflame+1"],"relics":["Calling Bell","Pen Nib","Letter Opener","Prayer Wheel","Lantern","Bronze Scales","Blue Candle","Mark of Pain","Oddly Smooth Stone","Membership Card","Bag of Marbles","Pantograph"],"acts_visited":["Exordium","TheCity"],"potions_floor_usage":[27],"damage_taken":[{"damage":9.0,"enemies":"Jaw Worm","floor":1.0,"turns":5.0},{"damage":1.0,"enemies":"Cultist","floor":2.0,"turns":3.0},{"damage":0.0,"enemies":"2 Louse","floor":3.0,"turns":1.0},{"damage":24.0,"enemies":"Lots of Slimes","floor":4.0,"turns":4.0},{"damage":10.0,"enemies":"3 Louse","floor":5.0,"turns":4.0},{"damage":18.0,"enemies":"Large Slime","floor":7.0,"turns":3.0},{"damage":0.0,"enemies":"Gremlin Gang","floor":10.0,"turns":2.0},{"damage":25.0,"enemies":"Lagavulin","floor":12.0,"turns":4.0},{"damage":2.0,"enemies":"3 Louse","floor":14.0,"turns":2.0},{"damage":28.0,"enemies":"Hexaghost","floor":16.0,"turns":7.0},{"damage":0.0,"enemies":"Spheric Guardian","floor":18.0,"turns":1.0},{"damage":10.0,"enemies":"3 Byrds","floor":19.0,"turns":2.0},{"damage":14.0,"enemies":"Snake Plant","floor":22.0,"turns":2.0},{"damage":11.0,"enemies":"Gremlin Leader","floor":23.0,"turns":2.0},{"damage":25,"enemies":"Shelled Parasite and Fungi","floor":27,"turns":1}],"seed_played":"-706411205863589881","potions_obtained":[{"floor":1.0,"key":"ColorlessPotion"},{"floor":2.0,"key":"SkillPotion"},{"floor":10.0,"key":"ColorlessPotion"},{"floor":22.0,"key":"Strength Potion"}],"is_trial":false,"path_per_floor":["M","M","M","M","M","R","M","?","T","M","R","E","R","M","R","B",null,"M","M","$","?","M","E","?","$","T","M"],"character_chosen":"IRONCLAD","items_purchased":["Membership Card","Bag of Marbles","Pantograph"],"campfire_rested":3,"item_purchase_floors":[25,25,25],"current_hp_per_floor":[59,58,58,34,24,46,28,28,28,28,50,25,47,45,45,17,61,61,51,51,48,34,23,12,12,12,0,0],"gold":178,"neow_bonus":"BOSS_RELIC","is_daily":false,"chose_seed":false,"campfire_upgraded":1,"win_rate":0.0,"timestamp":1612919593,"path_taken":["M","M","M","M","M","R","M","?","T","?","R","E","R","M","R","BOSS","M","M","$","?","?","E","?","$","T","M"],"items_purchased_type":["Relic","Relic","Relic"],"build_version":"2020-12-22","purchased_purges":0,"victory":false,"max_hp_per_floor":[75,75,75,75,75,75,75,75,75,75,75,75,75,75,75,75,75,75,75,75,75,75,75,75,75,75,75,75],"relic_stats":{"counters":[15,43],"Bronze Scales":[74],"Blue Candle":[0],"Pantograph":0,"Prayer Wheel":12,"Pen Nib":[7],"Letter Opener":[10],"obtain_stats":[{"Lantern":8,"Blue Candle":12,"Oddly Smooth Stone":23,"Pen Nib":0,"Letter Opener":0,"Burning Blood":0,"Calling Bell":0,"Bronze Scales":9,"Pantograph":25,"Prayer Wheel":0,"Mark of Pain":17,"Bag of Marbles":25,"Membership Card":25},{"Lantern":6,"Blue Candle":8,"Oddly Smooth Stone":14,"Pen Nib":0,"Letter Opener":0,"Burning Blood":0,"Calling Bell":0,"Bronze Scales":6,"Pantograph":14,"Prayer Wheel":0,"Mark of Pain":10,"Bag of Marbles":14,"Membership Card":14},{"Lantern":20,"Blue Candle":26,"Oddly Smooth Stone":42,"Pen Nib":0,"Letter Opener":0,"Burning Blood":0,"Calling Bell":0,"Bronze Scales":20,"Pantograph":42,"Prayer Wheel":0,"Mark of Pain":35,"Bag of Marbles":42,"Membership Card":42}]},"card_choices":[{"not_picked":["Wild Strike","Flex"],"picked":"Twin Strike","floor":1.0},{"not_picked":["Clothesline","Sword Boomerang"],"picked":"Whirlwind","floor":1.0},{"not_picked":["Clothesline","Shrug It Off"],"picked":"Armaments","floor":2.0},{"not_picked":["Sword Boomerang","Blood for Blood","Clash"],"picked":"SKIP","floor":2.0},{"not_picked":["Wild Strike","Anger"],"picked":"Twin Strike","floor":3.0},{"not_picked":["Heavy Blade","Pommel Strike"],"picked":"Perfected Strike","floor":3.0},{"not_picked":["Pummel","Entrench"],"picked":"Twin Strike","floor":4.0},{"not_picked":["Headbutt","Flex"],"picked":"Barricade","floor":4.0},{"not_picked":["Thunderclap","Clothesline"],"picked":"Spot Weakness","floor":5.0},{"not_picked":["Anger","Warcry"],"picked":"Feel No Pain","floor":5.0},{"not_picked":["Iron Wave","Thunderclap"],"picked":"Wild Strike","floor":7.0},{"not_picked":["Infernal Blade","Metallicize","Ghostly Armor"],"picked":"SKIP","floor":7.0},{"not_picked":["Headbutt","Brutality"],"picked":"Perfected Strike","floor":10.0},{"not_picked":["Clash","Clothesline","Iron Wave"],"picked":"SKIP","floor":10.0},{"not_picked":["Sword Boomerang","Flex"],"picked":"Spot Weakness","floor":12.0},{"not_picked":["Body Slam","Cleave"],"picked":"Perfected Strike","floor":14.0},{"not_picked":["Uppercut","Spot Weakness"],"picked":"Pommel Strike","floor":14.0},{"not_picked":["Berserk","Barricade"],"picked":"Offering","floor":16.0},{"not_picked":["Anger","True Grit+1"],"picked":"Pummel","floor":18.0},{"not_picked":["Clash","Warcry","Heavy Blade"],"picked":"SKIP","floor":18.0},{"not_picked":["Iron Wave","Clash"],"picked":"Headbutt+1","floor":19.0},{"not_picked":["Havoc","Carnage","Thunderclap"],"picked":"SKIP","floor":19.0},{"not_picked":["Second Wind","Corruption"],"picked":"Fire Breathing","floor":22.0},{"not_picked":["Shrug It Off","Clash"],"picked":"Perfected Strike","floor":22.0},{"not_picked":["Havoc","Body Slam"],"picked":"Inflame+1","floor":23.0}],"player_experience":1065649,"relics_obtained":[{"floor":0.0,"key":"Pen Nib"},{"floor":0.0,"key":"Letter Opener"},{"floor":0.0,"key":"Prayer Wheel"},{"floor":9.0,"key":"Bronze Scales"},{"floor":12.0,"key":"Blue Candle"},{"floor":23.0,"key":"Oddly Smooth Stone"}],"event_choices":[{"damage_healed":0.0,"max_hp_gain":0.0,"max_hp_loss":0.0,"gold_gain":0.0,"event_name":"WeMeetAgain","player_choice":"Gave Potion","floor":8.0,"gold_loss":0.0,"damage_taken":0.0,"relics_obtained":["Lantern"]},{"damage_healed":0.0,"max_hp_gain":0.0,"max_hp_loss":0.0,"gold_gain":90.0,"event_name":"Knowing Skull","player_choice":"POTION GOLD ","floor":21.0,"potions_obtained":["BloodPotion"],"gold_loss":0.0,"damage_taken":18.0,"cards_obtained":[]},{"damage_healed":0.0,"max_hp_gain":0.0,"max_hp_loss":0.0,"gold_gain":0.0,"event_name":"Wheel of Change","player_choice":"Damaged","floor":24.0,"gold_loss":0.0,"damage_taken":11.0}],"is_beta":false,"boss_relics":[{"not_picked":["Runic Dome","Busted Crown"],"picked":"Mark of Pain"}],"items_purged_floors":[],"is_endless":false,"potions_floor_spawned":[1,2,5,10,14,22],"killed_by":"Shelled Parasite and Fungi","ascension_level":20}}