{"host":"188x3om7sf6mgxv1","time":1612973676,"event":{"mods":["BaseMod","Block Reminder","Jorbs\u0027s Wanderer Trilogy","Minty Spire (QoL Compilation)","Relic Stats","StSLib"],"gold_per_floor":[112,131,131,144,26,26,53,53,53,53,2,2,40,40,40,163,163,183,202,45,68,87,122,122,122,148,188,188,208,239,264,264,388,388,412,6,6,27,51,51,91,91,117,152,172,197,197,217,217,217,217,217,27,70,70],"floor_reached":56,"language":"ENG","playtime":2247,"items_purged":["FollowUp","Strike_P"],"score":1535,"play_id":"58bc6125-1cba-4c6a-aa29-f73587f467bc","local_time":"20210210111436","is_ascension_mode":true,"campfire_choices":[{"data":"LessonLearned","floor":6.0,"key":"SMITH"},{"data":"MentalFortress","floor":10.0,"key":"SMITH"},{"data":"Meditate","floor":15.0,"key":"SMITH"},{"data":"MentalFortress","floor":25.0,"key":"SMITH"},{"floor":32.0,"key":"RECALL"},{"data":"Wallop","floor":40.0,"key":"SMITH"},{"data":"Prostrate","floor":47.0,"key":"SMITH"},{"data":"Tantrum","floor":49.0,"key":"SMITH"},{"data":"Protect","floor":52.0,"key":"SMITH"}],"circlet_count":0,"master_deck":["Strike_P+1","Defend_P+1","Defend_P+1","Defend_P+1","Eruption","Vigilance+1","CutThroughFate","Consecrate+1","MentalFortress+1","Prostrate+1","FlurryOfBlows+1","Meditate+1","Blasphemy+1","Wallop+1","Protect+1","Prostrate+1","MentalFortress+1","EmptyFist+1","Necronomicurse","Protect+1","FlurryOfBlows+1","Worship","DeusExMachina+1","Tantrum+1","TalkToTheHand+1","Wallop+1","Tantrum+1","Adaptation","Wallop+1"],"relics":["Runic Pyramid","Prayer Wheel","Letter Opener","Golden Idol","Darkstone Periapt","Eternal Feather","Shuriken","Coffee Dripper","Bag of Preparation","InkBottle","Necronomicon","Juzu Bracelet","Bottled Tornado","Anchor","Philosopher\u0027s Stone","Lee\u0027s Waffle","Vajra","Dead Branch","Strawberry","Nunchaku"],"acts_visited":["Exordium","TheCity","TheBeyond","TheEnding"],"potions_floor_usage":[55],"damage_taken":[{"damage":7.0,"enemies":"Jaw Worm","floor":1.0,"turns":3.0},{"damage":3.0,"enemies":"Small Slimes","floor":2.0,"turns":4.0},{"damage":0.0,"enemies":"2 Louse","floor":4.0,"turns":2.0},{"damage":13.0,"enemies":"3 Sentries","floor":7.0,"turns":7.0},{"damage":11.0,"enemies":"Gremlin Nob","floor":13.0,"turns":4.0},{"damage":3.0,"enemies":"The Guardian","floor":16.0,"turns":9.0},{"damage":4.0,"enemies":"Shell Parasite","floor":18.0,"turns":3.0},{"damage":0.0,"enemies":"3 Byrds","floor":19.0,"turns":5.0},{"damage":9.0,"enemies":"Snake Plant","floor":21.0,"turns":3.0},{"damage":0.0,"enemies":"3 Cultists","floor":22.0,"turns":4.0},{"damage":0.0,"enemies":"Book of Stabbing","floor":23.0,"turns":4.0},{"damage":2.0,"enemies":"Slavers","floor":27.0,"turns":4.0},{"damage":0.0,"enemies":"Snecko","floor":29.0,"turns":3.0},{"damage":12.0,"enemies":"Gremlin Leader","floor":30.0,"turns":4.0},{"damage":0.0,"enemies":"Chosen and Byrds","floor":31.0,"turns":4.0},{"damage":9.0,"enemies":"Collector","floor":33.0,"turns":6.0},{"damage":0.0,"enemies":"3 Shapes","floor":35.0,"turns":5.0},{"damage":0.0,"enemies":"Orb Walker","floor":38.0,"turns":2.0},{"damage":2.0,"enemies":"4 Shapes","floor":39.0,"turns":4.0},{"damage":0.0,"enemies":"Giant Head","floor":41.0,"turns":5.0},{"damage":0.0,"enemies":"Reptomancer","floor":44.0,"turns":2.0},{"damage":0.0,"enemies":"3 Darklings","floor":45.0,"turns":3.0},{"damage":0.0,"enemies":"Spire Growth","floor":46.0,"turns":3.0},{"damage":0.0,"enemies":"Sphere and 2 Shapes","floor":48.0,"turns":4.0},{"damage":0.0,"enemies":"Donu and Deca","floor":50.0,"turns":4.0},{"damage":0.0,"enemies":"Shield and Spear","floor":54.0,"turns":2.0},{"damage":3,"enemies":"The Heart","floor":55,"turns":7}],"seed_played":"8738731137234422094","potions_obtained":[{"floor":4.0,"key":"DistilledChaos"},{"floor":16.0,"key":"SpeedPotion"},{"floor":21.0,"key":"Block Potion"},{"floor":22.0,"key":"SneckoOil"},{"floor":23.0,"key":"Fire Potion"},{"floor":31.0,"key":"SpeedPotion"}],"is_trial":false,"path_per_floor":["M","M","?","M","$","R","E","?","T","R","$","?","E","T","R","B",null,"M","M","$","M","M","E","?","R","T","E","?","M","E","M","R","B",null,"M","$","?","M","M","R","E","?","T","E","M","M","R","M","R","B",null,"R","$","E","B",null],"character_chosen":"WATCHER","items_purchased":["MentalFortress","Block Potion","FlurryOfBlows","Bag of Preparation","Tantrum","Lee\u0027s Waffle","Vajra","Adaptation","FearPotion"],"campfire_rested":0,"item_purchase_floors":[5,5,11,20,36,36,36,53,53],"current_hp_per_floor":[65,62,59,59,59,59,46,46,46,46,46,39,28,28,37,34,67,63,63,63,54,54,54,44,56,56,54,54,54,42,42,57,48,73,73,80,80,80,78,80,80,90,90,97,97,97,97,97,97,97,97,97,97,97,94],"gold":70,"neow_bonus":"BOSS_RELIC","is_daily":false,"chose_seed":false,"campfire_upgraded":8,"win_rate":0.0,"timestamp":1612973676,"path_taken":["M","M","?","M","$","R","E","?","T","R","$","?","E","?","R","BOSS","M","M","$","M","?","E","?","R","T","E","?","M","E","M","R","BOSS","M","$","?","M","M","R","E","?","T","E","M","M","R","M","R","BOSS","R","$","E","BOSS"],"items_purchased_type":["Card","Potion","Card","Relic","Card","Relic","Relic","Card","Potion"],"build_version":"2020-12-22","purchased_purges":2,"victory":true,"max_hp_per_floor":[72,72,72,72,72,72,72,67,67,67,67,67,67,67,67,67,67,67,67,67,67,67,67,73,73,73,73,73,73,73,73,73,73,73,73,80,80,80,80,80,80,90,90,97,97,97,97,97,97,97,97,97,97,97,97],"relic_stats":{"Darkstone Periapt":6,"Lee\u0027s Waffle":7,"counters":[27,110],"Golden Idol":206,"Dead Branch":[25],"Eternal Feather":38,"Bag of Preparation":[43],"Juzu Bracelet":0,"Letter Opener":[170],"Nunchaku":[2],"Shuriken":[76],"Prayer Wheel":13,"Necronomicon":[39],"obtain_stats":[{"Darkstone Periapt":9,"Lee\u0027s Waffle":36,"Golden Idol":8,"Dead Branch":41,"Vajra":36,"Eternal Feather":13,"Bag of Preparation":20,"Juzu Bracelet":26,"Letter Opener":7,"Bottled Tornado":27,"Anchor":30,"Nunchaku":54,"Shuriken":14,"Strawberry":44,"Prayer Wheel":3,"Philosopher\u0027s Stone":34,"Coffee Dripper":17,"Necronomicon":24,"PureWater":0,"InkBottle":23,"Runic Pyramid":0},{"Darkstone Periapt":4,"Lee\u0027s Waffle":17,"Golden Idol":4,"Dead Branch":20,"Vajra":17,"Eternal Feather":5,"Bag of Preparation":8,"Juzu Bracelet":11,"Letter Opener":4,"Bottled Tornado":12,"Anchor":14,"Nunchaku":26,"Shuriken":5,"Strawberry":21,"Prayer Wheel":2,"Philosopher\u0027s Stone":16,"Coffee Dripper":6,"Necronomicon":11,"PureWater":0,"InkBottle":11,"Runic Pyramid":0},{"Darkstone Periapt":16,"Lee\u0027s Waffle":74,"Golden Idol":16,"Dead Branch":85,"Vajra":74,"Eternal Feather":20,"Bag of Preparation":37,"Juzu Bracelet":48,"Letter Opener":16,"Bottled Tornado":52,"Anchor":59,"Nunchaku":103,"Shuriken":20,"Strawberry":87,"Prayer Wheel":7,"Philosopher\u0027s Stone":69,"Coffee Dripper":29,"Necronomicon":48,"PureWater":0,"InkBottle":48,"Runic Pyramid":0}],"InkBottle":[36]},"card_choices":[{"not_picked":["Halt","CrushJoints"],"picked":"FollowUp","floor":1.0},{"not_picked":["EmptyMind","ReachHeaven"],"picked":"CutThroughFate","floor":2.0},{"not_picked":["Halt","SashWhip"],"picked":"LessonLearned","floor":4.0},{"not_picked":["Conclude","CrushJoints"],"picked":"Consecrate","floor":4.0},{"not_picked":["Collect","EmptyMind"],"picked":"Prostrate","floor":7.0},{"not_picked":["ClearTheMind","EmptyMind"],"picked":"Meditate","floor":13.0},{"not_picked":["Establishment","LessonLearned"],"picked":"Blasphemy","floor":16.0},{"not_picked":["PathToVictory","SashWhip"],"picked":"Wallop","floor":18.0},{"not_picked":["WindmillStrike","Evaluate"],"picked":"Protect+1","floor":18.0},{"not_picked":["JustLucky","FollowUp+1"],"picked":"Prostrate","floor":19.0},{"not_picked":["PathToVictory+1","Vengeance","Collect"],"picked":"SKIP","floor":19.0},{"not_picked":["LikeWater","ThirdEye"],"picked":"MentalFortress","floor":21.0},{"not_picked":["Worship","Sanctity","PathToVictory+1"],"picked":"SKIP","floor":21.0},{"not_picked":["Crescendo+1","FollowUp"],"picked":"EmptyFist+1","floor":22.0},{"not_picked":["EmptyFist","Brilliance","CutThroughFate"],"picked":"SKIP","floor":22.0},{"not_picked":["ForeignInfluence","EmptyBody+1","Weave"],"picked":"SKIP","floor":23.0},{"not_picked":["ThirdEye","LessonLearned"],"picked":"Protect","floor":27.0},{"not_picked":["Crescendo+1","InnerPeace","EmptyFist+1"],"picked":"SKIP","floor":29.0},{"not_picked":["EmptyFist","Swivel","WindmillStrike+1"],"picked":"SKIP","floor":29.0},{"not_picked":["CrushJoints+1","BowlingBash+1"],"picked":"FlurryOfBlows","floor":30.0},{"not_picked":["Indignation+1","Collect"],"picked":"Worship","floor":31.0},{"not_picked":["EmptyBody","Consecrate","Prostrate"],"picked":"SKIP","floor":31.0},{"not_picked":["Alpha","Establishment"],"picked":"DeusExMachina","floor":33.0},{"not_picked":["ForeignInfluence+1","Fasting2","Prostrate"],"picked":"SKIP","floor":35.0},{"not_picked":["Meditate+1","CutThroughFate","Crescendo+1"],"picked":"SKIP","floor":35.0},{"not_picked":["SashWhip+1","Consecrate"],"picked":"TalkToTheHand","floor":38.0},{"not_picked":["ConjureBlade","Prostrate"],"picked":"Wallop","floor":38.0},{"not_picked":["SashWhip","JustLucky","FlyingSleeves+1"],"picked":"SKIP","floor":39.0},{"not_picked":["Evaluate+1","CutThroughFate+1","Weave"],"picked":"SKIP","floor":39.0},{"not_picked":["Collect","FollowUp","JustLucky+1"],"picked":"SKIP","floor":41.0},{"not_picked":["Pray+1","EmptyBody+1","BattleHymn"],"picked":"SKIP","floor":44.0},{"not_picked":["Perseverance+1","ForeignInfluence"],"picked":"Tantrum+1","floor":45.0},{"not_picked":["ClearTheMind+1","CutThroughFate+1","Collect+1"],"picked":"SKIP","floor":45.0},{"not_picked":["Omniscience","Tantrum","ClearTheMind+1"],"picked":"SKIP","floor":46.0},{"not_picked":["Crescendo+1","Nirvana","Prostrate"],"picked":"SKIP","floor":46.0},{"not_picked":["ThirdEye+1","Indignation","Prostrate"],"picked":"SKIP","floor":48.0},{"not_picked":["EmptyBody+1","CutThroughFate+1","Ragnarok"],"picked":"SKIP","floor":48.0},{"not_picked":["PathToVictory+1","EmptyBody"],"picked":"Wallop+1","floor":54.0}],"player_experience":53534,"relics_obtained":[{"floor":7.0,"key":"Letter Opener"},{"floor":9.0,"key":"Darkstone Periapt"},{"floor":13.0,"key":"Eternal Feather"},{"floor":14.0,"key":"Shuriken"},{"floor":23.0,"key":"InkBottle"},{"floor":24.0,"key":"Necronomicon"},{"floor":26.0,"key":"Juzu Bracelet"},{"floor":27.0,"key":"Bottled Tornado"},{"floor":30.0,"key":"Anchor"},{"floor":41.0,"key":"Dead Branch"},{"floor":44.0,"key":"Strawberry"},{"floor":54.0,"key":"Nunchaku"}],"event_choices":[{"damage_healed":0.0,"max_hp_gain":0.0,"max_hp_loss":0.0,"gold_gain":0.0,"event_name":"Scrap Ooze","player_choice":"Success","floor":3.0,"gold_loss":0.0,"damage_taken":3.0,"relics_obtained":["Prayer Wheel"]},{"damage_healed":0.0,"max_hp_gain":0.0,"max_hp_loss":5.0,"gold_gain":0.0,"event_name":"Golden Idol","player_choice":"Lose Max HP","floor":8.0,"gold_loss":0.0,"damage_taken":0.0,"relics_obtained":["Golden Idol"]},{"cards_removed":["Strike_P"],"damage_healed":0.0,"max_hp_gain":0.0,"max_hp_loss":0.0,"gold_gain":0.0,"event_name":"Golden Wing","player_choice":"Card Removal","floor":12.0,"gold_loss":0.0,"damage_taken":7.0},{"damage_healed":0.0,"max_hp_gain":0.0,"max_hp_loss":0.0,"gold_gain":0.0,"event_name":"Cursed Tome","player_choice":"Obtained Book","floor":24.0,"gold_loss":0.0,"damage_taken":16.0},{"cards_removed":["Defend_P"],"damage_healed":0.0,"max_hp_gain":0.0,"max_hp_loss":0.0,"gold_gain":0.0,"event_name":"Purifier","player_choice":"Purged","floor":28.0,"gold_loss":0.0,"damage_taken":0.0},{"cards_removed":["Strike_P"],"damage_healed":0.0,"max_hp_gain":0.0,"max_hp_loss":0.0,"gold_gain":0.0,"event_name":"Falling","player_choice":"Removed Attack","floor":37.0,"gold_loss":0.0,"damage_taken":0.0},{"cards_removed":["LessonLearned"],"damage_healed":0.0,"max_hp_gain":10.0,"max_hp_loss":0.0,"gold_gain":0.0,"event_name":"Bonfire Elementals","player_choice":"Offered Rare","floor":42.0,"gold_loss":0.0,"damage_taken":0.0}],"is_beta":false,"boss_relics":[{"not_picked":["Astrolabe","Sozu"],"picked":"Coffee Dripper"},{"not_picked":["Calling Bell","Tiny House"],"picked":"Philosopher\u0027s Stone"}],"items_purged_floors":[36,53],"is_endless":false,"potions_floor_spawned":[4,16,21,22,23,29,31,39,41,46,48],"ascension_level":2}}