{"host":"2smcgt1ki1qcud40","time":1612963076,"event":{"mods":["BaseMod","Minty Spire (QoL Compilation)"],"gold_per_floor":[113,129,129,141,165,177,220,232,271,317,309,348,360,199,199,272,272,304,403,54,54,54,83,83,138,138,166,366,391,91,103,103,180,180,190,209,19,30,45,79,96,129,181,181,181,181,194,227,227,227,227],"floor_reached":50,"language":"ENG","playtime":3651,"items_purged":["Strike_B","Shame","Zap"],"score":1175,"play_id":"6732f401-7c1a-4a98-9aea-b6c775c713eb","local_time":"20210210141756","is_ascension_mode":true,"campfire_choices":[{"data":"Doom and Gloom","floor":6.0,"key":"SMITH"},{"data":"Compile Driver","floor":8.0,"key":"SMITH"},{"floor":15.0,"key":"REST"},{"floor":24.0,"key":"REST"},{"floor":32.0,"key":"REST"},{"data":"Creative AI","floor":44.0,"key":"SMITH"},{"data":"Hologram","floor":46.0,"key":"SMITH"},{"floor":49.0,"key":"RECALL"}],"circlet_count":0,"master_deck":["AscendersBane","Strike_B","Strike_B","Strike_B","Defend_B","Defend_B","Defend_B+1","Defend_B","Dualcast+1","Hologram+1","Compile Driver+1","Doom and Gloom+1","Hologram+1","Redo+1","Jack Of All Trades+1","Creative AI+1","Genetic Algorithm+1","Conserve Battery+1","Amplify+1","Fusion+1","Turbo+1","Biased Cognition","Coolheaded+1","Impatience+1","Thinking Ahead+1","Conserve Battery+1","Self Repair+1","Skim+1","Chrysalis+1","Seek+1","Coolheaded+1","Shame","Barrage+1"],"relics":["Cracked Core","NeowsBlessing","MawBank","Toxic Egg 2","PreservedInsect","Nunchaku","Regal Pillow","Akabeko","HornCleat","Cursed Key","Lee\u0027s Waffle","Nilry\u0027s Codex","Girya","Bottled Lightning","The Courier","Molten Egg 2","Blue Candle","Membership Card","SlaversCollar","War Paint","Bag of Preparation","Toy Ornithopter","White Beast Statue"],"acts_visited":["Exordium","TheCity","TheBeyond"],"potions_floor_usage":[],"damage_taken":[{"damage":0.0,"enemies":"2 Louse","floor":1.0,"turns":1.0},{"damage":0.0,"enemies":"Jaw Worm","floor":2.0,"turns":1.0},{"damage":0.0,"enemies":"Small Slimes","floor":5.0,"turns":1.0},{"damage":14.0,"enemies":"Gremlin Nob","floor":7.0,"turns":3.0},{"damage":25.0,"enemies":"Lagavulin","floor":10.0,"turns":5.0},{"damage":12.0,"enemies":"3 Sentries","floor":12.0,"turns":4.0},{"damage":26.0,"enemies":"Slime Boss","floor":16.0,"turns":8.0},{"damage":12.0,"enemies":"2 Thieves","floor":18.0,"turns":4.0},{"damage":45.0,"enemies":"Book of Stabbing","floor":23.0,"turns":6.0},{"damage":16.0,"enemies":"Slavers","floor":25.0,"turns":4.0},{"damage":0.0,"enemies":"Book of Stabbing","floor":27.0,"turns":5.0},{"damage":29.0,"enemies":"Slavers","floor":29.0,"turns":3.0},{"damage":4.0,"enemies":"Shell Parasite","floor":31.0,"turns":4.0},{"damage":24.0,"enemies":"Collector","floor":33.0,"turns":8.0},{"damage":7.0,"enemies":"3 Darklings","floor":35.0,"turns":4.0},{"damage":6.0,"enemies":"Orb Walker","floor":36.0,"turns":4.0},{"damage":28.0,"enemies":"Writhing Mass","floor":38.0,"turns":7.0},{"damage":28.0,"enemies":"Jaw Worm Horde","floor":39.0,"turns":5.0},{"damage":19.0,"enemies":"Reptomancer","floor":40.0,"turns":4.0},{"damage":7.0,"enemies":"4 Shapes","floor":41.0,"turns":6.0},{"damage":0.0,"enemies":"Giant Head","floor":42.0,"turns":8.0},{"damage":1.0,"enemies":"Maw","floor":47.0,"turns":7.0},{"damage":10.0,"enemies":"Reptomancer","floor":48.0,"turns":4.0},{"damage":88,"enemies":"Awakened One","floor":50,"turns":8}],"seed_played":"6916814528994916613","potions_obtained":[{"floor":2.0,"key":"Swift Potion"},{"floor":5.0,"key":"Swift Potion"},{"floor":16.0,"key":"FearPotion"},{"floor":25.0,"key":"PowerPotion"},{"floor":29.0,"key":"BlessingOfTheForge"},{"floor":31.0,"key":"Explosive Potion"},{"floor":36.0,"key":"FocusPotion"},{"floor":38.0,"key":"FocusPotion"}],"is_trial":false,"path_per_floor":["M","M","?","T","M","R","E","R","T","E","?","E","T","$","R","B",null,"M","?","$","?","?","E","R","E","T","E","?","E","$","M","R","B",null,"M","M","$","M","M","E","M","E","T","R","?","R","M","E","R","B"],"character_chosen":"DEFECT","items_purchased":["Jack Of All Trades+1","Conserve Battery+1","Amplify+1","Lee\u0027s Waffle","Membership Card","Impatience+1","Thinking Ahead+1","Conserve Battery+1","War Paint","Chrysalis+1"],"campfire_rested":3,"item_purchase_floors":[14,20,20,20,30,30,30,30,37,37],"current_hp_per_floor":[68,68,56,56,56,56,42,42,42,17,17,5,5,5,42,16,60,48,48,82,66,66,21,60,44,44,44,44,15,15,11,50,36,71,74,68,68,60,52,43,36,36,36,36,72,72,72,72,72,0,0],"gold":227,"neow_bonus":"THREE_ENEMY_KILL","is_daily":false,"chose_seed":false,"campfire_upgraded":4,"win_rate":0.0,"timestamp":1612963076,"path_taken":["M","M","?","?","M","R","E","R","T","E","?","E","?","?","R","BOSS","M","?","$","?","?","E","R","E","T","E","?","E","$","M","R","BOSS","M","M","$","?","M","E","M","E","T","R","?","R","M","E","R","BOSS"],"items_purchased_type":["Card","Card","Card","Relic","Relic","Card","Card","Card","Relic","Card"],"build_version":"2020-12-22","purchased_purges":3,"victory":false,"max_hp_per_floor":[75,75,75,75,75,75,75,75,75,75,75,75,75,75,75,75,75,75,75,82,82,82,82,82,82,82,82,82,82,82,82,82,82,82,82,82,82,82,82,82,82,82,82,82,72,72,72,72,72,72,72],"card_choices":[{"not_picked":["Stack","Redo"],"picked":"Hologram","floor":1.0},{"not_picked":["Leap","Turbo"],"picked":"Compile Driver","floor":2.0},{"not_picked":["Cold Snap","Coolheaded+1"],"picked":"Doom and Gloom","floor":5.0},{"not_picked":["Streamline","Blizzard","Reprogram+1"],"picked":"SKIP","floor":7.0},{"not_picked":["FTL","Compile Driver"],"picked":"Hologram+1","floor":10.0},{"not_picked":["Steam Power+1","Conserve Battery+1"],"picked":"Redo+1","floor":12.0},{"not_picked":["Hyperbeam","Core Surge"],"picked":"Creative AI","floor":16.0},{"not_picked":["Cold Snap","Beam Cell"],"picked":"Genetic Algorithm+1","floor":18.0},{"not_picked":["FTL","Ball Lightning"],"picked":"Fusion+1","floor":23.0},{"not_picked":["Undo+1","Gash"],"picked":"Turbo+1","floor":25.0},{"not_picked":["Barrage+1","Sweeping Beam+1"],"picked":"Biased Cognition","floor":27.0},{"not_picked":["Hologram+1","Cold Snap+1"],"picked":"Coolheaded+1","floor":29.0},{"not_picked":["Hologram+1","Steam+1"],"picked":"Self Repair+1","floor":31.0},{"not_picked":["Gash+1","Steam+1"],"picked":"Skim+1","floor":35.0},{"not_picked":["Barrage+1","Rebound+1","Tempest+1"],"picked":"SKIP","floor":36.0},{"not_picked":["Self Repair","Hologram+1","Static Discharge+1"],"picked":"SKIP","floor":38.0},{"not_picked":["Steam+1","Rebound+1","Cold Snap+1"],"picked":"SKIP","floor":39.0},{"not_picked":["Beam Cell+1","Streamline+1","Hologram+1"],"picked":"SKIP","floor":40.0},{"not_picked":["Cold Snap+1","Steam+1"],"picked":"Seek+1","floor":41.0},{"not_picked":["Sweeping Beam+1","Blizzard+1"],"picked":"Coolheaded+1","floor":42.0},{"not_picked":["Undo+1","Tempest+1"],"picked":"Barrage+1","floor":47.0},{"not_picked":["Heatsinks","Rebound+1","Sunder+1"],"picked":"SKIP","floor":48.0}],"player_experience":744661,"relics_obtained":[{"floor":4.0,"key":"Toxic Egg 2"},{"floor":7.0,"key":"PreservedInsect"},{"floor":9.0,"key":"Nunchaku"},{"floor":10.0,"key":"Regal Pillow"},{"floor":12.0,"key":"Akabeko"},{"floor":13.0,"key":"HornCleat"},{"floor":21.0,"key":"Nilry\u0027s Codex"},{"floor":23.0,"key":"Bottled Lightning"},{"floor":25.0,"key":"The Courier"},{"floor":27.0,"key":"Molten Egg 2"},{"floor":29.0,"key":"Blue Candle"},{"floor":40.0,"key":"Bag of Preparation"},{"floor":42.0,"key":"Toy Ornithopter"},{"floor":48.0,"key":"White Beast Statue"}],"event_choices":[{"damage_healed":0.0,"max_hp_gain":0.0,"max_hp_loss":0.0,"gold_gain":0.0,"event_name":"Scrap Ooze","player_choice":"Success","floor":3.0,"gold_loss":0.0,"damage_taken":12.0,"relics_obtained":["MawBank"]},{"damage_healed":0.0,"max_hp_gain":0.0,"max_hp_loss":0.0,"gold_gain":0.0,"event_name":"World of Goop","player_choice":"Left Gold","floor":11.0,"gold_loss":20.0,"damage_taken":0.0},{"damage_healed":0.0,"max_hp_gain":0.0,"max_hp_loss":0.0,"gold_gain":99.0,"event_name":"Nest","player_choice":"Stole From Cult","floor":19.0,"gold_loss":0.0,"damage_taken":0.0},{"damage_healed":0.0,"max_hp_gain":0.0,"max_hp_loss":0.0,"gold_gain":0.0,"event_name":"Cursed Tome","player_choice":"Obtained Book","floor":21.0,"gold_loss":0.0,"damage_taken":16.0},{"damage_healed":0.0,"max_hp_gain":0.0,"max_hp_loss":0.0,"gold_gain":0.0,"event_name":"Addict","player_choice":"Stole Relic","floor":22.0,"gold_loss":0.0,"damage_taken":0.0,"relics_obtained":["Girya"],"cards_obtained":["Shame"]},{"damage_healed":0.0,"max_hp_gain":0.0,"max_hp_loss":0.0,"gold_gain":250.0,"event_name":"The Joust","player_choice":"Bet on Owner","floor":28.0,"gold_loss":50.0,"damage_taken":0.0},{"damage_healed":72.0,"max_hp_gain":0.0,"max_hp_loss":10.0,"gold_gain":0.0,"event_name":"The Moai Head","player_choice":"Heal","floor":45.0,"gold_loss":0.0,"damage_taken":0.0}],"is_beta":false,"boss_relics":[{"not_picked":["Calling Bell","Busted Crown"],"picked":"Cursed Key"},{"not_picked":["SacredBark","Empty Cage"],"picked":"SlaversCollar"}],"items_purged_floors":[14,30,37],"is_endless":false,"potions_floor_spawned":[2,5,16,25,29,31,36,38,40,48],"killed_by":"Awakened One","ascension_level":13}}