{"host":"2pmmafybkq7zb6na","time":1612961754,"event":{"mods":["AchievementEnabler","BaseMod","Colored Map","Highlight Path","Keyboard Shortcuts","Minty Spire (QoL Compilation)","Quick Restart","StSLib","SuperFastMode"],"gold_per_floor":[111,124,124,138,156,156,52,52,75,88,105,121,121,133,133,234,234,244,259,259,259],"floor_reached":20,"language":"KOR","playtime":1089,"items_purged":[],"score":179,"play_id":"4d0116af-7fda-41cc-8add-b4b4b288f2d4","local_time":"20210210215554","is_ascension_mode":true,"campfire_choices":[{"data":"Acrobatics","floor":6.0,"key":"SMITH"},{"floor":8.0,"key":"REST"},{"data":"Calculated Gamble","floor":15.0,"key":"SMITH"}],"circlet_count":0,"master_deck":["Strike_G","Strike_G","Strike_G","Defend_G","Defend_G","Defend_G","Defend_G","Defend_G","Survivor","Neutralize","Terror","Acrobatics+1","Calculated Gamble+1","Well Laid Plans","After Image","PiercingWail","Bouncing Flask","Underhanded Strike","Burst","Backflip+1","Deflect"],"relics":["Ring of the Snake","Strawberry","Sozu"],"acts_visited":["Exordium","TheCity"],"potions_floor_usage":[],"damage_taken":[{"damage":0.0,"enemies":"Jaw Worm","floor":1.0,"turns":4.0},{"damage":4.0,"enemies":"Cultist","floor":2.0,"turns":5.0},{"damage":3.0,"enemies":"2 Louse","floor":4.0,"turns":3.0},{"damage":0.0,"enemies":"Blue Slaver","floor":5.0,"turns":5.0},{"damage":5.0,"enemies":"Gremlin Gang","floor":10.0,"turns":11.0},{"damage":1.0,"enemies":"Exordium Wildlife","floor":11.0,"turns":5.0},{"damage":4.0,"enemies":"Red Slaver","floor":12.0,"turns":6.0},{"damage":14.0,"enemies":"Large Slime","floor":14.0,"turns":11.0},{"damage":21.0,"enemies":"Slime Boss","floor":16.0,"turns":12.0},{"damage":2.0,"enemies":"Shell Parasite","floor":18.0,"turns":4.0},{"damage":22.0,"enemies":"3 Byrds","floor":19.0,"turns":6.0},{"damage":0,"enemies":"3 Cultists","floor":20,"turns":3}],"seed_played":"6858719095574859641","potions_obtained":[{"floor":4.0,"key":"FearPotion"},{"floor":10.0,"key":"Poison Potion"},{"floor":14.0,"key":"Fire Potion"}],"is_trial":false,"path_per_floor":["M","M","?","M","M","R","$","R","T","M","M","M","?","M","R","B",null,"M","M","M"],"character_chosen":"THE_SILENT","items_purchased":["Calculated Gamble","Well Laid Plans"],"campfire_rested":1,"item_purchase_floors":[7,7],"current_hp_per_floor":[49,45,45,42,42,42,42,63,70,65,64,60,65,51,51,30,82,80,58,58,58],"gold":259,"neow_bonus":"REMOVE_TWO","is_daily":false,"chose_seed":false,"campfire_upgraded":2,"win_rate":0.0,"timestamp":1612961754,"path_taken":["M","M","?","M","M","R","?","R","T","M","M","M","?","M","R","BOSS","M","M","M"],"items_purchased_type":["Card","Card"],"build_version":"2020-12-22","purchased_purges":0,"victory":false,"max_hp_per_floor":[70,70,70,70,70,70,70,70,77,77,77,77,82,82,82,82,82,82,82,82,82],"card_choices":[{"not_picked":["Blade Dance","Distraction","Skewer"],"picked":"SKIP","floor":1.0},{"not_picked":["Poisoned Stab","Predator"],"picked":"Terror","floor":2.0},{"not_picked":["Blade Dance","Flechettes"],"picked":"Acrobatics","floor":4.0},{"not_picked":["Infinite Blades","Choke","Cloak And Dagger"],"picked":"SKIP","floor":5.0},{"not_picked":["Dagger Spray","Dodge and Roll"],"picked":"After Image","floor":10.0},{"not_picked":["Terror","Dagger Spray"],"picked":"PiercingWail","floor":11.0},{"not_picked":["All Out Attack","Skewer"],"picked":"Bouncing Flask","floor":12.0},{"not_picked":["Deadly Poison","Backstab"],"picked":"Underhanded Strike","floor":14.0},{"not_picked":["After Image","Doppelganger"],"picked":"Burst","floor":16.0},{"not_picked":["Dodge and Roll","Slice"],"picked":"Backflip+1","floor":18.0},{"not_picked":["Distraction+1","Dagger Throw"],"picked":"Deflect","floor":19.0}],"player_experience":136365,"relics_obtained":[{"floor":9.0,"key":"Strawberry"}],"event_choices":[{"damage_healed":0.0,"max_hp_gain":0.0,"max_hp_loss":0.0,"gold_gain":0.0,"event_name":"The Woman in Blue","player_choice":"Bought 0 Potions","floor":3.0,"gold_loss":0.0,"damage_taken":0.0},{"damage_healed":0.0,"max_hp_gain":5.0,"max_hp_loss":0.0,"gold_gain":0.0,"event_name":"Big Fish","player_choice":"Donut","floor":13.0,"gold_loss":0.0,"damage_taken":0.0}],"is_beta":false,"boss_relics":[{"not_picked":["SacredBark","Cursed Key"],"picked":"Sozu"}],"items_purged_floors":[],"is_endless":false,"potions_floor_spawned":[4,10,14],"killed_by":"3 Cultists","ascension_level":1}}