{"host":"nsc6ozq3atyrdr3m","time":1612999636,"event":{"mods":["BaseMod","Colored Map","Minty Spire (QoL Compilation)"],"gold_per_floor":[111,36,48,58,58,58,208,208,208,208,208,240,240,240,240],"floor_reached":14,"language":"FRA","playtime":231,"items_purged":["Normality"],"score":172,"play_id":"04834972-8274-4ff8-bd1d-203a23a9c9fd","local_time":"20210211002716","is_ascension_mode":true,"campfire_choices":[{"floor":6,"key":"REST"},{"data":"Cleave","floor":10,"key":"SMITH"},{"floor":13,"key":"REST"}],"circlet_count":0,"master_deck":["AscendersBane","Strike_R","Strike_R","Strike_R","Strike_R","Strike_R","Defend_R","Defend_R","Bash","Bloodletting","Cleave+1","Inflame","Battle Trance","Shockwave+1","Doubt","Decay","Disarm"],"relics":["Burning Blood","Kunai","Red Skull"],"acts_visited":["Exordium"],"potions_floor_usage":[12],"damage_taken":[{"damage":29,"enemies":"Jaw Worm","floor":1,"turns":5},{"damage":25,"enemies":"Small Slimes","floor":3,"turns":3},{"damage":17,"enemies":"2 Louse","floor":4,"turns":3},{"damage":27,"enemies":"3 Sentries","floor":12,"turns":5},{"damage":38,"enemies":"Lagavulin","floor":14,"turns":5}],"seed_played":"-5668085003712720544","potions_obtained":[{"floor":1,"key":"ElixirPotion"},{"floor":4,"key":"SkillPotion"}],"is_trial":false,"path_per_floor":["M","$","M","M","?","R","?","?","T","R","?","E","R","E"],"character_chosen":"IRONCLAD","items_purchased":[],"campfire_rested":2,"item_purchase_floors":[],"current_hp_per_floor":[45,45,26,15,15,37,37,37,37,37,37,16,38,0,0],"gold":240,"neow_bonus":"TRANSFORM_TWO_CARDS","is_daily":false,"chose_seed":false,"campfire_upgraded":1,"win_rate":0.0,"timestamp":1612999636,"path_taken":["M","$","M","M","?","R","?","?","T","R","?","E","R","E"],"items_purchased_type":[],"build_version":"2020-12-22","purchased_purges":1,"victory":false,"max_hp_per_floor":[75,75,75,75,75,75,75,75,75,75,75,75,75,75,75],"card_choices":[{"not_picked":["Warcry","Wild Strike"],"picked":"Inflame","floor":1},{"not_picked":["True Grit","Clothesline"],"picked":"Battle Trance","floor":3},{"not_picked":["True Grit","Thunderclap"],"picked":"Shockwave","floor":4},{"not_picked":["Armaments","Headbutt"],"picked":"Disarm","floor":12}],"player_experience":392315,"relics_obtained":[{"floor":9,"key":"Kunai"},{"floor":12,"key":"Red Skull"}],"event_choices":[{"damage_healed":0,"gold_gain":0,"player_choice":"Grow","damage_taken":0,"max_hp_gain":0,"max_hp_loss":0,"event_name":"Living Wall","floor":5,"gold_loss":0,"cards_upgraded":["Shockwave"]},{"damage_healed":0,"gold_gain":150,"player_choice":"AGREE","damage_taken":0,"max_hp_gain":0,"max_hp_loss":0,"event_name":"Liars Game","floor":7,"gold_loss":0,"cards_obtained":["Doubt"]},{"damage_healed":0,"gold_gain":0,"player_choice":"Ignored","damage_taken":0,"max_hp_gain":0,"max_hp_loss":0,"event_name":"Shining Light","floor":8,"gold_loss":0},{"damage_healed":0,"gold_gain":0,"player_choice":"Cursed","damage_taken":0,"max_hp_gain":0,"max_hp_loss":0,"event_name":"Wheel of Change","floor":11,"gold_loss":0,"cards_obtained":["Decay"]}],"is_beta":false,"boss_relics":[],"items_purged_floors":[2],"is_endless":false,"potions_floor_spawned":[1,4],"killed_by":"Lagavulin","ascension_level":20}}