{"host":"i0avyit1s6jb1siw","time":1612992459,"event":{"mods":["BaseMod","DeckTracker","Dota2Spire","Highlight Path","Minty Spire (QoL Compilation)","Quick Restart","StSLib","SuperFastMode"],"gold_per_floor":[114,114,114,114,114,142,142,176,176,223,242,271,28,38,52,52,126,126,137,37,37,49,62,94,110,110,110,138,188,188,188,214,214,214,214],"floor_reached":34,"language":"ENG","playtime":724,"items_purged":["Strike_G","Strike_G"],"score":802,"play_id":"25e1a8a3-b107-477f-bd7a-457f763f9571","local_time":"20210210222739","is_ascension_mode":true,"campfire_choices":[{"data":"Bouncing Flask","floor":7.0,"key":"SMITH"},{"data":"Neutralize","floor":9.0,"key":"SMITH"},{"data":"Noxious Fumes","floor":16,"key":"SMITH"},{"floor":26,"key":"REST"},{"data":"Wraith Form v2","floor":30,"key":"SMITH"},{"data":"Corpse Explosion","floor":33,"key":"SMITH"}],"circlet_count":0,"master_deck":["AscendersBane","Strike_G","Strike_G","Defend_G","Defend_G","Defend_G","Defend_G","Defend_G","Survivor","Neutralize+1","Bouncing Flask+1","Backstab","PiercingWail","Wraith Form v2+1","Noxious Fumes+1","Leg Sweep","Escape Plan","After Image","Footwork","Reflex","Backflip+1","Shame","Corpse Explosion+1"],"relics":["Ring of the Snake","NeowsBlessing","Ninja Scroll","Juzu Bracelet","Bronze Scales","Orichalcum","White Beast Statue","Cursed Key","Dota2Spire:ArcaneBoots","Singing Bowl","Smiling Mask","Incense Burner"],"acts_visited":["Exordium","TheCity"],"potions_floor_usage":[12,17,24,28,32,34,34],"damage_taken":[{"damage":0.0,"enemies":"2 Louse","floor":1.0,"turns":1.0},{"damage":0.0,"enemies":"Gremlin Nob","floor":6.0,"turns":1.0},{"damage":0.0,"enemies":"3 Sentries","floor":8.0,"turns":1.0},{"damage":0.0,"enemies":"Small Slimes","floor":11.0,"turns":1.0},{"damage":0,"enemies":"Gremlin Nob","floor":12,"turns":3},{"damage":0,"enemies":"Cultist","floor":14,"turns":2},{"damage":0,"enemies":"3 Louse","floor":15,"turns":3},{"damage":2,"enemies":"The Guardian","floor":17,"turns":8},{"damage":0,"enemies":"Spheric Guardian","floor":19,"turns":3},{"damage":0,"enemies":"3 Byrds","floor":22,"turns":3},{"damage":7,"enemies":"Snake Plant","floor":23,"turns":5},{"damage":26,"enemies":"Slavers","floor":24,"turns":7},{"damage":1,"enemies":"Snecko","floor":25,"turns":6},{"damage":1,"enemies":"Gremlin Leader","floor":28,"turns":7},{"damage":5,"enemies":"Slavers","floor":32,"turns":4},{"damage":33,"enemies":"Collector","floor":34,"turns":9}],"seed_played":"-9147584484022465271","potions_obtained":[{"floor":1.0,"key":"ColorlessPotion"},{"floor":8.0,"key":"Dota2Spire:HealingSalve"},{"floor":14,"key":"SkillPotion"},{"floor":15,"key":"Swift Potion"},{"floor":17,"key":"DuplicationPotion"},{"floor":19,"key":"CultistPotion"},{"floor":24,"key":"Swift Potion"},{"floor":28,"key":"PowerPotion"},{"floor":32,"key":"FearPotion"}],"is_trial":false,"path_per_floor":["M","?","?","?","?","E","R","E","R","T","M","E","$","M","M","R","B",null,"M","$","?","M","M","E","M","R","T","E","?","R","?","E","R","B"],"character_chosen":"THE_SILENT","items_purchased":["Noxious Fumes","Leg Sweep"],"campfire_rested":1,"item_purchase_floors":[13,13],"current_hp_per_floor":[59,54,47,47,52,52,52,52,52,52,52,52,52,52,52,52,50,66,66,66,46,46,39,13,12,34,34,33,33,33,33,30,30,0,0],"gold":214,"neow_bonus":"THREE_ENEMY_KILL","is_daily":false,"chose_seed":false,"campfire_upgraded":5,"win_rate":0.0,"timestamp":1612992459,"path_taken":["M","?","?","?","?","E","R","E","R","T","M","E","?","M","M","R","BOSS","M","$","?","M","M","E","M","R","T","E","?","R","?","E","R","BOSS"],"items_purchased_type":["Card","Card"],"build_version":"2020-12-22","purchased_purges":2,"victory":false,"max_hp_per_floor":[66,66,66,66,71,71,71,71,71,71,71,71,71,71,71,71,71,71,71,71,76,76,76,76,76,76,76,76,76,76,76,78,78,78,78],"card_choices":[{"not_picked":["Tactician","Quick Slash"],"picked":"Bouncing Flask","floor":1.0},{"not_picked":["Deadly Poison","Blade Dance"],"picked":"Backstab","floor":6.0},{"not_picked":["Skewer","Outmaneuver"],"picked":"PiercingWail","floor":8.0},{"not_picked":["Backstab","Tactician","Bane"],"picked":"SKIP","floor":11.0},{"not_picked":["Cloak And Dagger","Flying Knee"],"picked":"Wraith Form v2","floor":12},{"not_picked":["Dagger Throw","Poisoned Stab"],"picked":"Escape Plan","floor":14},{"not_picked":["Underhanded Strike","Concentrate","Backstab"],"picked":"SKIP","floor":15},{"not_picked":["Bullet Time","Die Die Die"],"picked":"After Image","floor":17},{"not_picked":["Outmaneuver","Bane","Concentrate"],"picked":"SKIP","floor":19},{"not_picked":["Leg Sweep","Cloak And Dagger"],"picked":"Footwork","floor":22},{"not_picked":["Sucker Punch","Escape Plan"],"picked":"Reflex","floor":23},{"not_picked":["Prepared","All Out Attack"],"picked":"Backflip+1","floor":24},{"not_picked":["Blade Dance","Dodge and Roll","Quick Slash"],"picked":"SKIP","floor":25},{"not_picked":["Backflip","Terror"],"picked":"Corpse Explosion","floor":28},{"not_picked":["Envenom","Predator","Poisoned Stab"],"picked":"Singing Bowl","floor":32}],"player_experience":2433559,"relics_obtained":[{"floor":6.0,"key":"Juzu Bracelet"},{"floor":8.0,"key":"Bronze Scales"},{"floor":10.0,"key":"Orichalcum"},{"floor":12,"key":"White Beast Statue"},{"floor":24,"key":"Dota2Spire:ArcaneBoots"},{"floor":27,"key":"Singing Bowl"},{"floor":28,"key":"Smiling Mask"},{"floor":32,"key":"Incense Burner"}],"event_choices":[{"damage_healed":0.0,"max_hp_gain":0.0,"max_hp_loss":0.0,"gold_gain":0.0,"event_name":"Scrap Ooze","player_choice":"Success","floor":2.0,"gold_loss":0.0,"damage_taken":5.0,"relics_obtained":["Ninja Scroll"]},{"cards_removed":["Strike_G"],"damage_healed":0.0,"max_hp_gain":0.0,"max_hp_loss":0.0,"gold_gain":0.0,"event_name":"Golden Wing","player_choice":"Card Removal","floor":3.0,"gold_loss":0.0,"damage_taken":7.0},{"damage_healed":0.0,"max_hp_gain":0.0,"max_hp_loss":0.0,"gold_gain":0.0,"event_name":"Liars Game","player_choice":"Ignored","floor":4.0,"gold_loss":0.0,"damage_taken":0.0},{"damage_healed":0.0,"max_hp_gain":5.0,"max_hp_loss":0.0,"gold_gain":0.0,"event_name":"Big Fish","player_choice":"Donut","floor":5.0,"gold_loss":0.0,"damage_taken":0.0},{"damage_healed":0,"gold_gain":0,"player_choice":"Shed Blood","damage_taken":25,"max_hp_gain":5,"max_hp_loss":0,"event_name":"Forgotten Altar","floor":21,"gold_loss":0},{"damage_healed":0,"gold_gain":50,"player_choice":"Stole From Cult","damage_taken":0,"max_hp_gain":0,"max_hp_loss":0,"event_name":"Nest","floor":29,"gold_loss":0},{"damage_healed":0,"gold_gain":0,"player_choice":"Ignored","damage_taken":0,"max_hp_gain":0,"max_hp_loss":0,"event_name":"Cursed Tome","floor":31,"gold_loss":0}],"is_beta":false,"boss_relics":[{"not_picked":["Velvet Choker","Ring of the Serpent"],"picked":"Cursed Key"}],"items_purged_floors":[13,20],"is_endless":false,"potions_floor_spawned":[1,8,14,15,17,19,22,23,24,25,28,32],"killed_by":"Collector","ascension_level":20}}