{"host":"lktusdb9orijgc6z","time":1612978391,"event":{"mods":["BaseMod","Bestiary","Colored Map","Colored Powertips","Filter the Spire","Minty Spire (QoL Compilation)","Permanent Neow","Quick Restart","Relic Stats","StSLib","everything is the same but u backflip on backflip","slay the spire mod where everything is the same but ironclad has a cowboy hat"],"gold_per_floor":[113,113,127,142,44,44,44,60,85,98,133,133,163,4,4,78,78,92,92,109,109,109,109,142,159,239,64,76,93,93,93],"floor_reached":30,"language":"ENG","playtime":1213,"items_purged":["Dagger Spray","Slice"],"score":520,"play_id":"c1bfb5ee-a232-4f3c-8b93-c37ce2833cfc","local_time":"20210210183311","is_ascension_mode":true,"campfire_choices":[{"data":"Footwork","floor":6.0,"key":"SMITH"},{"data":"Blade Dance","floor":12.0,"key":"SMITH"},{"data":"Noxious Fumes","floor":15.0,"key":"SMITH"},{"floor":23.0,"key":"REST"}],"circlet_count":0,"master_deck":["AscendersBane","Survivor","Blur","Underhanded Strike","Footwork+1","Blade Dance","Crippling Poison","Blade Dance+1","Dodge and Roll","Night Terror","Noxious Fumes+1","Adrenaline","Deflect","Catalyst","Leg Sweep"],"relics":["Pandora\u0027s Box","PreservedInsect","Tiny Chest","Regal Pillow","Runic Pyramid","Pen Nib","Bottled Tornado"],"acts_visited":["Exordium","TheCity"],"potions_floor_usage":[28,28,29,30],"damage_taken":[{"damage":17.0,"enemies":"Small Slimes","floor":1.0,"turns":16.0},{"damage":0.0,"enemies":"Jaw Worm","floor":3.0,"turns":12.0},{"damage":0.0,"enemies":"2 Louse","floor":4.0,"turns":2.0},{"damage":1.0,"enemies":"Large Slime","floor":8.0,"turns":5.0},{"damage":0.0,"enemies":"Gremlin Gang","floor":10.0,"turns":1.0},{"damage":2.0,"enemies":"Gremlin Nob","floor":11.0,"turns":4.0},{"damage":9.0,"enemies":"Lagavulin","floor":13.0,"turns":6.0},{"damage":22.0,"enemies":"The Guardian","floor":16.0,"turns":13.0},{"damage":7.0,"enemies":"3 Byrds","floor":18.0,"turns":5.0},{"damage":19.0,"enemies":"2 Thieves","floor":20.0,"turns":4.0},{"damage":14.0,"enemies":"Gremlin Leader","floor":24.0,"turns":5.0},{"damage":15.0,"enemies":"Chosen and Byrds","floor":25.0,"turns":7.0},{"damage":2,"enemies":"Snake Plant","floor":28,"turns":7},{"damage":15,"enemies":"Centurion and Healer","floor":29,"turns":6},{"damage":12,"enemies":"Book of Stabbing","floor":30,"turns":1}],"seed_played":"2009456820070464967","potions_obtained":[{"floor":1.0,"key":"CultistPotion"},{"floor":4.0,"key":"SteroidPotion"},{"floor":10.0,"key":"GhostInAJar"},{"floor":16.0,"key":"DuplicationPotion"},{"floor":25.0,"key":"GamblersBrew"},{"floor":28,"key":"Fruit Juice"},{"floor":29,"key":"FearPotion"}],"is_trial":false,"path_per_floor":["M","?","M","M","$","R","?","M","T","M","E","R","E","$","R","B",null,"M","?","M","?","T","R","E","M","T","$","M","M","E"],"character_chosen":"THE_SILENT","items_purchased":["Footwork","Blade Dance","Noxious Fumes","Leg Sweep"],"campfire_rested":1,"item_purchase_floors":[5,5,14,27],"current_hp_per_floor":[42,42,42,42,42,42,42,41,41,41,39,39,30,30,30,8,52,45,45,26,8,8,44,30,15,15,15,13,3,0,0],"gold":93,"neow_bonus":"BOSS_RELIC","is_daily":false,"chose_seed":false,"campfire_upgraded":3,"win_rate":0.0,"timestamp":1612978391,"path_taken":["M","?","M","M","$","R","?","M","T","M","E","R","E","?","R","BOSS","M","?","M","?","?","R","E","M","T","$","M","M","E"],"items_purchased_type":["Card","Card","Card","Card"],"build_version":"2020-12-22","purchased_purges":2,"victory":false,"max_hp_per_floor":[66,66,66,66,66,66,66,66,66,66,66,66,66,66,66,66,66,66,66,66,71,71,71,71,71,71,71,71,76,76,76],"relic_stats":{"Regal Pillow":15,"counters":[15,94],"Pandora\u0027s Box":["Dodge and Roll","Corpse Explosion","Slice","Backstab","Dodge and Roll","Dagger Spray","Envenom","Riddle With Holes","Choke","Expertise"],"Tiny Chest":1,"PreservedInsect":141,"Pen Nib":[2],"obtain_stats":[{"Regal Pillow":13,"Pandora\u0027s Box":0,"Tiny Chest":11,"PreservedInsect":9,"Pen Nib":24,"Bottled Tornado":26,"Ring of the Snake":0,"Runic Pyramid":17},{"Regal Pillow":7,"Pandora\u0027s Box":0,"Tiny Chest":6,"PreservedInsect":4,"Pen Nib":11,"Bottled Tornado":12,"Ring of the Snake":0,"Runic Pyramid":8},{"Regal Pillow":46,"Pandora\u0027s Box":0,"Tiny Chest":40,"PreservedInsect":35,"Pen Nib":73,"Bottled Tornado":80,"Ring of the Snake":0,"Runic Pyramid":59}]},"card_choices":[{"not_picked":["Flechettes","Deflect"],"picked":"Blur","floor":1.0},{"not_picked":["Flechettes","Riddle With Holes"],"picked":"Underhanded Strike","floor":3.0},{"not_picked":["Catalyst","All Out Attack"],"picked":"Dagger Spray","floor":4.0},{"not_picked":["Deadly Poison","Caltrops"],"picked":"Crippling Poison","floor":8.0},{"not_picked":["Prepared","Riddle With Holes"],"picked":"Blade Dance","floor":10.0},{"not_picked":["Heel Hook","Prepared"],"picked":"Dodge and Roll","floor":11.0},{"not_picked":["Flying Knee","Choke"],"picked":"Night Terror","floor":13.0},{"not_picked":["Venomology","Phantasmal Killer"],"picked":"Adrenaline","floor":16.0},{"not_picked":["Slice","Bouncing Flask"],"picked":"Deflect","floor":18.0},{"not_picked":["Eviscerate","Deflect","Backflip"],"picked":"SKIP","floor":20.0},{"not_picked":["Skewer","Calculated Gamble"],"picked":"Catalyst","floor":24.0},{"not_picked":["Deflect+1","Dagger Throw","Deadly Poison"],"picked":"SKIP","floor":25.0},{"not_picked":["Deflect","Deadly Poison","Backstab"],"picked":"SKIP","floor":28},{"not_picked":["Heel Hook","Dagger Spray","Deflect"],"picked":"SKIP","floor":29}],"player_experience":782036,"relics_obtained":[{"floor":9.0,"key":"PreservedInsect"},{"floor":11.0,"key":"Tiny Chest"},{"floor":13.0,"key":"Regal Pillow"},{"floor":24.0,"key":"Pen Nib"},{"floor":26.0,"key":"Bottled Tornado"}],"event_choices":[{"damage_healed":0.0,"max_hp_gain":0.0,"max_hp_loss":0.0,"gold_gain":0.0,"event_name":"Golden Wing","player_choice":"Ignored","floor":2.0,"gold_loss":0.0,"damage_taken":0.0},{"damage_healed":0.0,"max_hp_gain":0.0,"max_hp_loss":0.0,"gold_gain":0.0,"cards_transformed":["Neutralize"],"event_name":"Living Wall","player_choice":"Change","floor":7.0,"gold_loss":0.0,"damage_taken":0.0,"cards_obtained":["Slice"]},{"damage_healed":0.0,"max_hp_gain":0.0,"max_hp_loss":0.0,"gold_gain":0.0,"event_name":"The Mausoleum","player_choice":"Ignored","floor":19.0,"gold_loss":0.0,"damage_taken":0.0},{"damage_healed":0.0,"max_hp_gain":5.0,"max_hp_loss":0.0,"gold_gain":0.0,"event_name":"Forgotten Altar","player_choice":"Shed Blood","floor":21.0,"gold_loss":0.0,"damage_taken":23.0}],"is_beta":false,"boss_relics":[{"not_picked":["SlaversCollar","Velvet Choker"],"picked":"Runic Pyramid"}],"items_purged_floors":[14,27],"is_endless":false,"potions_floor_spawned":[1,4,10,16,25,28,29],"killed_by":"Book of Stabbing","ascension_level":20}}