{"host":"msmkw03x1o7nq45i","time":1612983188,"event":{"mods":["AchievementEnabler","BaseMod","Bestiary","Colored Powertips","GifTheSpireLib","Highlight Path","Minty Spire (QoL Compilation)","Random Character Button","StSLib","everything is the same but u backflip on backflip"],"gold_per_floor":[114,74,88,101,3,3,34,34,103,118,145,145,204,224,224,302,302,315,315,16,26,26,57,57,57,110,120,120,133,144,174,174,174,174],"floor_reached":33,"language":"ENG","playtime":2234,"items_purged":["Strike_G"],"score":561,"play_id":"0233e17b-aad2-4e15-bbf7-4c3d7090924a","local_time":"20210210205308","is_ascension_mode":true,"campfire_choices":[{"data":"All Out Attack","floor":6,"key":"SMITH"},{"data":"Sucker Punch","floor":8,"key":"SMITH"},{"data":"Deadly Poison","floor":12,"key":"SMITH"},{"data":"Catalyst","floor":15,"key":"SMITH"},{"data":"Bouncing Flask","floor":25,"key":"SMITH"},{"data":"Footwork","floor":32,"key":"SMITH"}],"circlet_count":0,"master_deck":["AscendersBane","Defend_G","Defend_G","Defend_G","Defend_G","Defend_G","Survivor","Neutralize","Flying Knee","All Out Attack+1","Sucker Punch+1","Dramatic Entrance","Adrenaline","Deadly Poison+1","Catalyst+1","Malaise","Deadly Poison+1","Adrenaline","Footwork+1","PiercingWail","Bouncing Flask+1","Bite","Bite","Bite","Bite","Bite","Dodge and Roll","Necronomicurse","Pain","Tools of the Trade","Cloak And Dagger+1"],"relics":["Ring of the Snake","NeowsBlessing","Snake Skull","The Courier","Toy Ornithopter","Bronze Scales","Cursed Key","Toolbox","Oddly Smooth Stone","Necronomicon","Red Mask"],"acts_visited":["Exordium","TheCity"],"potions_floor_usage":[2,7,7,11,16,18,29,30,31,33],"damage_taken":[{"damage":0,"enemies":"Jaw Worm","floor":1,"turns":1},{"damage":0,"enemies":"Cultist","floor":3,"turns":1},{"damage":0,"enemies":"2 Louse","floor":4,"turns":1},{"damage":11,"enemies":"Lagavulin","floor":7,"turns":8},{"damage":9,"enemies":"Blue Slaver","floor":10,"turns":3},{"damage":17,"enemies":"3 Sentries","floor":11,"turns":6},{"damage":23,"enemies":"Lagavulin Event","floor":13,"turns":5},{"damage":0,"enemies":"Lots of Slimes","floor":14,"turns":2},{"damage":4,"enemies":"The Guardian","floor":16,"turns":8},{"damage":5,"enemies":"2 Thieves","floor":18,"turns":3},{"damage":4,"enemies":"Chosen","floor":21,"turns":3},{"damage":9,"enemies":"Book of Stabbing","floor":23,"turns":4},{"damage":3,"enemies":"Snake Plant","floor":27,"turns":3},{"damage":16,"enemies":"Centurion and Healer","floor":29,"turns":7},{"damage":0,"enemies":"Cultist and Chosen","floor":30,"turns":3},{"damage":2,"enemies":"Masked Bandits","floor":31,"turns":3},{"damage":56,"enemies":"Champ","floor":33,"turns":9}],"seed_played":"-9137123166585069362","potions_obtained":[{"floor":2,"key":"Fruit Juice"},{"floor":2,"key":"ColorlessPotion"},{"floor":2,"key":"PowerPotion"},{"floor":10,"key":"Fire Potion"},{"floor":13,"key":"GhostInAJar"},{"floor":14,"key":"PowerPotion"},{"floor":16,"key":"Dexterity Potion"},{"floor":18,"key":"GamblersBrew"},{"floor":29,"key":"Explosive Potion"},{"floor":30,"key":"Weak Potion"},{"floor":31,"key":"LiquidMemories"}],"is_trial":false,"path_per_floor":["M","?","M","M","$","R","E","R","T","M","E","R","?","M","R","B",null,"M","?","$","M","?","E","?","R","T","M","?","M","M","?","R","B"],"character_chosen":"THE_SILENT","items_purchased":["Dramatic Entrance","Toolbox","Footwork","PiercingWail"],"campfire_rested":0,"item_purchase_floors":[5,20,20,20],"current_hp_per_floor":[59,64,64,64,64,64,53,53,53,44,27,27,4,4,4,5,55,55,55,55,51,49,44,23,23,23,22,16,19,28,37,37,0,0],"gold":174,"neow_bonus":"THREE_ENEMY_KILL","is_daily":false,"chose_seed":false,"campfire_upgraded":6,"win_rate":0.0,"timestamp":1612983188,"path_taken":["M","?","?","?","$","R","E","R","T","?","E","R","?","M","R","BOSS","M","?","$","?","?","E","?","R","T","?","?","M","?","?","R","BOSS"],"items_purchased_type":["Card","Relic","Card","Card"],"build_version":"2020-12-22","purchased_purges":1,"victory":false,"max_hp_per_floor":[66,71,71,71,71,71,71,71,71,71,71,71,71,71,71,71,71,71,71,71,71,49,49,49,49,49,49,49,49,49,49,49,49,49],"card_choices":[{"not_picked":["PiercingWail","Dodge and Roll"],"picked":"Flying Knee","floor":1},{"not_picked":["Crippling Poison","Finisher"],"picked":"All Out Attack","floor":3},{"not_picked":["Blur","Bane"],"picked":"Sucker Punch","floor":4},{"not_picked":["Acrobatics","Finisher"],"picked":"Adrenaline","floor":7},{"not_picked":["Dagger Spray","Quick Slash"],"picked":"Deadly Poison","floor":10},{"not_picked":["Quick Slash","Well Laid Plans","Eviscerate"],"picked":"SKIP","floor":11},{"not_picked":["Outmaneuver","Riddle With Holes"],"picked":"Catalyst","floor":13},{"not_picked":["Outmaneuver","Sucker Punch"],"picked":"Malaise","floor":14},{"not_picked":["Eviscerate","Quick Slash"],"picked":"Deadly Poison+1","floor":18},{"not_picked":["Infinite Blades","Reflex"],"picked":"Bouncing Flask","floor":21},{"not_picked":["Deadly Poison","Dagger Throw"],"picked":"Dodge and Roll","floor":23},{"not_picked":["Cloak And Dagger","Bane","Poisoned Stab"],"picked":"SKIP","floor":27},{"not_picked":["Distraction","Flying Knee"],"picked":"Tools of the Trade","floor":29},{"not_picked":["Dodge and Roll","Sucker Punch","Quick Slash+1"],"picked":"SKIP","floor":30},{"not_picked":["Dagger Spray","Setup"],"picked":"Cloak And Dagger+1","floor":31}],"player_experience":518854,"relics_obtained":[{"floor":7,"key":"Snake Skull"},{"floor":9,"key":"The Courier"},{"floor":11,"key":"Toy Ornithopter"},{"floor":13,"key":"Bronze Scales"},{"floor":23,"key":"Oddly Smooth Stone"},{"floor":24,"key":"Necronomicon"},{"floor":31,"key":"Red Mask"}],"event_choices":[{"damage_healed":0,"gold_gain":0,"player_choice":"Bought 3 Potions","damage_taken":0,"max_hp_gain":0,"max_hp_loss":0,"event_name":"The Woman in Blue","floor":2,"gold_loss":0},{"damage_healed":0,"gold_gain":30,"player_choice":"Searched \u00272\u0027 times","damage_taken":0,"max_hp_gain":0,"max_hp_loss":0,"event_name":"Dead Adventurer","floor":13,"gold_loss":0},{"damage_healed":0,"gold_gain":0,"player_choice":"Copied","damage_taken":0,"max_hp_gain":0,"max_hp_loss":0,"event_name":"Duplicator","floor":19,"gold_loss":0,"cards_obtained":["Adrenaline"]},{"damage_healed":0,"gold_gain":0,"player_choice":"Became a vampire","damage_taken":0,"max_hp_gain":0,"max_hp_loss":22,"event_name":"Vampires","floor":22,"gold_loss":0,"cards_obtained":["Bite","Bite","Bite","Bite","Bite"]},{"damage_healed":0,"gold_gain":0,"player_choice":"Obtained Book","damage_taken":21,"max_hp_gain":0,"max_hp_loss":0,"event_name":"Cursed Tome","floor":24,"gold_loss":0},{"damage_healed":0,"gold_gain":0,"player_choice":"","damage_taken":6,"max_hp_gain":0,"max_hp_loss":0,"event_name":"Knowing Skull","floor":28,"potions_obtained":[],"gold_loss":0,"cards_obtained":[]},{"damage_healed":0,"gold_gain":0,"player_choice":"Fought Bandits","damage_taken":0,"max_hp_gain":0,"max_hp_loss":0,"event_name":"Masked Bandits","floor":31,"gold_loss":0}],"is_beta":false,"boss_relics":[{"not_picked":["WristBlade","Philosopher\u0027s Stone"],"picked":"Cursed Key"}],"items_purged_floors":[20],"is_endless":false,"potions_floor_spawned":[4,10,13,14,16,18,29,30,31],"killed_by":"Champ","ascension_level":19}}