{"host":"2wfkxmfk74kgfdwc","time":1612976363,"event":{"mods":["BaseMod","Colored Map","Colored Powertips","Minty Spire (QoL Compilation)","Permanent Neow","Quick Restart","Relic Filter Mod","Relic Stats","Reliquary","Spire Arcade","StSLib","óô»ðÖ¸ÄÏ"],"gold_per_floor":[114,114,127,204,219,246,27,27,27,39,58,58,90,103,103,201,201,220,238,53,83,83,83,111,111,157,157,157,192,215,232,232,330,330,347,360,8,22,36,64,77,299,324,340,366,366,223,235,62,62],"floor_reached":51,"language":"ZHS","playtime":1558,"items_purged":["Strike_R","Bash"],"score":1333,"play_id":"6b8bbdea-9f87-497e-8cdc-d40c80974c45","local_time":"20210211005923","is_ascension_mode":true,"campfire_choices":[{"data":"True Grit","floor":8.0,"key":"SMITH"},{"data":"Armaments","floor":12.0,"key":"SMITH"},{"floor":15.0,"key":"REST"},{"data":"Corruption","floor":23.0,"key":"SMITH"},{"data":"Dark Embrace","floor":25.0,"key":"SMITH"},{"data":"Barricade","floor":27.0,"key":"SMITH"},{"data":"Feel No Pain","floor":32.0,"key":"SMITH"}],"circlet_count":0,"master_deck":["Defend_R","Defend_R","Defend_R","Rampage+1","Dark Embrace+1","Armaments+1","Whirlwind+1","Double Tap","True Grit+1","Second Wind","Demon Form","Sentinel+1","Shockwave+1","Feel No Pain+1","Corruption+1","Second Wind","Barricade+1","Shrug It Off","Seeing Red+1","Body Slam+1","Pommel Strike+1","Warcry+1","Warcry+1","Master of Strategy"],"relics":["Burning Blood","reliquary:MedicineBall","reliquary:PartyBalloon","Whetstone","Question Card","Lizard Tail","reliquary:RedCape","Chemical X","Red Mask","Self Forming Clay","Toy Ornithopter","Matryoshka","reliquary:RedPaperclip","reliquary:HotPoker","Bag of Preparation","Lantern","Bag of Marbles","Bottled Flame","Thread and Needle"],"acts_visited":["Exordium","TheCity","TheBeyond"],"potions_floor_usage":[50],"damage_taken":[{"damage":7.0,"enemies":"Jaw Worm","floor":1.0,"turns":3.0},{"damage":6.0,"enemies":"Cultist","floor":3.0,"turns":3.0},{"damage":3.0,"enemies":"2 Louse","floor":5.0,"turns":4.0},{"damage":20.0,"enemies":"3 Sentries","floor":6.0,"turns":4.0},{"damage":13.0,"enemies":"Blue Slaver","floor":10.0,"turns":2.0},{"damage":12.0,"enemies":"Looter","floor":11.0,"turns":4.0},{"damage":16.0,"enemies":"Gremlin Nob","floor":13.0,"turns":4.0},{"damage":3.0,"enemies":"Exordium Thugs","floor":14.0,"turns":4.0},{"damage":41.0,"enemies":"Hexaghost","floor":16.0,"turns":9.0},{"damage":23.0,"enemies":"Shell Parasite","floor":18.0,"turns":4.0},{"damage":10.0,"enemies":"Spheric Guardian","floor":19.0,"turns":4.0},{"damage":0.0,"enemies":"Masked Bandits","floor":21.0,"turns":1.0},{"damage":9.0,"enemies":"Slavers","floor":24.0,"turns":2.0},{"damage":0.0,"enemies":"Gremlin Leader","floor":29.0,"turns":2.0},{"damage":0.0,"enemies":"Shelled Parasite and Fungi","floor":31.0,"turns":2.0},{"damage":0.0,"enemies":"Automaton","floor":33.0,"turns":4.0},{"damage":7,"enemies":"Orb Walker","floor":35,"turns":2},{"damage":3,"enemies":"3 Shapes","floor":36,"turns":2},{"damage":0,"enemies":"Writhing Mass","floor":38,"turns":2},{"damage":0,"enemies":"Jaw Worm Horde","floor":39,"turns":1},{"damage":0,"enemies":"Reptomancer","floor":40,"turns":2},{"damage":0,"enemies":"4 Shapes","floor":41,"turns":2},{"damage":0,"enemies":"Sphere and 2 Shapes","floor":44,"turns":2},{"damage":0,"enemies":"Giant Head","floor":45,"turns":1},{"damage":1,"enemies":"Maw","floor":48,"turns":4},{"damage":0,"enemies":"Donu and Deca","floor":50,"turns":1}],"seed_played":"8443285376905642217","potions_obtained":[{"floor":3.0,"key":"CultistPotion"},{"floor":10.0,"key":"BloodPotion"},{"floor":13.0,"key":"ColorlessPotion"},{"floor":18.0,"key":"Strength Potion"},{"floor":24.0,"key":"PowerPotion"},{"floor":33.0,"key":"Block Potion"}],"is_trial":false,"path_per_floor":["M","?","M","T","M","E","$","R","T","M","M","R","E","M","R","B",null,"M","M","$","?","?","R","E","R","T","R","?","E","T","M","R","B",null,"M","M","$","M","M","E","M","?","T","M","E","?","$","M","R","B",null],"character_chosen":"IRONCLAD","items_purchased":["Whetstone","Chemical X","Feel No Pain","reliquary:HotPoker","reliquary:FerryPass","Master of Strategy"],"campfire_rested":1,"item_purchase_floors":[7,20,20,37,47,49],"current_hp_per_floor":[71,71,71,71,72,58,58,58,58,51,45,45,35,38,59,24,60,43,39,39,45,45,45,42,42,42,42,42,48,48,54,54,65,70,69,72,72,72,72,72,72,72,72,72,72,72,72,72,72,72],"gold":62,"neow_bonus":"TRANSFORM_TWO_CARDS","is_daily":false,"chose_seed":false,"campfire_upgraded":6,"win_rate":0.0,"timestamp":1612976363,"path_taken":["M","?","?","?","M","E","$","R","T","M","?","R","E","M","R","BOSS","M","M","$","?","?","R","E","R","T","R","?","E","?","M","R","BOSS","M","M","$","M","M","E","M","?","T","M","E","?","$","M","R","BOSS"],"items_purchased_type":["Relic","Relic","Card","Relic","Relic","Card"],"build_version":"2020-12-22","purchased_purges":2,"victory":true,"max_hp_per_floor":[72,72,72,72,72,72,72,72,72,72,72,72,72,72,72,72,72,72,72,72,72,72,72,72,72,72,72,72,72,72,72,72,72,72,72,72,72,72,72,72,72,72,72,72,72,72,72,72,72,72],"relic_stats":{"Lizard Tail":0,"counters":[26,75],"Self Forming Clay":[9],"Bag of Preparation":[10],"Whetstone":["Rampage","Whirlwind"],"Chemical X":[28],"Question Card":21,"obtain_stats":[{"Lantern":43,"reliquary:PartyBalloon":6,"Self Forming Clay":24,"Thread and Needle":48,"Pen Nib":30,"Omamori":30,"Bag of Preparation":40,"Whetstone":7,"reliquary:RedCape":17,"Question Card":9,"Burning Blood":0,"reliquary:FerryPass":47,"Lizard Tail":13,"reliquary:HotPoker":37,"Bottled Flame":45,"Matryoshka":29,"reliquary:RedPaperclip":34,"reliquary:MedicineBall":4,"Red Mask":21,"Bag of Marbles":43,"Chemical X":20,"Toy Ornithopter":26},{"Lantern":22,"reliquary:PartyBalloon":4,"Self Forming Clay":13,"Thread and Needle":25,"Pen Nib":14,"Omamori":14,"Bag of Preparation":21,"Whetstone":4,"reliquary:RedCape":9,"Question Card":4,"Burning Blood":0,"reliquary:FerryPass":24,"Lizard Tail":7,"reliquary:HotPoker":18,"Bottled Flame":24,"Matryoshka":14,"reliquary:RedPaperclip":16,"reliquary:MedicineBall":2,"Red Mask":12,"Bag of Marbles":22,"Chemical X":11,"Toy Ornithopter":13},{"Lantern":67,"reliquary:PartyBalloon":14,"Self Forming Clay":48,"Thread and Needle":74,"Pen Nib":50,"Omamori":50,"Bag of Preparation":65,"Whetstone":14,"reliquary:RedCape":37,"Question Card":14,"Burning Blood":0,"reliquary:FerryPass":70,"Lizard Tail":24,"reliquary:HotPoker":60,"Bottled Flame":70,"Matryoshka":50,"reliquary:RedPaperclip":56,"reliquary:MedicineBall":6,"Red Mask":46,"Bag of Marbles":67,"Chemical X":45,"Toy Ornithopter":48}],"Burning Blood":107,"Toy Ornithopter":5},"card_choices":[{"not_picked":["Thunderclap","Perfected Strike"],"picked":"Armaments","floor":1.0},{"not_picked":["Clothesline","Dropkick"],"picked":"True Grit","floor":3.0},{"not_picked":["Headbutt","Entrench","Body Slam"],"picked":"SKIP","floor":5.0},{"not_picked":["Twin Strike","Headbutt","Disarm"],"picked":"SKIP","floor":6.0},{"not_picked":["Iron Wave","Hemokinesis","True Grit"],"picked":"Second Wind","floor":10.0},{"not_picked":["Thunderclap","Anger","Bludgeon","Iron Wave"],"picked":"SKIP","floor":11.0},{"not_picked":["Iron Wave","Thunderclap","Dual Wield","Pommel Strike"],"picked":"SKIP","floor":13.0},{"not_picked":["Anger","Armaments","Iron Wave","Pommel Strike"],"picked":"SKIP","floor":14.0},{"not_picked":["Exhume","Double Tap","Corruption"],"picked":"Demon Form","floor":16.0},{"not_picked":["Second Wind+1","Flex+1","Carnage+1"],"picked":"Sentinel+1","floor":18.0},{"not_picked":["Armaments","True Grit","Dropkick+1"],"picked":"Shockwave+1","floor":19.0},{"not_picked":["Shrug It Off+1","Clothesline","Fire Breathing"],"picked":"Corruption","floor":21.0},{"not_picked":["Wild Strike","Iron Wave","Shockwave+1","Thunderclap"],"picked":"SKIP","floor":24.0},{"not_picked":["Combust","Sword Boomerang+1","Cleave"],"picked":"Shrug It Off","floor":29.0},{"not_picked":["Anger","Pummel","Twin Strike","Fire Breathing+1"],"picked":"SKIP","floor":31.0},{"not_picked":["Twin Strike+1","Anger+1","Body Slam"],"picked":"Seeing Red+1","floor":35},{"not_picked":["Pommel Strike","Iron Wave+1","Carnage+1"],"picked":"Body Slam+1","floor":36},{"not_picked":["Sword Boomerang","Searing Blow+1","Clash","Body Slam"],"picked":"SKIP","floor":38},{"not_picked":["Clash+1","Shockwave+1","Reckless Charge","Second Wind"],"picked":"SKIP","floor":39},{"not_picked":["Carnage+1","Fire Breathing","Clothesline","Reckless Charge"],"picked":"SKIP","floor":40},{"not_picked":["Iron Wave","Perfected Strike","Dual Wield","Reaper"],"picked":"SKIP","floor":41},{"not_picked":["Sentinel","Shockwave+1","Havoc+1"],"picked":"Pommel Strike+1","floor":44},{"not_picked":["Infernal Blade+1","Clash+1","Wild Strike+1"],"picked":"Warcry+1","floor":45},{"not_picked":["Perfected Strike","Heavy Blade","Shrug It Off"],"picked":"Warcry+1","floor":48}],"player_experience":18439,"relics_obtained":[{"floor":4.0,"key":"reliquary:MedicineBall"},{"floor":6.0,"key":"reliquary:PartyBalloon"},{"floor":9.0,"key":"Question Card"},{"floor":13.0,"key":"Lizard Tail"},{"floor":21.0,"key":"Red Mask"},{"floor":24.0,"key":"Self Forming Clay"},{"floor":26.0,"key":"Toy Ornithopter"},{"floor":29.0,"key":"Matryoshka"},{"floor":30.0,"key":"Omamori"},{"floor":30.0,"key":"Pen Nib"},{"floor":40,"key":"Bag of Preparation"},{"floor":43,"key":"Lantern"},{"floor":43,"key":"Bag of Marbles"},{"floor":45,"key":"Bottled Flame"},{"floor":48,"key":"Thread and Needle"}],"event_choices":[{"damage_healed":0.0,"max_hp_gain":0.0,"max_hp_loss":0.0,"gold_gain":0.0,"event_name":"Match and Keep!","player_choice":"2 cards matched","floor":2.0,"gold_loss":0.0,"damage_taken":0.0,"cards_obtained":["Whirlwind","Double Tap"]},{"damage_healed":0.0,"max_hp_gain":0.0,"max_hp_loss":0.0,"gold_gain":0.0,"event_name":"Masked Bandits","player_choice":"Fought Bandits","floor":21.0,"gold_loss":0.0,"damage_taken":0.0},{"damage_healed":0.0,"max_hp_gain":0.0,"max_hp_loss":0.0,"gold_gain":0.0,"cards_transformed":["Strike_R","Strike_R"],"event_name":"Drug Dealer","player_choice":"Became Test Subject","floor":22.0,"gold_loss":0.0,"damage_taken":0.0,"cards_obtained":["Second Wind","Barricade"]},{"damage_healed":0.0,"max_hp_gain":0.0,"max_hp_loss":0.0,"gold_gain":0.0,"event_name":"Vampires","player_choice":"Ignored","floor":28.0,"gold_loss":0.0,"damage_taken":0.0},{"damage_healed":0,"gold_gain":222,"player_choice":"Wore Mask","damage_taken":0,"max_hp_gain":0,"max_hp_loss":0,"event_name":"Tomb of Lord Red Mask","floor":42,"gold_loss":0},{"cards_removed":["Defend_R"],"damage_healed":0,"gold_gain":0,"player_choice":"Removed Skill","damage_taken":0,"max_hp_gain":0,"max_hp_loss":0,"event_name":"Falling","floor":46,"gold_loss":0}],"is_beta":false,"boss_relics":[{"not_picked":["Sozu","SlaversCollar"],"picked":"reliquary:RedCape"},{"not_picked":["Velvet Choker","Cursed Key"],"picked":"reliquary:RedPaperclip"}],"items_purged_floors":[7,37],"is_endless":false,"potions_floor_spawned":[3,10,13,18,24,33,35,40,41,45],"ascension_level":7}}