{"host":"6qo42zgaknezulyg","time":1612961456,"event":{"mods":["2.2 Compatiblity","BaseMod","Colored Map","Faster Ascension Climbing","Highlight Path","Keyboard Shortcuts","Minty Spire (QoL Compilation)","Permanent Neow","Quick Restart","StSLib","SuperFastMode","The Administrix"],"gold_per_floor":[14,14,30,42,56,89,105,105,181,197,197,227,249,268,268,342,342,354,367,367,382,454,454,487,487,511,10,10,10,26,38,38,111,111,122,122,122,47,102,134,151,178,178,178,178,178,189,207,207,207,207],"floor_reached":52,"language":"ENG","playtime":4374,"items_purged":["AdministrixMod:Strike_Administrix"],"score":1984,"play_id":"9d9a63d2-1d32-47d7-b7b4-34e0ede40a16","local_time":"20210210215056","is_ascension_mode":true,"campfire_choices":[{"data":"AdministrixMod:AmassedMasks","floor":8.0,"key":"SMITH"},{"data":"AdministrixMod:ReachToHeaven","floor":11.0,"key":"SMITH"},{"data":"AdministrixMod:NewbornDivinity","floor":15.0,"key":"SMITH"},{"floor":23.0,"key":"REST"},{"floor":29.0,"key":"REST"},{"data":"AdministrixMod:FearOfDeath","floor":32.0,"key":"SMITH"},{"floor":44.0,"key":"REST"},{"data":"AdministrixMod:UnstableVigor","floor":49.0,"key":"SMITH"}],"circlet_count":0,"master_deck":["AscendersBane","AdministrixMod:RedCloak","AdministrixMod:Defend_Administrix","AdministrixMod:Defend_Administrix","AdministrixMod:BlueCloak","AdministrixMod:AmassedMasks+1","AdministrixMod:CenturiesAscent","AdministrixMod:RisingSunPrince","AdministrixMod:UnstableVigor+1","AdministrixMod:FiendishCrimson","AdministrixMod:ReachToHeaven+1","AdministrixMod:NewbornDivinity+1","AdministrixMod:GirlsDoItBetter+1","AdministrixMod:PlateOfAntiquity+1","AdministrixMod:FearOfDeath+1","AdministrixMod:BishamonBlessing","AdministrixMod:ChooseYourEnd+1"],"relics":["AdministrixMod:ConductorRitualBaton","Tiny Chest","Singing Bowl","AdministrixMod:KeyOfKings","Odd Mushroom","AdministrixMod:ElixirOfImmorality","White Beast Statue","AdministrixMod:CrackedTaijitu","Boot","HandDrill","Torii","Busted Crown","AdministrixMod:AbandonedRose","Mango","Bottled Lightning","Oddly Smooth Stone","Darkstone Periapt","Pantograph"],"acts_visited":["Exordium","TheCity","TheBeyond"],"potions_floor_usage":[],"damage_taken":[{"damage":0.0,"enemies":"Small Slimes","floor":1.0,"turns":2.0},{"damage":1.0,"enemies":"Cultist","floor":3.0,"turns":1.0},{"damage":0.0,"enemies":"2 Louse","floor":4.0,"turns":2.0},{"damage":2.0,"enemies":"Looter","floor":5.0,"turns":2.0},{"damage":6.0,"enemies":"Gremlin Nob","floor":6.0,"turns":3.0},{"damage":7.0,"enemies":"Exordium Thugs","floor":7.0,"turns":3.0},{"damage":2.0,"enemies":"Large Slime","floor":10.0,"turns":2.0},{"damage":28.0,"enemies":"Lagavulin","floor":12.0,"turns":5.0},{"damage":4.0,"enemies":"The Mushroom Lair","floor":13.0,"turns":3.0},{"damage":1.0,"enemies":"Blue Slaver","floor":14.0,"turns":3.0},{"damage":2.0,"enemies":"Slime Boss","floor":16.0,"turns":2.0},{"damage":12.0,"enemies":"Chosen","floor":18.0,"turns":3.0},{"damage":26.0,"enemies":"2 Thieves","floor":19.0,"turns":3.0},{"damage":2.0,"enemies":"3 Cultists","floor":21.0,"turns":3.0},{"damage":24.0,"enemies":"Slavers","floor":24.0,"turns":4.0},{"damage":0.0,"enemies":"Shelled Parasite and Fungi","floor":30.0,"turns":2.0},{"damage":12.0,"enemies":"Centurion and Healer","floor":31.0,"turns":5.0},{"damage":17.0,"enemies":"Collector","floor":33.0,"turns":7.0},{"damage":0.0,"enemies":"3 Darklings","floor":35.0,"turns":2.0},{"damage":12.0,"enemies":"2 Orb Walkers","floor":39.0,"turns":3.0},{"damage":4.0,"enemies":"Giant Head","floor":40.0,"turns":7.0},{"damage":0.0,"enemies":"3 Shapes","floor":41.0,"turns":2.0},{"damage":20.0,"enemies":"Nemesis","floor":42.0,"turns":3.0},{"damage":0.0,"enemies":"Transient","floor":47.0,"turns":6.0},{"damage":8.0,"enemies":"Maw","floor":48.0,"turns":5.0},{"damage":46,"enemies":"Donu and Deca","floor":50,"turns":6},{"damage":20,"enemies":"Time Eater","floor":51,"turns":10}],"seed_played":"-5797042099370574461","potions_obtained":[{"floor":1.0,"key":"Explosive Potion"},{"floor":5.0,"key":"SmokeBomb"},{"floor":12.0,"key":"FearPotion"},{"floor":24.0,"key":"Fire Potion"},{"floor":30.0,"key":"SteroidPotion"}],"is_trial":false,"path_per_floor":["M","?","M","M","M","E","M","R","T","M","R","E","?","M","R","B",null,"M","M","?","M","T","R","E","?","T","$","$","R","M","M","R","B",null,"M","T","?","$","?","E","M","E","T","R","?","T","M","M","R","B","B",null],"character_chosen":"TheAdministrix","items_purchased":["HandDrill","Torii"],"campfire_rested":3,"item_purchase_floors":[27,27],"current_hp_per_floor":[55,55,54,54,56,54,51,51,51,53,53,29,31,36,36,34,57,47,25,25,23,23,43,19,19,19,19,19,39,41,33,33,22,59,65,65,65,65,76,74,76,58,58,86,86,86,95,89,89,60,72],"gold":207,"neow_bonus":"TRANSFORM_TWO_CARDS","is_daily":false,"chose_seed":false,"campfire_upgraded":5,"win_rate":0.0,"timestamp":1612961456,"path_taken":["M","?","M","M","M","E","M","R","T","?","R","E","?","M","R","BOSS","M","M","?","M","?","R","E","?","T","$","?","R","?","M","R","BOSS","M","?","?","$","?","E","M","E","T","R","?","?","M","?","R","BOSS","BOSS"],"items_purchased_type":["Relic","Relic"],"build_version":"2020-12-22","purchased_purges":1,"victory":true,"max_hp_per_floor":[61,61,61,61,61,61,61,61,61,61,61,61,63,65,65,65,65,67,67,67,67,67,67,67,67,67,67,67,67,69,69,69,71,71,73,73,73,73,89,91,93,95,95,95,95,95,97,99,99,99,99],"card_choices":[{"not_picked":["AdministrixMod:SyncreticSurge","AdministrixMod:ImmortalPurity"],"picked":"AdministrixMod:RisingSunPrince","floor":1.0},{"not_picked":["AdministrixMod:JustRewards","AdministrixMod:RegentEdict","AdministrixMod:PassageOfAges"],"picked":"SKIP","floor":3.0},{"not_picked":["AdministrixMod:RebukeDesires","AdministrixMod:FuneraryRites"],"picked":"AdministrixMod:FiendishCrimson","floor":4.0},{"not_picked":["AdministrixMod:ShadowPlay","AdministrixMod:PlateOfAntiquity","AdministrixMod:TouchOfCinnabar"],"picked":"SKIP","floor":5.0},{"not_picked":["AdministrixMod:WifeLightning","AdministrixMod:PlateOfAntiquity","AdministrixMod:JustRewards"],"picked":"SKIP","floor":6.0},{"not_picked":["AdministrixMod:RebukeDesires","AdministrixMod:TouchOfCinnabar","AdministrixMod:CenturiesAscent"],"picked":"SKIP","floor":7.0},{"not_picked":["AdministrixMod:RebukeDesires","AdministrixMod:TouchOfCinnabar","AdministrixMod:CenturiesAscent"],"picked":"SKIP","floor":7.0},{"not_picked":["AdministrixMod:NoblePath","AdministrixMod:PassageOfAges"],"picked":"AdministrixMod:ReachToHeaven","floor":10.0},{"not_picked":["AdministrixMod:RegentEdict","AdministrixMod:PassageOfAges"],"picked":"AdministrixMod:NewbornDivinity","floor":12.0},{"not_picked":["AdministrixMod:Transition","AdministrixMod:SyncreticPlunge","AdministrixMod:LightOfYourLife"],"picked":"Singing Bowl","floor":13.0},{"not_picked":["AdministrixMod:TrickOfTheLight","AdministrixMod:SealAway","AdministrixMod:PlateOfAntiquity"],"picked":"Singing Bowl","floor":14.0},{"not_picked":["AdministrixMod:CosmosControl","AdministrixMod:StarSwordSoul"],"picked":"AdministrixMod:GirlsDoItBetter","floor":16.0},{"not_picked":["AdministrixMod:ImmortalPurity","AdministrixMod:FiendishCrimson+1","AdministrixMod:FuneraryRites"],"picked":"Singing Bowl","floor":18.0},{"not_picked":["AdministrixMod:QuietConspiracy","AdministrixMod:ExtolVirtue"],"picked":"AdministrixMod:PlateOfAntiquity+1","floor":19.0},{"not_picked":["AdministrixMod:LightOfYourLife","AdministrixMod:TrickOfTheLight"],"picked":"AdministrixMod:FearOfDeath","floor":21.0},{"not_picked":["AdministrixMod:CenturiesAscent","AdministrixMod:BegetEternity"],"picked":"AdministrixMod:BishamonBlessing","floor":24.0},{"not_picked":["AdministrixMod:TrickOfTheLight","AdministrixMod:ImmortalPurity","AdministrixMod:ImmortalGrace"],"picked":"Singing Bowl","floor":30.0},{"not_picked":["AdministrixMod:TouchOfCinnabar","AdministrixMod:NewWardrobe"],"picked":"AdministrixMod:ChooseYourEnd+1","floor":31.0},{"not_picked":["AdministrixMod:GirlsDoItBetter","AdministrixMod:HaveItAll","AdministrixMod:Schism"],"picked":"Singing Bowl","floor":33.0},{"not_picked":["AdministrixMod:CrackingPangu"],"picked":"Singing Bowl","floor":35.0},{"not_picked":["AdministrixMod:PlateOfAntiquity+1"],"picked":"Singing Bowl","floor":39.0},{"not_picked":["AdministrixMod:ImmortalPurity+1"],"picked":"Singing Bowl","floor":40.0},{"not_picked":["AdministrixMod:TrickOfTheLight+1"],"picked":"Singing Bowl","floor":41.0},{"not_picked":["AdministrixMod:TouchOfCinnabar+1"],"picked":"Singing Bowl","floor":42.0},{"not_picked":["AdministrixMod:PlateOfAntiquity"],"picked":"Singing Bowl","floor":47.0},{"not_picked":["AdministrixMod:TrickOfTheLight"],"picked":"Singing Bowl","floor":48.0}],"player_experience":729659,"relics_obtained":[{"floor":6.0,"key":"Tiny Chest"},{"floor":9.0,"key":"Singing Bowl"},{"floor":12.0,"key":"AdministrixMod:KeyOfKings"},{"floor":13.0,"key":"Odd Mushroom"},{"floor":22.0,"key":"White Beast Statue"},{"floor":24.0,"key":"AdministrixMod:CrackedTaijitu"},{"floor":26.0,"key":"Boot"},{"floor":36.0,"key":"AdministrixMod:AbandonedRose"},{"floor":39.0,"key":"Mango"},{"floor":40.0,"key":"Bottled Lightning"},{"floor":42.0,"key":"Oddly Smooth Stone"},{"floor":43.0,"key":"Darkstone Periapt"},{"floor":46.0,"key":"Pantograph"}],"event_choices":[{"damage_healed":0.0,"max_hp_gain":0.0,"max_hp_loss":0.0,"gold_gain":0.0,"cards_transformed":["AdministrixMod:Defend_Administrix"],"event_name":"Transmorgrifier","player_choice":"Transformed","floor":2.0,"gold_loss":0.0,"damage_taken":0.0,"cards_obtained":["AdministrixMod:UnstableVigor"]},{"damage_healed":0.0,"max_hp_gain":0.0,"max_hp_loss":0.0,"gold_gain":0.0,"event_name":"Mushrooms","player_choice":"Fought Mushrooms","floor":13.0,"gold_loss":0.0,"damage_taken":0.0},{"damage_healed":0.0,"max_hp_gain":0.0,"max_hp_loss":0.0,"gold_gain":0.0,"event_name":"Upgrade Shrine","player_choice":"Upgraded","floor":20.0,"gold_loss":0.0,"damage_taken":0.0,"cards_upgraded":["AdministrixMod:GirlsDoItBetter"]},{"cards_removed":["AdministrixMod:Strike_Administrix"],"damage_healed":0.0,"max_hp_gain":0.0,"max_hp_loss":0.0,"gold_gain":0.0,"event_name":"Back to Basics","player_choice":"Elegance","floor":25.0,"gold_loss":0.0,"damage_taken":0.0},{"damage_healed":0.0,"max_hp_gain":0.0,"max_hp_loss":0.0,"gold_gain":0.0,"event_name":"Tomb of Lord Red Mask","player_choice":"Ignored","floor":37.0,"gold_loss":0.0,"damage_taken":0.0},{"damage_healed":0.0,"max_hp_gain":0.0,"max_hp_loss":0.0,"gold_gain":0.0,"event_name":"Mysterious Sphere","player_choice":"Fight","floor":39.0,"gold_loss":0.0,"damage_taken":0.0},{"cards_removed":["AdministrixMod:Defend_Administrix"],"damage_healed":0.0,"max_hp_gain":0.0,"max_hp_loss":0.0,"gold_gain":0.0,"event_name":"Falling","player_choice":"Removed Skill","floor":45.0,"gold_loss":0.0,"damage_taken":0.0}],"is_beta":false,"boss_relics":[{"not_picked":["Pandora\u0027s Box","Runic Pyramid"],"picked":"AdministrixMod:ElixirOfImmorality"},{"not_picked":["Empty Cage","Calling Bell"],"picked":"Busted Crown"}],"items_purged_floors":[38],"is_endless":false,"potions_floor_spawned":[1,5,12,13,24,30,31,33,35,39,40,41,42,47,48],"ascension_level":20}}