{"host":"0cnf9zf1gia27zti","time":1612986617,"event":{"mods":["BaseMod","Better Third Choice","BetterRewards","Card Forge","ChefMod","Colored Map","Colored Powertips","Conspire","Downfall","Googly Eyes","Infinite Spire","Minty Spire (QoL Compilation)","Practice Mode","Quick Restart","Replay The Spire","Shade Mod","Spicy Shops","StSLib","The Marked"],"gold_per_floor":[115,115,134,134,7,35,35,50,50,50,85,105,137,150,150,229,229,243,257,92,92,20,20,45,64,64,83,101,132,143,143,143,222,222,235,285,335,354,165,196,256,270,270,305,355,371,455,557,557,557],"floor_reached":51,"language":"ENG","playtime":20969,"items_purged":[],"score":2296,"play_id":"c3e35251-cc62-4127-873a-b05f68bdc651","local_time":"20210210195017","is_ascension_mode":true,"campfire_choices":[{"floor":15,"key":"DIG"},{"data":"Accuracy","floor":23,"key":"SMITH"},{"data":"A Thousand Cuts","floor":32,"key":"SMITH"},{"data":"Footwork","floor":49,"key":"SMITH"}],"circlet_count":0,"master_deck":["AscendersBane","conspire:GhostlyDefend","Survivor","Neutralize+1","Slice+1","Finisher+1","Infinite Blades+1","Blur","Dagger Throw+1","Cloak And Dagger","ReplayTheSpireMod:Scrap Shanks+1","Blade Dance","Skewer+1","After Image+1","Slice+1","Backflip+1","Riddle With Holes+1","Storm of Steel+1","Accuracy+1","Quick Slash+1","Blade Dance","Dagger Throw+1","After Image+1","conspire:DoublingDagger","Calculated Gamble","A Thousand Cuts+1","After Image+1","Madness+1","Madness+1","Finisher+1","Footwork+1","Footwork","Dagger Throw+1","ReplayTheSpireMod:Speed Training+1","Blade Dance"],"relics":["Ring of the Snake","Hammer of Thor","Seething Fire","Anvil of the Gods","ReplayTheSpireMod:Shallot","ReplayTheSpireMod:Ninjato","Molten Egg 2","infinitespire:BottledMercury","Toolbox","Vampiric Spirits","StoneCalendar","Byrd Skull","infinitespire:Beetle Shell","conspire:TopHat","Black Star","Membership Card","Replay:Baseball","DollysMirror","Bottled Flame","Nunchaku","conspire:Dentures","Dream Catcher","Pantograph","SsserpentHead","HoveringKite","Iron Hammer","Replay:Bottled Steam","infinitespire:Broken Mirror","HornCleat","Simple Rune","Strawberry","Blue Candle","infinitespire:Midas Blood","Gambling Chip"],"acts_visited":["Exordium","TheCity","TheBeyond"],"potions_floor_usage":[16,28,44,47,47],"damage_taken":[{"damage":0,"enemies":"Cultist","floor":1,"turns":2},{"damage":0,"enemies":"Jaw Worm","floor":3,"turns":3},{"damage":13,"enemies":"3 Sentries","floor":6,"turns":5},{"damage":0,"enemies":"2 Louse","floor":8,"turns":3},{"damage":0,"enemies":"Gremlin Nob","floor":11,"turns":3},{"damage":0,"enemies":"Exordium Thugs","floor":12,"turns":3},{"damage":0,"enemies":"3 Sentries","floor":13,"turns":3},{"damage":0,"enemies":"Looter","floor":14,"turns":1},{"damage":0,"enemies":"Slime Boss","floor":16,"turns":3},{"damage":0,"enemies":"Shell Parasite","floor":18,"turns":1},{"damage":0,"enemies":"3 Byrds","floor":19,"turns":2},{"damage":0,"enemies":"Book of Stabbing","floor":24,"turns":3},{"damage":0,"enemies":"Snake Plant","floor":25,"turns":2},{"damage":0,"enemies":"Centurion and Healer","floor":27,"turns":3},{"damage":0,"enemies":"Shelled Parasite and Fungi","floor":28,"turns":2},{"damage":0,"enemies":"Slavers","floor":29,"turns":3},{"damage":0,"enemies":"Cultist and Chosen","floor":30,"turns":2},{"damage":0,"enemies":"Champ","floor":33,"turns":7},{"damage":0,"enemies":"3 Shapes","floor":35,"turns":2},{"damage":0,"enemies":"Orb Walker","floor":38,"turns":2},{"damage":0,"enemies":"Reptomancer","floor":40,"turns":3},{"damage":1,"enemies":"Jaw Worm Horde","floor":41,"turns":2},{"damage":0,"enemies":"3 Darklings","floor":42,"turns":1},{"damage":0,"enemies":"R_Hoarder","floor":44,"turns":5},{"damage":0,"enemies":"4 Shapes","floor":46,"turns":2},{"damage":0,"enemies":"conspire:MimicChest","floor":47,"turns":2},{"damage":0,"enemies":"2 Orb Walkers","floor":48,"turns":2},{"damage":0,"enemies":"infinitespire:MassOfShapes","floor":50,"turns":6}],"seed_played":"4711671154710349627","potions_obtained":[{"floor":3,"key":"bronze:BurnAndBuffPotion"},{"floor":11,"key":"Poison Potion"},{"floor":12,"key":"ColorlessPotion"},{"floor":14,"key":"Flashbang"},{"floor":24,"key":"PowerPotion"},{"floor":28,"key":"LiquidMemories"}],"is_trial":false,"path_per_floor":["M","?","M","?","$","E","?","M","T","$","E","M","E","M","R_BF","B",null,"M","M","$","?","$","R","E","M","T","M","M","E","M","?","R","B",null,"M","?","?","M","$","E","M","M","T","E","?","M","?","?","R","B",null],"character_chosen":"THE_SILENT","items_purchased":["ReplayTheSpireMod:Shallot","ReplayTheSpireMod:Ninjato","Slice","Finisher","Molten Egg 2","Infinite Blades","infinitespire:BottledMercury","Blur","Toolbox","Dagger Throw+1","Blade Dance","Skewer+1","Membership Card","Replay:Baseball","Dagger Throw+1","DollysMirror","Finisher+1","Footwork","Iron Hammer"],"campfire_rested":0,"item_purchase_floors":[0,0,0,0,0,0,0,0,0,0,5,5,20,20,20,22,39,39,39],"current_hp_per_floor":[59,64,64,64,64,51,51,55,55,55,59,64,71,71,71,71,71,71,71,71,71,71,71,71,71,71,71,71,71,71,71,71,71,71,71,62,62,71,71,71,70,71,71,78,73,78,78,78,78,78],"gold":557,"neow_bonus":"","is_daily":false,"chose_seed":false,"campfire_upgraded":3,"win_rate":0.0,"timestamp":1612986617,"path_taken":["M","?","M","?","$","E","?","M","T","$","E","?","E","M","R_BF","BOSS","M","M","$","?","$","R","E","M","T","M","?","E","?","?","R","BOSS","M","?","?","M","$","E","?","M","T","E","?","M","?","?","R","BOSS"],"items_purchased_type":["Relic","Relic","Card","Card","Relic","Card","Relic","Card","Relic","Card","Card","Card","Relic","Relic","Card","Relic","Card","Card","Relic"],"build_version":"2020-12-22","purchased_purges":0,"victory":true,"max_hp_per_floor":[66,71,71,71,71,71,71,71,71,71,71,71,71,71,71,71,71,71,71,71,71,71,71,71,71,71,71,71,71,71,71,71,71,71,71,71,71,71,71,71,71,71,71,78,78,78,78,78,78,78],"card_choices":[{"not_picked":["Deflect","Prepared"],"picked":"Cloak And Dagger","floor":1},{"not_picked":["Hidden Blade","Underhanded Strike+1"],"picked":"ReplayTheSpireMod:Scrap Shanks","floor":3},{"not_picked":["Concentrate","Flying Knee+1"],"picked":"After Image","floor":6},{"not_picked":["Dagger Spray+1","ReplayTheSpireMod:Tripwire"],"picked":"Slice+1","floor":8},{"not_picked":["Slice+1","Bane+1"],"picked":"Backflip","floor":11},{"not_picked":["Toxin Wave","Slice+1"],"picked":"Riddle With Holes+1","floor":12},{"not_picked":["Predator+1","Expertise","Masterful Stab+1"],"picked":"SKIP","floor":13},{"not_picked":["Catalyst","Concentrate","ReplayTheSpireMod:Shiv Toss"],"picked":"SKIP","floor":14},{"not_picked":["A Thousand Cuts","Unload+1"],"picked":"Storm of Steel","floor":16},{"not_picked":["Poisoned Stab+1","Deadly Poison"],"picked":"Quick Slash+1","floor":18},{"not_picked":["Quick Slash+1","Eviscerate+1"],"picked":"Blade Dance","floor":19},{"not_picked":["Masterful Stab+1","All Out Attack+1"],"picked":"conspire:DoublingDagger","floor":24},{"not_picked":["Endless Agony+1","Deflect","Bane+1"],"picked":"SKIP","floor":25},{"not_picked":["Cloak And Dagger","Dodge and Roll","ReplayTheSpireMod:The Works"],"picked":"SKIP","floor":27},{"not_picked":["Backflip","PiercingWail","Distraction"],"picked":"SKIP","floor":28},{"not_picked":["Deadly Poison+1","Acrobatics"],"picked":"Calculated Gamble","floor":29},{"not_picked":["Bouncing Flask","Draining Mist"],"picked":"A Thousand Cuts","floor":30},{"not_picked":["Burst","Malaise"],"picked":"After Image","floor":33},{"not_picked":["PiercingWail","ReplayTheSpireMod:Shiv Toss","Fluid Movement+1"],"picked":"SKIP","floor":35},{"not_picked":["Sucker Punch+1","Hidden Blade","conspire:PoisonWeapons"],"picked":"SKIP","floor":38},{"not_picked":["Dodge and Roll","Blur+1"],"picked":"Footwork","floor":40},{"not_picked":["Acrobatics+1","Tactician","Slice+1"],"picked":"SKIP","floor":41},{"not_picked":["Deadly Poison+1","Slice+1"],"picked":"Dagger Throw+1","floor":42},{"not_picked":["ReplayTheSpireMod:Tripwire","Quick Slash+1"],"picked":"ReplayTheSpireMod:Speed Training","floor":44},{"not_picked":["Deflect","Deadly Poison","ReplayTheSpireMod:Necrosis"],"picked":"SKIP","floor":46},{"not_picked":["Fluid Movement+1","ReplayTheSpireMod:The Works"],"picked":"Blade Dance","floor":48}],"player_experience":3773477,"relics_obtained":[{"floor":6,"key":"Vampiric Spirits"},{"floor":9,"key":"StoneCalendar"},{"floor":11,"key":"Byrd Skull"},{"floor":13,"key":"infinitespire:Beetle Shell"},{"floor":15,"key":"conspire:TopHat"},{"floor":24,"key":"Bottled Flame"},{"floor":24,"key":"Nunchaku"},{"floor":26,"key":"conspire:Dentures"},{"floor":29,"key":"Dream Catcher"},{"floor":29,"key":"Pantograph"},{"floor":40,"key":"Replay:Bottled Steam"},{"floor":40,"key":"infinitespire:Broken Mirror"},{"floor":43,"key":"HornCleat"},{"floor":44,"key":"Simple Rune"},{"floor":44,"key":"Strawberry"},{"floor":47,"key":"infinitespire:Midas Blood"},{"floor":48,"key":"Gambling Chip"}],"event_choices":[{"damage_healed":0,"gold_gain":0,"player_choice":"Donut","damage_taken":0,"max_hp_gain":5,"max_hp_loss":0,"event_name":"Big Fish","floor":2,"gold_loss":0},{"cards_removed":["Defend_G"],"damage_healed":0,"gold_gain":0,"player_choice":"Forget","damage_taken":0,"max_hp_gain":0,"max_hp_loss":0,"event_name":"Living Wall","floor":4,"gold_loss":0},{"damage_healed":0,"gold_gain":0,"player_choice":"Agree","damage_taken":0,"max_hp_gain":0,"max_hp_loss":0,"event_name":"conspire:LoneGhost","floor":7,"gold_loss":0},{"cards_removed":["conspire:GhostlyDefend"],"damage_healed":0,"gold_gain":0,"player_choice":"Purged","damage_taken":0,"max_hp_gain":0,"max_hp_loss":0,"event_name":"Purifier","floor":21,"gold_loss":0},{"damage_healed":0,"gold_gain":0,"player_choice":"Trade","damage_taken":0,"relics_obtained":["SsserpentHead"],"max_hp_gain":0,"max_hp_loss":0,"event_name":"FaceTrader","floor":31,"gold_loss":0},{"damage_healed":0,"gold_gain":0,"player_choice":"Embrace Madness","damage_taken":9,"max_hp_gain":0,"max_hp_loss":0,"event_name":"Winding Halls","floor":36,"gold_loss":0,"cards_obtained":["Madness","Madness"]},{"damage_healed":0,"gold_gain":0,"player_choice":"Forge","damage_taken":0,"max_hp_gain":0,"max_hp_loss":0,"event_name":"Accursed Blacksmith","floor":37,"gold_loss":0,"cards_upgraded":["After Image"]},{"damage_healed":0,"gold_gain":0,"player_choice":"Fight","damage_taken":0,"max_hp_gain":0,"max_hp_loss":0,"event_name":"Mysterious Sphere","floor":48,"gold_loss":0}],"is_beta":false,"boss_relics":[{"not_picked":["conspire:RoyalGoblet","Honey Jar"],"picked":"Black Star"},{"not_picked":["Runic Pyramid","Velvet Choker"],"picked":"HoveringKite"}],"items_purged_floors":[],"is_endless":false,"potions_floor_spawned":[3,11,12,14,24,27,28,29,33,35,42,44,46],"ascension_level":14}}