{"host":"6xsbn6ynqlzwllfm","time":1612993658,"event":{"mods":["2.2 Compatiblity","BaseMod","Bestiary","Colored Map","Colored Powertips","Curses Come First","Highlight Path","Keyboard Shortcuts","Minty Spire (QoL Compilation)","Relic Stats","Slay the Relics Exporter","StSLib","SuperFastMode"],"gold_per_floor":[117,267,20,39,50,75,90,90,164,164,189,224,244,271,271,343,343,353,9,26,26,26,26,26],"floor_reached":23,"language":"ENG","playtime":975,"items_purged":["Doubt","Clash"],"score":443,"play_id":"f7db9f4f-225f-423a-9a6b-6dbf0843f927","local_time":"20210210164738","is_ascension_mode":true,"campfire_choices":[{"data":"Feed","floor":8.0,"key":"SMITH"},{"floor":10.0,"key":"REST"},{"data":"Bash","floor":15.0,"key":"SMITH"}],"circlet_count":0,"master_deck":["AscendersBane","Bash+1","Feed+1","Shrug It Off","Pommel Strike","Headbutt","Corruption","Shrug It Off","Sword Boomerang","True Grit","Spot Weakness","Barricade","Thunderclap","Intimidate","Clothesline","Double Tap","Warcry","Pummel","Sever Soul","Body Slam","Sentinel","Feel No Pain"],"relics":["Burning Blood","Omamori","Du-Vu Doll","Bottled Tornado","Regal Pillow","Red Skull","Turnip","Pandora\u0027s Box","Lantern"],"acts_visited":["Exordium","TheCity"],"potions_floor_usage":[],"damage_taken":[{"damage":7.0,"enemies":"Small Slimes","floor":1.0,"turns":4.0},{"damage":9.0,"enemies":"Jaw Worm","floor":4.0,"turns":4.0},{"damage":1.0,"enemies":"Cultist","floor":5.0,"turns":4.0},{"damage":66.0,"enemies":"3 Sentries","floor":6.0,"turns":15.0},{"damage":8.0,"enemies":"Blue Slaver","floor":7.0,"turns":4.0},{"damage":33.0,"enemies":"Gremlin Nob","floor":12.0,"turns":4.0},{"damage":4.0,"enemies":"Red Slaver","floor":13.0,"turns":3.0},{"damage":17.0,"enemies":"3 Sentries","floor":14.0,"turns":6.0},{"damage":28,"enemies":"Slime Boss","floor":16,"turns":10},{"damage":58,"enemies":"Chosen","floor":18,"turns":7},{"damage":2,"enemies":"3 Byrds","floor":20,"turns":4},{"damage":37,"enemies":"Book of Stabbing","floor":23,"turns":3}],"seed_played":"-2261475541741390137","potions_obtained":[{"floor":1.0,"key":"BloodPotion"},{"floor":7.0,"key":"FearPotion"},{"floor":12.0,"key":"Dexterity Potion"},{"floor":14.0,"key":"SmokeBomb"},{"floor":18,"key":"Explosive Potion"}],"is_trial":false,"path_per_floor":["M","?","$","M","M","E","M","R","T","R","T","E","M","E","R","B",null,"M","$","M","?","?","E"],"character_chosen":"IRONCLAD","items_purchased":["Omamori","Lantern","Sentinel"],"campfire_rested":1,"item_purchase_floors":[3,19,19],"current_hp_per_floor":[70,70,70,70,77,20,21,21,21,45,45,18,24,35,35,17,76,28,28,36,36,36,0,0],"gold":26,"neow_bonus":"THREE_RARE_CARDS","is_daily":false,"chose_seed":false,"campfire_upgraded":2,"win_rate":0.0,"timestamp":1612993658,"path_taken":["M","?","$","M","M","E","M","R","T","R","?","E","M","E","R","BOSS","M","$","M","?","?","E"],"items_purchased_type":["Relic","Relic","Card"],"build_version":"2020-12-22","purchased_purges":2,"victory":false,"max_hp_per_floor":[71,71,71,74,77,80,83,83,83,83,83,83,87,91,91,95,95,99,99,103,103,103,103,103],"relic_stats":{"Regal Pillow":0,"counters":[12,68],"Pandora\u0027s Box":["Perfected Strike","Clash","Thunderclap","Intimidate","Clothesline","Double Tap","Warcry","Pummel","Sever Soul"],"Turnip":[1],"obtain_stats":[{"Du-Vu Doll":6,"Regal Pillow":11,"Lantern":19,"Pandora\u0027s Box":17,"Turnip":14,"Omamori":3,"Bottled Tornado":9,"Burning Blood":0,"Red Skull":12},{"Du-Vu Doll":4,"Regal Pillow":5,"Lantern":10,"Pandora\u0027s Box":9,"Turnip":8,"Omamori":1,"Bottled Tornado":5,"Burning Blood":0,"Red Skull":6},{"Du-Vu Doll":27,"Regal Pillow":31,"Lantern":61,"Pandora\u0027s Box":54,"Turnip":44,"Omamori":4,"Bottled Tornado":31,"Burning Blood":0,"Red Skull":35}],"Burning Blood":65},"card_choices":[{"not_picked":["Limit Break","Berserk"],"picked":"Feed","floor":0.0},{"not_picked":["Second Wind","Twin Strike"],"picked":"Shrug It Off","floor":1.0},{"not_picked":["Searing Blow","Ghostly Armor"],"picked":"Pommel Strike","floor":4.0},{"not_picked":["Reckless Charge","Feel No Pain"],"picked":"Headbutt","floor":5.0},{"not_picked":["Shrug It Off","Body Slam"],"picked":"Corruption","floor":6.0},{"not_picked":["Iron Wave","Disarm"],"picked":"Shrug It Off","floor":7.0},{"not_picked":["Anger","Thunderclap"],"picked":"Sword Boomerang","floor":12.0},{"not_picked":["Headbutt","Flex"],"picked":"True Grit","floor":13.0},{"not_picked":["Body Slam","Flex"],"picked":"Spot Weakness","floor":14.0},{"not_picked":["Bludgeon","Juggernaut"],"picked":"Barricade","floor":16},{"not_picked":["Heavy Blade","Anger"],"picked":"Body Slam","floor":18},{"not_picked":["Warcry","Heavy Blade"],"picked":"Feel No Pain","floor":20}],"player_experience":1448592,"relics_obtained":[{"floor":6.0,"key":"Du-Vu Doll"},{"floor":9.0,"key":"Bottled Tornado"},{"floor":11.0,"key":"Regal Pillow"},{"floor":12.0,"key":"Red Skull"},{"floor":14.0,"key":"Turnip"}],"event_choices":[{"damage_healed":0.0,"max_hp_gain":0.0,"max_hp_loss":0.0,"gold_gain":150.0,"event_name":"Liars Game","player_choice":"AGREE","floor":2.0,"gold_loss":0.0,"damage_taken":0.0,"cards_obtained":["Doubt"]},{"damage_healed":0,"gold_gain":0,"player_choice":"Ignored","damage_taken":0,"max_hp_gain":0,"max_hp_loss":0,"event_name":"Ghosts","floor":21,"gold_loss":0},{"cards_removed":["Perfected Strike"],"damage_healed":0,"gold_gain":0,"player_choice":"Elegance","damage_taken":0,"max_hp_gain":0,"max_hp_loss":0,"event_name":"Back to Basics","floor":22,"gold_loss":0}],"is_beta":false,"boss_relics":[{"not_picked":["Fusion Hammer","Black Star"],"picked":"Pandora\u0027s Box"}],"items_purged_floors":[3,19],"is_endless":false,"potions_floor_spawned":[1,7,12,14,18],"killed_by":"Book of Stabbing","ascension_level":20}}