{"host":"8is2j71l4wmybkoi","time":1612961030,"event":{"mods":["AchievementEnabler","BaseMod","Colored Map","Minty Spire (QoL Compilation)","Rare Cards Sparkle","StSLib","SuperFastMode"],"gold_per_floor":[113,38,50,50,63,63,81,119,119,119,143,143,162,41,41,41,41],"floor_reached":16,"language":"KOR","playtime":461,"items_purged":["Defend_G"],"score":175,"play_id":"a7e28b7d-6755-4d2e-a1f4-099ae2fab616","local_time":"20210210214350","is_ascension_mode":true,"campfire_choices":[{"data":"Corpse Explosion","floor":6,"key":"SMITH"},{"data":"Bane","floor":10,"key":"SMITH"},{"data":"Well Laid Plans","floor":15,"key":"SMITH"}],"circlet_count":0,"master_deck":["AscendersBane","Strike_G","Strike_G","Strike_G","Defend_G","Defend_G","Defend_G","Defend_G","Survivor","Neutralize","Corpse Explosion+1","Poisoned Stab","Bouncing Flask","Bane+1","PiercingWail","After Image","Well Laid Plans+1"],"relics":["Ring of the Snake","Golden Idol","Smiling Mask","Meat on the Bone","Happy Flower"],"acts_visited":["Exordium"],"potions_floor_usage":[10],"damage_taken":[{"damage":0,"enemies":"2 Louse","floor":1,"turns":2},{"damage":4,"enemies":"Jaw Worm","floor":3,"turns":3},{"damage":7,"enemies":"Small Slimes","floor":5,"turns":3},{"damage":0,"enemies":"3 Louse","floor":7,"turns":1},{"damage":14,"enemies":"Lagavulin","floor":8,"turns":6},{"damage":0,"enemies":"Blue Slaver","floor":13,"turns":4},{"damage":37,"enemies":"Slime Boss","floor":16,"turns":9}],"seed_played":"-8853279259902999470","potions_obtained":[{"floor":7,"key":"Fruit Juice"}],"is_trial":false,"path_per_floor":["M","?","M","?","M","R","M","E","T","R","T","?","M","$","R","B"],"character_chosen":"THE_SILENT","items_purchased":["Well Laid Plans"],"campfire_rested":0,"item_purchase_floors":[14],"current_hp_per_floor":[44,44,40,40,33,33,33,19,19,24,24,17,29,29,29,0,0],"gold":41,"neow_bonus":"THREE_RARE_CARDS","is_daily":false,"chose_seed":false,"campfire_upgraded":3,"win_rate":0.0,"timestamp":1612961030,"path_taken":["M","?","M","?","M","R","M","E","T","R","?","?","M","$","R","BOSS"],"items_purchased_type":["Card"],"build_version":"2020-12-22","purchased_purges":1,"victory":false,"max_hp_per_floor":[66,66,66,60,60,60,60,60,60,65,65,65,65,65,65,65,65],"card_choices":[{"not_picked":["Envenom","Tools of the Trade"],"picked":"Corpse Explosion","floor":0},{"not_picked":["PiercingWail","Flying Knee"],"picked":"Poisoned Stab","floor":1},{"not_picked":["Dodge and Roll","Flying Knee"],"picked":"Bouncing Flask","floor":3},{"not_picked":["Outmaneuver","Poisoned Stab"],"picked":"Bane","floor":5},{"not_picked":["Setup","Reflex"],"picked":"PiercingWail","floor":7},{"not_picked":["PiercingWail","Prepared"],"picked":"After Image","floor":8},{"not_picked":["Dodge and Roll","Deadly Poison","Caltrops"],"picked":"SKIP","floor":13}],"player_experience":1109946,"relics_obtained":[{"floor":8,"key":"Smiling Mask"},{"floor":9,"key":"Meat on the Bone"},{"floor":11,"key":"Happy Flower"}],"event_choices":[{"cards_removed":["Strike_G"],"damage_healed":0,"gold_gain":0,"player_choice":"Card Removal","damage_taken":0,"max_hp_gain":0,"max_hp_loss":0,"event_name":"The Cleric","floor":2,"gold_loss":75},{"damage_healed":0,"gold_gain":0,"player_choice":"Lose Max HP","damage_taken":0,"relics_obtained":["Golden Idol"],"max_hp_gain":0,"max_hp_loss":6,"event_name":"Golden Idol","floor":4,"gold_loss":0},{"cards_removed":["Strike_G"],"damage_healed":0,"gold_gain":0,"player_choice":"Card Removal","damage_taken":7,"max_hp_gain":0,"max_hp_loss":0,"event_name":"Golden Wing","floor":12,"gold_loss":0}],"is_beta":false,"boss_relics":[],"items_purged_floors":[14],"is_endless":false,"potions_floor_spawned":[7],"killed_by":"Slime Boss","ascension_level":15}}