{"host":"kxz5izodaorfb9am","time":1612963836,"event":{"mods":["BaseMod","Downfall","GifTheSpireLib","Minty Spire (QoL Compilation)","Shop Mod","StSLib","The Cursed"],"gold_per_floor":[112,112,187,259,39,39,52,52,52,92,112,147,170,193,193,299,299,327,355,380,380,405,448,462,489,489,489,70,92,92,112,112,209,209,209,234,293,321,91,117,117,136,136,161,190,40,75,102,102,102,102],"floor_reached":50,"language":"ENG","playtime":6315,"items_purged":["TheCursedMod:Strike_TheCursed","TheCursedMod:CursedAmulet","TheCursedMod:Strike_TheCursed","downfall:Bewildered"],"score":751,"play_id":"6e649ea9-2f5f-44bd-b5a6-1ce8906755a8","local_time":"20210210143036","is_ascension_mode":true,"campfire_choices":[{"data":"TheCursedMod:CleanUpWorkshop","floor":6,"key":"SMITH"},{"floor":8,"key":"RECALL"},{"data":"TheCursedMod:WearCloak","floor":15,"key":"SMITH"},{"data":"TheCursedMod:CollectTribute","floor":27,"key":"SMITH"},{"data":"TheCursedMod:TacticalStrike","floor":32,"key":"SMITH"},{"floor":41,"key":"REST"},{"floor":49,"key":"REST"}],"circlet_count":0,"master_deck":["TheCursedMod:Strike_TheCursed","TheCursedMod:Strike_TheCursed","TheCursedMod:Defend_TheCursed","TheCursedMod:Defend_TheCursed","TheCursedMod:Defend_TheCursed","TheCursedMod:CursedWand+1","TheCursedMod:CleanUpWorkshop+1","TheCursedMod:Dregs","TheCursedMod:CursedShiv","TheCursedMod:WearCloak+1","TheCursedMod:RapidMovement","TheCursedMod:WearCloak","TheCursedMod:ManaBullet","TheCursedMod:CollectTribute+1","TheCursedMod:RapidMovement","TheCursedMod:CursedShiv","TheCursedMod:FleshFromBone","TheCursedMod:Obscuration","TheCursedMod:Obscuration","TheCursedMod:TacticalStrike+1","TheCursedMod:LuckyCharm+1","TheCursedMod:SurpriseAttack+1","TheCursedMod:SpitefulStrike+1","TheCursedMod:SpitefulStrike+1","TheCursedMod:SurpriseAttack+1","TheCursedMod:TacticalStrike+1","TheCursedMod:CursedSpellbook","TheCursedMod:CursedShiv+1","TheCursedMod:AshesToAshes+1","TheCursedMod:Wield+1","TheCursedMod:RapidMovement","TheCursedMod:SurpriseAttack+1"],"relics":["TheCursedMod:BlackMagic101","Torii","Mercury Hourglass","ClockworkSouvenir","Eternal Feather","CeramicFish","Pear","SlaversCollar","Letter Opener","Molten Egg 2","Frozen Egg 2","Fusion Hammer","Ice Cream","Blood Vial","TheCursedMod:BloodyHarpoon","Incense Burner"],"acts_visited":["Exordium","TheCity","TheBeyond"],"potions_floor_usage":[13,16,16,19,23,23,35,50,50],"damage_taken":[{"damage":0,"enemies":"2 Louse","floor":1,"turns":4},{"damage":0,"enemies":"Small Slimes","floor":7,"turns":3},{"damage":2,"enemies":"3 Sentries","floor":10,"turns":7},{"damage":1,"enemies":"Jaw Worm","floor":11,"turns":3},{"damage":3,"enemies":"Gremlin Nob","floor":12,"turns":5},{"damage":0,"enemies":"Exordium Wildlife","floor":13,"turns":5},{"damage":1,"enemies":"Exordium Thugs","floor":14,"turns":5},{"damage":8,"enemies":"Slime Boss","floor":16,"turns":10},{"damage":3,"enemies":"Chosen","floor":18,"turns":5},{"damage":0,"enemies":"3 Byrds","floor":19,"turns":4},{"damage":9,"enemies":"Snecko","floor":20,"turns":5},{"damage":0,"enemies":"Chosen and Byrds","floor":22,"turns":6},{"damage":37,"enemies":"Book of Stabbing","floor":23,"turns":10},{"damage":1,"enemies":"Shelled Parasite and Fungi","floor":24,"turns":8},{"damage":7,"enemies":"Snake Plant","floor":25,"turns":6},{"damage":0,"enemies":"Chosen and Byrds","floor":29,"turns":6},{"damage":4,"enemies":"Centurion and Healer","floor":31,"turns":11},{"damage":6,"enemies":"Automaton","floor":33,"turns":11},{"damage":0,"enemies":"3 Darklings","floor":35,"turns":1},{"damage":2,"enemies":"Orb Walker","floor":36,"turns":3},{"damage":0,"enemies":"Mind Bloom Boss Battle","floor":37,"turns":7},{"damage":3,"enemies":"Writhing Mass","floor":38,"turns":8},{"damage":20,"enemies":"Giant Head","floor":40,"turns":11},{"damage":6,"enemies":"Maw","floor":42,"turns":7},{"damage":0,"enemies":"Reptomancer","floor":44,"turns":5},{"damage":17,"enemies":"Jaw Worm Horde","floor":45,"turns":5},{"damage":2,"enemies":"Giant Head","floor":47,"turns":7},{"damage":0,"enemies":"4 Shapes","floor":48,"turns":3},{"damage":33,"enemies":"Time Eater","floor":50,"turns":8}],"seed_played":"-4001364484090979778","potions_obtained":[{"floor":10,"key":"LiquidMemories"},{"floor":14,"key":"SteroidPotion"},{"floor":16,"key":"Fruit Juice"},{"floor":18,"key":"LiquidBronze"},{"floor":19,"key":"EssenceOfSteel"},{"floor":22,"key":"CultistPotion"},{"floor":29,"key":"SmokeBomb"},{"floor":38,"key":"SpeedPotion"},{"floor":45,"key":"ColorlessPotion"},{"floor":47,"key":"PowerPotion"}],"is_trial":false,"path_per_floor":["M","?","?","T","$","R","M","R","T","E","M","E","M","M","R","B",null,"M","M","M","?","M","E","M","M","T","R","$","M","?","M","R","B",null,"M","M","?","M","$","E","R","M","T","E","M","$","E","M","R","B"],"character_chosen":"THE_CURSED","items_purchased":["ClockworkSouvenir","Frozen Egg 2","TheCursedMod:LuckyCharm+1","TheCursedMod:CursedSpellbook","TheCursedMod:CursedShiv+1"],"campfire_rested":2,"item_purchase_floors":[5,28,28,39,39],"current_hp_per_floor":[75,75,64,64,64,64,64,64,64,62,61,68,68,67,76,73,90,87,87,78,78,78,41,40,33,33,45,45,45,45,41,56,50,90,90,88,88,85,85,65,90,84,84,86,71,71,71,73,90,57,57],"gold":102,"neow_bonus":"ONE_RARE_RELIC","is_daily":false,"chose_seed":false,"campfire_upgraded":4,"win_rate":0.0,"timestamp":1612963836,"path_taken":["M","?","?","?","$","R","M","R","T","E","?","E","M","M","R","BOSS","M","M","M","?","M","E","M","M","T","R","$","?","?","M","R","BOSS","M","M","?","M","$","E","R","M","T","E","M","$","E","M","R","BOSS"],"items_purchased_type":["Relic","Relic","Card","Card","Card"],"build_version":"2020-12-22","purchased_purges":4,"victory":false,"max_hp_per_floor":[75,75,75,75,75,75,75,75,75,75,75,85,85,85,85,90,90,90,90,90,90,90,90,90,90,90,90,90,90,90,90,90,90,90,90,90,90,90,90,90,90,90,90,90,90,90,90,90,90,90,90],"card_choices":[{"not_picked":["TheCursedMod:SpitefulStrike","TheCursedMod:BloodBarrier"],"picked":"TheCursedMod:CursedShiv","floor":1},{"not_picked":["TheCursedMod:CursedAmulet","TheCursedMod:SmokeScreen"],"picked":"TheCursedMod:WearCloak","floor":7},{"not_picked":["TheCursedMod:CursedAmulet","TheCursedMod:CursedBoomerang"],"picked":"TheCursedMod:RapidMovement","floor":10},{"not_picked":["TheCursedMod:VitalStrike","TheCursedMod:HellsGateOpen","TheCursedMod:TacticalStrike"],"picked":"SKIP","floor":11},{"not_picked":["TheCursedMod:Mangle","TheCursedMod:TacticalStrike"],"picked":"TheCursedMod:WearCloak","floor":12},{"not_picked":["TheCursedMod:TacticalStrike","TheCursedMod:CursedArmor"],"picked":"TheCursedMod:ManaBullet","floor":13},{"not_picked":["TheCursedMod:RavingStaff","TheCursedMod:TroublousMinions"],"picked":"TheCursedMod:CursedAmulet","floor":14},{"not_picked":["TheCursedMod:OutForBlood","TheCursedMod:DemonicPact"],"picked":"TheCursedMod:CollectTribute","floor":16},{"not_picked":["TheCursedMod:CursedStaff","TheCursedMod:CursedShiv+1"],"picked":"TheCursedMod:RapidMovement","floor":18},{"not_picked":["TheCursedMod:SaltUponWound","TheCursedMod:Stretching"],"picked":"TheCursedMod:CursedShiv","floor":19},{"not_picked":["TheCursedMod:CursedBlade","TheCursedMod:BlessingInDisguise"],"picked":"TheCursedMod:FleshFromBone","floor":20},{"not_picked":["TheCursedMod:EmpowerCircles+1","TheCursedMod:CursedRelics"],"picked":"TheCursedMod:Obscuration","floor":22},{"not_picked":["TheCursedMod:CursedMace","TheCursedMod:Torture+1"],"picked":"TheCursedMod:Obscuration","floor":23},{"not_picked":["TheCursedMod:CursedAmulet+1","TheCursedMod:DoubleShield+1","TheCursedMod:Obscuration"],"picked":"SKIP","floor":24},{"not_picked":["TheCursedMod:Torture","TheCursedMod:Obscuration"],"picked":"TheCursedMod:TacticalStrike","floor":25},{"not_picked":["TheCursedMod:SpitefulStrike+1","TheCursedMod:BloodBarrier+1"],"picked":"TheCursedMod:SurpriseAttack+1","floor":29},{"not_picked":["TheCursedMod:CursedShiv+1","TheCursedMod:CursedBlade+1"],"picked":"TheCursedMod:SpitefulStrike+1","floor":31},{"not_picked":["TheCursedMod:SmokeScreen","TheCursedMod:Obscuration"],"picked":"TheCursedMod:SpitefulStrike+1","floor":36},{"not_picked":["TheCursedMod:RavingStaff+1","TheCursedMod:ForbiddenAlchemy"],"picked":"TheCursedMod:SurpriseAttack+1","floor":37},{"not_picked":["TheCursedMod:CursedBlade+1","TheCursedMod:CursedArmor"],"picked":"TheCursedMod:TacticalStrike+1","floor":38},{"not_picked":["TheCursedMod:VitalStrike+1","TheCursedMod:SaltUponWound+1","TheCursedMod:WearCloak"],"picked":"SKIP","floor":40},{"not_picked":["TheCursedMod:SmokeScreen","TheCursedMod:CircleOfFocus"],"picked":"TheCursedMod:AshesToAshes+1","floor":42},{"not_picked":["TheCursedMod:Stigma+1","TheCursedMod:CursedArmor","TheCursedMod:CursedStaff+1"],"picked":"SKIP","floor":44},{"not_picked":["TheCursedMod:Mangle+1","TheCursedMod:WearCloak+1"],"picked":"TheCursedMod:Wield+1","floor":45},{"not_picked":["TheCursedMod:Evocation","TheCursedMod:EmpowerCircles+1"],"picked":"TheCursedMod:RapidMovement","floor":47},{"not_picked":["TheCursedMod:SpreadPlague","TheCursedMod:CircleOfFlame"],"picked":"TheCursedMod:SurpriseAttack+1","floor":48}],"player_experience":356678,"relics_obtained":[{"floor":4,"key":"Mercury Hourglass"},{"floor":9,"key":"Eternal Feather"},{"floor":10,"key":"CeramicFish"},{"floor":12,"key":"Pear"},{"floor":23,"key":"Letter Opener"},{"floor":26,"key":"Molten Egg 2"},{"floor":37,"key":"Ice Cream"},{"floor":40,"key":"Blood Vial"},{"floor":44,"key":"TheCursedMod:BloodyHarpoon"},{"floor":47,"key":"Incense Burner"}],"event_choices":[{"damage_healed":0,"gold_gain":0,"player_choice":"Grow","damage_taken":0,"max_hp_gain":0,"max_hp_loss":0,"event_name":"Living Wall","floor":2,"gold_loss":0,"cards_upgraded":["TheCursedMod:CursedWand"]},{"damage_healed":0,"gold_gain":75,"player_choice":"Gather Gold","damage_taken":11,"max_hp_gain":0,"max_hp_loss":0,"event_name":"World of Goop","floor":3,"gold_loss":0},{"cards_removed":["TheCursedMod:Defend_TheCursed"],"damage_healed":0,"gold_gain":0,"player_choice":"Purged","damage_taken":0,"max_hp_gain":0,"max_hp_loss":0,"event_name":"Purifier","floor":21,"gold_loss":0},{"damage_healed":0,"gold_gain":0,"player_choice":"Ignored","damage_taken":0,"max_hp_gain":0,"max_hp_loss":0,"event_name":"Vampires","floor":30,"gold_loss":0},{"damage_healed":0,"gold_gain":0,"player_choice":"Fight","damage_taken":0,"max_hp_gain":0,"max_hp_loss":0,"event_name":"MindBloom","floor":37,"gold_loss":0}],"is_beta":false,"boss_relics":[{"not_picked":["TheCursedMod:OminousMark","Velvet Choker"],"picked":"SlaversCollar"},{"not_picked":["Busted Crown","Runic Dome"],"picked":"Fusion Hammer"}],"items_purged_floors":[5,28,39,46],"is_endless":false,"potions_floor_spawned":[10,14,16,18,19,22,29,38,45,47],"killed_by":"Time Eater","ascension_level":1}}