{"host":"mwb0clku6crgv6yl","time":1612965282,"event":{"mods":["AchievementEnabler","BaseMod","Highlight Path","Koishi","Minty Spire (QoL Compilation)","Replay The Spire","StSLib","The Administrix","The Construct","The Cursed","The Gatherer","The Hierophant"],"gold_per_floor":[110,160,174,249,263,296,296,313,340,340,351,365,16,28,28,131,131,145,163,181,9,9,9,43,54,54,54,54,54,54,72,72,72,72],"floor_reached":33,"language":"ZHS","playtime":1596,"items_purged":["Languid"],"score":375,"play_id":"3de4dd9e-6d27-4fc9-9029-536dd66dbd40","local_time":"20210210215442","is_ascension_mode":true,"campfire_choices":[{"floor":7.0,"key":"REST"},{"floor":10.0,"key":"REST"},{"floor":15.0,"key":"DIG"},{"floor":23,"key":"REST"},{"data":"TheCursedMod:HellfireBreathing","floor":27,"key":"SMITH"},{"data":"Ghostly","floor":30,"key":"SMITH"},{"data":"Ghostly","floor":32,"key":"SMITH"}],"circlet_count":0,"master_deck":["TheCursedMod:Strike_TheCursed+1","TheCursedMod:Strike_TheCursed+1","TheCursedMod:Strike_TheCursed+1","TheCursedMod:Strike_TheCursed+1","TheCursedMod:Defend_TheCursed","TheCursedMod:Defend_TheCursed","TheCursedMod:Defend_TheCursed","TheCursedMod:CursedWand","TheCursedMod:CleanUpWorkshop","TheCursedMod:Dregs","TheCursedMod:Stigma","TheCursedMod:SpitefulStrike","TheCursedMod:HellfireBreathing+1","TheCursedMod:Obscuration","TheCursedMod:StunningStrike+1","TheCursedMod:SaltUponWound","TheCursedMod:CursedBlade","TheCursedMod:CircleOfFlame","Regret","TheCursedMod:CursedRelics+1","CurseOfTheBell","TheCursedMod:RapidMovement","TheCursedMod:SpitefulStrike+1","TheCursedMod:OutForBlood+1","ReplayTheSpireMod:Necrogeddon+1","Spreading Infection","TheCursedMod:Evocation","TheCursedMod:SmokeScreen","TheCursedMod:CircleOfCorruption","Ghostly+1","Ghostly+1","Ghostly","Ghostly","Ghostly"],"relics":["TheCursedMod:BlackMagic101","NeowsBlessing","Ring of Greed","MealTicket","Golden Egg","Ring of Peace","Juzu Bracelet","Smiling Mask","Thread and Needle","Centennial Puzzle","Replay:Grab Bag","Sozu","Philosopher\u0027s Stone","Calling Bell","TheCursedMod:Tack","Counterbalance","Replay:Bottled Eggs","Turnip","TheCursedMod:DemonicMark"],"acts_visited":["Exordium","TheCity"],"potions_floor_usage":[16,16,24],"damage_taken":[{"damage":0.0,"enemies":"Small Slimes","floor":1.0,"turns":1.0},{"damage":0.0,"enemies":"2 Louse","floor":3.0,"turns":1.0},{"damage":0.0,"enemies":"Jaw Worm","floor":5.0,"turns":1.0},{"damage":38.0,"enemies":"Lagavulin","floor":6.0,"turns":10.0},{"damage":21.0,"enemies":"Exordium Thugs","floor":8.0,"turns":6.0},{"damage":0.0,"enemies":"Exordium Wildlife","floor":11.0,"turns":4.0},{"damage":4.0,"enemies":"3 Louse","floor":12.0,"turns":4.0},{"damage":4.0,"enemies":"Lots of Slimes","floor":14.0,"turns":4.0},{"damage":8,"enemies":"Fading Forest","floor":16,"turns":11},{"damage":5,"enemies":"Chosen","floor":18,"turns":3},{"damage":22,"enemies":"3 Byrds","floor":19,"turns":4},{"damage":9,"enemies":"Centurion and Healer","floor":20,"turns":5},{"damage":12,"enemies":"Gremlin Leader","floor":24,"turns":6},{"damage":0,"enemies":"Shelled Parasite and Fungi","floor":25,"turns":3},{"damage":0,"enemies":"Sentry and Sphere","floor":31,"turns":3},{"damage":37,"enemies":"Pondfish","floor":33,"turns":7}],"seed_played":"-6408239452788407762","potions_obtained":[{"floor":1.0,"key":"FearPotion"},{"floor":5.0,"key":"Dexterity Potion"},{"floor":8.0,"key":"Reflective Coating"}],"is_trial":false,"path_per_floor":["M","?","M","?","M","E","R","M","T","R","M","M","$","M","R","B",null,"M","M","M","$","?","R","E","M","T","R","?","?","R","M","R","B"],"character_chosen":"THE_CURSED","items_purchased":["Thread and Needle","ReplayTheSpireMod:Necrogeddon"],"campfire_rested":3,"item_purchase_floors":[13,21],"current_hp_per_floor":[68,68,68,57,57,19,41,20,20,42,42,38,53,49,49,41,67,62,40,31,46,46,68,56,56,56,56,56,37,37,37,37,0,0],"gold":72,"neow_bonus":"THREE_ENEMY_KILL","is_daily":false,"chose_seed":false,"campfire_upgraded":3,"win_rate":0.0,"timestamp":1612965282,"path_taken":["M","?","M","?","?","E","R","M","T","R","M","M","?","M","R","BOSS","M","M","M","$","?","R","E","M","T","R","?","?","R","M","R","BOSS"],"items_purchased_type":["Relic","Card"],"build_version":"2020-12-22","purchased_purges":1,"victory":false,"max_hp_per_floor":[75,75,75,75,75,75,75,75,75,75,75,75,75,75,75,75,75,75,75,75,75,75,75,75,75,75,75,75,37,37,37,37,37,37],"card_choices":[{"not_picked":["TheCursedMod:Evocation","TheCursedMod:CursedMace"],"picked":"TheCursedMod:Stigma","floor":1.0},{"not_picked":["TheCursedMod:Stretching","TheCursedMod:CircleOfBlood"],"picked":"TheCursedMod:SpitefulStrike","floor":3.0},{"not_picked":["TheCursedMod:Stretching","TheCursedMod:BloodBarrier"],"picked":"TheCursedMod:HellfireBreathing","floor":5.0},{"not_picked":["TheCursedMod:CircleOfAmplification","TheCursedMod:VitalStrike"],"picked":"TheCursedMod:Obscuration","floor":6.0},{"not_picked":["TheCursedMod:CursedArmor","TheCursedMod:CursedBlade"],"picked":"TheCursedMod:StunningStrike","floor":8.0},{"not_picked":["TheCursedMod:CursedSpellbook","TheCursedMod:FleshFromBone"],"picked":"TheCursedMod:SaltUponWound","floor":11.0},{"not_picked":["TheCursedMod:RavingStaff","TheCursedMod:SurpriseAttack"],"picked":"TheCursedMod:CursedBlade","floor":12.0},{"not_picked":["TheCursedMod:HellsGateOpen","TheCursedMod:Stigma"],"picked":"TheCursedMod:CircleOfFlame","floor":14.0},{"not_picked":["TheCursedMod:ForbiddenAlchemy","TheCursedMod:StunningStrike"],"picked":"TheCursedMod:CursedRelics","floor":16},{"not_picked":["TheCursedMod:Wield+1","TheCursedMod:RavingStaff"],"picked":"TheCursedMod:RapidMovement","floor":18},{"not_picked":["TheCursedMod:CursedBoomerang+1","TheCursedMod:SpreadPlague"],"picked":"TheCursedMod:SpitefulStrike+1","floor":19},{"not_picked":["TheCursedMod:Wield","TheCursedMod:CursedSpellbook"],"picked":"TheCursedMod:OutForBlood","floor":20},{"not_picked":["TheCursedMod:RavingStaff","TheCursedMod:SpreadPlague+1"],"picked":"TheCursedMod:Evocation","floor":24},{"not_picked":["TheCursedMod:SurpriseAttack","TheCursedMod:CircleOfCorruption"],"picked":"TheCursedMod:SmokeScreen","floor":25},{"not_picked":["TheCursedMod:Evocation","TheCursedMod:CursedAmulet+1","TheCursedMod:CircleOfFocus"],"picked":"SKIP","floor":31}],"player_experience":288062,"relics_obtained":[{"floor":2.0,"key":"Ring of Greed"},{"floor":2.0,"key":"MealTicket"},{"floor":2.0,"key":"Golden Egg"},{"floor":2.0,"key":"Ring of Peace"},{"floor":6.0,"key":"Juzu Bracelet"},{"floor":9.0,"key":"Smiling Mask"},{"floor":15.0,"key":"Centennial Puzzle"},{"floor":17,"key":"TheCursedMod:Tack"},{"floor":17,"key":"Counterbalance"},{"floor":17,"key":"Replay:Bottled Eggs"},{"floor":24,"key":"Turnip"},{"floor":26,"key":"TheCursedMod:DemonicMark"}],"event_choices":[{"damage_healed":0.0,"max_hp_gain":0.0,"max_hp_loss":0.0,"gold_gain":75.0,"event_name":"World of Goop","player_choice":"Gather Gold","floor":4.0,"gold_loss":0.0,"damage_taken":11.0},{"cards_removed":["Amnesia"],"damage_healed":0,"gold_gain":0,"player_choice":"Elegance","damage_taken":0,"max_hp_gain":0,"max_hp_loss":0,"event_name":"Back to Basics","floor":22,"gold_loss":0},{"damage_healed":0,"gold_gain":0,"cards_transformed":["TheCursedMod:Defend_TheCursed"],"player_choice":"Transformed","damage_taken":0,"max_hp_gain":0,"max_hp_loss":0,"event_name":"Transmorgrifier","floor":28,"gold_loss":0,"cards_obtained":["TheCursedMod:CircleOfCorruption"]},{"damage_healed":0,"gold_gain":0,"player_choice":"Became a Ghost","damage_taken":0,"max_hp_gain":0,"max_hp_loss":38,"event_name":"Ghosts","floor":29,"gold_loss":0,"cards_obtained":["Ghostly","Ghostly","Ghostly","Ghostly","Ghostly"]}],"is_beta":false,"boss_relics":[{"not_picked":["SlaversCollar","ChewingGum"],"picked":"Replay:Grab Bag"},{"not_picked":["Cursed Key","Coffee Dripper"],"picked":"Sozu"},{"not_picked":["Velvet Choker","Busted Crown"],"picked":"Philosopher\u0027s Stone"},{"not_picked":["construct:ClawGrip","Kintsugi"],"picked":"Calling Bell"}],"items_purged_floors":[13],"is_endless":false,"potions_floor_spawned":[1,5,8,18,20,31],"killed_by":"Pondfish","ascension_level":6}}