{"host":"4oozkyb2rmpv0j2l","time":1612937673,"event":{"mods":["ATMod(°¢èªMod)","Act Like it!","Aspiration","BaseMod","Conspire","FutureSeer","Gensokyo","Hubris","KinomotoSakuraMod(Ä¾Ö®±¾Ó£)","Koishi","KomeijiMod","Marisa£¨ìFÓê¡¡Ä§ÀíÉ³£©","Minty Spire (QoL Compilation)","Prisma Mod","Quick Restart","Rare Cards Sparkle","Reimu£¨²©ÀöÁéÃÎ£©","Remilia£¨ÀÙÃ×ÀòÑÇ£©","Robot Space Explorer","Shop Mod","Spicy Shops","StSLib","TestMod","The Bladedancer","The Cursed","The Disciple","The Hierophant","The Mystic","The Necromancer","The Runesmith","The Servant 0.9.4","Yakumo Yukari mod","Youmu£¨»êÆÇÑýÃÎ£©","Yuyuko","yUi","¡¾ÒÅÎï¿¨ÅÆ¡¿REMEMod"],"gold_per_floor":[114,39,58,81,81,113,513,548,548,573,274,274,306,321,321,321,321],"floor_reached":16,"language":"ZHS","playtime":628,"items_purged":["Defend_P"],"score":183,"play_id":"6a84da57-1bef-4054-9c95-3d60631e5892","local_time":"20210210141433","is_ascension_mode":true,"campfire_choices":[{"floor":15.0,"key":"RECALL"}],"circlet_count":0,"master_deck":["Strike_P","Strike_P","Defend_P","REME_Repentance","AT_ChampionKick","SignatureMove"],"relics":["PureWater","testmod-TestBox","REME_ComplimentaryCards","testmod-KeyOfTheVoid","NeowsBlessing","Gensokyo:LunaticRedEyes","testmod-LifeArmor","AT_BellowingDragoncrestRing","WingedGreaves","AntiCross","testmod-IWantAll","Sling","Tiny Chest"],"acts_visited":["Gensokyo:Gensokyo"],"potions_floor_usage":[],"damage_taken":[{"damage":0.0,"enemies":"Gensokyo:Python","floor":1.0,"turns":1.0},{"damage":0.0,"enemies":"Gensokyo:2_Kodama","floor":3.0,"turns":1.0},{"damage":1.0,"enemies":"Gensokyo:Mamizou","floor":6.0,"turns":2.0},{"damage":0.0,"enemies":"Gensokyo:Aya","floor":8.0,"turns":2.0},{"damage":36.0,"enemies":"Gensokyo:Mamizou","floor":10.0,"turns":4.0},{"damage":8.0,"enemies":"Gensokyo:Cirno","floor":13.0,"turns":5.0},{"damage":5.0,"enemies":"Gensokyo:Gryphon","floor":14.0,"turns":3.0},{"damage":25,"enemies":"Gensokyo:Yukari","floor":16,"turns":7}],"seed_played":"198950425937623318","potions_obtained":[{"floor":1.0,"key":"FearPotion"},{"floor":6.0,"key":"SteroidPotion"},{"floor":14.0,"key":"CultistPotion"}],"is_trial":false,"path_per_floor":["M","$","M","T","?","E","?","E","T","E","COS","?","E","M","R","B"],"character_chosen":"WATCHER","items_purchased":[],"campfire_rested":0,"item_purchase_floors":[],"current_hp_per_floor":[72,72,72,72,72,71,71,71,71,35,35,42,34,29,29,4,4],"gold":321,"neow_bonus":"THREE_ENEMY_KILL","is_daily":false,"chose_seed":false,"campfire_upgraded":0,"win_rate":0.0,"timestamp":1612937673,"path_taken":["M","$","M","?","?","E","?","E","T","E","COS","?","E","M","R","BOSS"],"items_purchased_type":[],"build_version":"2020-12-22","purchased_purges":1,"victory":false,"max_hp_per_floor":[72,72,72,72,72,72,72,72,72,72,72,72,72,72,72,72,72],"card_choices":[{"not_picked":["REME_MusicOfDeath","CutThroughFate"],"picked":"REME_Repentance","floor":1.0},{"not_picked":["Meditate","Indignation","Protect"],"picked":"SKIP","floor":3.0},{"not_picked":["FollowUp","PathToVictory","Adaptation"],"picked":"SKIP","floor":6.0},{"not_picked":["Ragnarok","Collect"],"picked":"AT_ChampionKick","floor":8.0},{"not_picked":["Protect","ForeignInfluence","Crescendo"],"picked":"SKIP","floor":10.0},{"not_picked":["FearNoEvil","CutThroughFate"],"picked":"SignatureMove","floor":13.0},{"not_picked":["CutThroughFate","Wallop","ForeignInfluence"],"picked":"SKIP","floor":14.0}],"player_experience":500249,"relics_obtained":[{"floor":6.0,"key":"testmod-LifeArmor"},{"floor":8.0,"key":"AT_BellowingDragoncrestRing"},{"floor":9.0,"key":"WingedGreaves"},{"floor":10.0,"key":"AntiCross"},{"floor":13.0,"key":"Tiny Chest"}],"event_choices":[{"damage_healed":0.0,"max_hp_gain":0.0,"max_hp_loss":0.0,"gold_gain":400.0,"event_name":"¶÷ÂåË¹µÄÅÌ×Ó","player_choice":"Sell","floor":7.0,"relics_lost":["AT_ATBox"],"gold_loss":0.0,"damage_taken":0.0}],"is_beta":false,"boss_relics":[],"items_purged_floors":[2],"is_endless":false,"potions_floor_spawned":[1,6,14],"killed_by":"Gensokyo:Yukari","ascension_level":1}}