{"host":"f5gffvlv6a66yqkd","time":1612934069,"event":{"mods":["2.2 Compatiblity","BaseMod","Colored Map","Custom Start","DeckTracker","Keyboard Shortcuts","Minty Spire (QoL Compilation)","Permanent Neow","Quick Restart","Relic Stats","StSLib","SuperFastMode"],"gold_per_floor":[112,112,112,82,100,128,128,145,217,236,255,255,273,1,1,75,75,87,87,100,400,415,415,171,171,253,253,268,299,318,335,335,335,335],"floor_reached":33,"language":"KOR","playtime":852,"items_purged":["Strike_P"],"score":538,"play_id":"ffd9fd38-f549-4c79-87c9-66e125d45f87","local_time":"20210210141429","is_ascension_mode":true,"campfire_choices":[{"data":"CrushJoints","floor":7.0,"key":"SMITH"},{"floor":12.0,"key":"REST"},{"data":"Perseverance","floor":15.0,"key":"SMITH"},{"floor":23.0,"key":"REST"},{"data":"Adaptation","floor":25.0,"key":"SMITH"},{"data":"MentalFortress","floor":27.0,"key":"SMITH"},{"floor":32.0,"key":"REST"}],"circlet_count":0,"master_deck":["AscendersBane","Strike_P","Strike_P","Strike_P","Defend_P","Defend_P","Defend_P","Eruption+1","Vigilance","BowlingBash","CrushJoints+1","EmptyFist","Perseverance+1","CutThroughFate","Adaptation+1","Judgement","MentalFortress+1","Halt"],"relics":["PureWater","Letter Opener","Mercury Hourglass","Bottled Lightning","Bottled Tornado","Runic Pyramid","Old Coin","Melange","Pear","Happy Flower"],"acts_visited":["Exordium","TheCity"],"potions_floor_usage":[33,33],"damage_taken":[{"damage":1.0,"enemies":"Cultist","floor":1.0,"turns":5.0},{"damage":3.0,"enemies":"2 Louse","floor":5.0,"turns":3.0},{"damage":31.0,"enemies":"Lagavulin","floor":6.0,"turns":5.0},{"damage":0.0,"enemies":"Small Slimes","floor":8.0,"turns":1.0},{"damage":0.0,"enemies":"Blue Slaver","floor":10.0,"turns":1.0},{"damage":0.0,"enemies":"Exordium Thugs","floor":11.0,"turns":2.0},{"damage":0.0,"enemies":"Exordium Wildlife","floor":13.0,"turns":1.0},{"damage":12.0,"enemies":"The Guardian","floor":16.0,"turns":9.0},{"damage":18.0,"enemies":"Shell Parasite","floor":18.0,"turns":3.0},{"damage":14.0,"enemies":"2 Thieves","floor":20.0,"turns":2.0},{"damage":9.0,"enemies":"Centurion and Healer","floor":22.0,"turns":4.0},{"damage":12.0,"enemies":"Snake Plant","floor":28.0,"turns":4.0},{"damage":28.0,"enemies":"Book of Stabbing","floor":29.0,"turns":4.0},{"damage":4.0,"enemies":"3 Cultists","floor":30.0,"turns":4.0},{"damage":0.0,"enemies":"Sentry and Sphere","floor":31.0,"turns":3.0},{"damage":26,"enemies":"Automaton","floor":33,"turns":6}],"seed_played":"4108396211574929222","potions_obtained":[{"floor":4.0,"key":"DuplicationPotion"},{"floor":4.0,"key":"Fire Potion"},{"floor":20.0,"key":"PowerPotion"},{"floor":22.0,"key":"Ambrosia"},{"floor":30.0,"key":"SkillPotion"}],"is_trial":false,"path_per_floor":["M","T","?","?","M","E","R","M","T","M","M","R","M","$","R","B",null,"M","?","M","?","M","R","$","R","T","R","M","E","M","M","R","B"],"character_chosen":"WATCHER","items_purchased":["Bottled Tornado","Melange"],"campfire_rested":3,"item_purchase_floors":[14,24],"current_hp_per_floor":[60,60,53,53,50,19,19,19,19,19,19,39,39,39,39,27,58,40,40,26,26,17,37,37,37,47,47,35,7,3,3,26,0,0],"gold":335,"neow_bonus":"UPGRADE_CARD","is_daily":false,"chose_seed":false,"campfire_upgraded":4,"win_rate":0.0,"timestamp":1612934069,"path_taken":["M","?","?","?","?","E","R","M","T","M","M","R","M","$","R","BOSS","M","?","M","?","M","R","$","R","T","R","M","E","M","M","R","BOSS"],"items_purchased_type":["Relic","Relic"],"build_version":"2020-12-22","purchased_purges":1,"victory":false,"max_hp_per_floor":[68,68,68,68,68,68,68,68,68,68,68,68,68,68,68,68,68,68,68,68,68,68,68,68,68,78,78,78,78,78,78,78,78,78],"relic_stats":{"Happy Flower":[4],"counters":[16,57],"Melange":[18],"Letter Opener":[20],"obtain_stats":[{"Pear":26,"Happy Flower":29,"Melange":24,"Letter Opener":2,"Bottled Lightning":9,"PureWater":0,"Bottled Tornado":14,"Mercury Hourglass":6,"Runic Pyramid":17,"Old Coin":21},{"Pear":11,"Happy Flower":13,"Melange":11,"Letter Opener":1,"Bottled Lightning":4,"PureWater":0,"Bottled Tornado":7,"Mercury Hourglass":3,"Runic Pyramid":8,"Old Coin":10},{"Pear":36,"Happy Flower":44,"Melange":36,"Letter Opener":5,"Bottled Lightning":14,"PureWater":0,"Bottled Tornado":18,"Mercury Hourglass":13,"Runic Pyramid":27,"Old Coin":32}],"Mercury Hourglass":[166]},"card_choices":[{"not_picked":["ThirdEye","FlyingSleeves"],"picked":"BowlingBash","floor":1.0},{"not_picked":["Protect","Halt"],"picked":"CrushJoints","floor":5.0},{"not_picked":["DeceiveReality","Pray"],"picked":"EmptyFist","floor":6.0},{"not_picked":["Pray","Nirvana"],"picked":"Perseverance","floor":8.0},{"not_picked":["CrushJoints","Blasphemy","Protect"],"picked":"SKIP","floor":10.0},{"not_picked":["Prostrate","FlyingSleeves"],"picked":"CutThroughFate","floor":11.0},{"not_picked":["Prostrate","ClearTheMind"],"picked":"Adaptation","floor":13.0},{"not_picked":["Brilliance","SpiritShield"],"picked":"Judgement","floor":16.0},{"not_picked":["FlurryOfBlows","CrushJoints","CarveReality"],"picked":"SKIP","floor":18.0},{"not_picked":["JustLucky","BowlingBash","CutThroughFate"],"picked":"SKIP","floor":20.0},{"not_picked":["BowlingBash","FlyingSleeves"],"picked":"MentalFortress","floor":22.0},{"not_picked":["CrushJoints","Protect"],"picked":"Halt","floor":28.0},{"not_picked":["Alpha","CrushJoints","PathToVictory"],"picked":"SKIP","floor":29.0},{"not_picked":["ClearTheMind","PathToVictory+1","FollowUp"],"picked":"SKIP","floor":30.0},{"not_picked":["JustLucky","ThirdEye","EmptyFist"],"picked":"SKIP","floor":31.0}],"player_experience":1721043,"relics_obtained":[{"floor":2.0,"key":"Letter Opener"},{"floor":6.0,"key":"Mercury Hourglass"},{"floor":9.0,"key":"Bottled Lightning"},{"floor":26.0,"key":"Pear"},{"floor":29.0,"key":"Happy Flower"}],"event_choices":[{"cards_removed":["Defend_P"],"damage_healed":0.0,"max_hp_gain":0.0,"max_hp_loss":0.0,"gold_gain":0.0,"event_name":"Golden Wing","player_choice":"Card Removal","floor":3.0,"gold_loss":0.0,"damage_taken":7.0},{"damage_healed":0.0,"max_hp_gain":0.0,"max_hp_loss":0.0,"gold_gain":0.0,"event_name":"The Woman in Blue","player_choice":"Bought 2 Potions","floor":4.0,"gold_loss":0.0,"damage_taken":0.0},{"damage_healed":0.0,"max_hp_gain":0.0,"max_hp_loss":0.0,"gold_gain":0.0,"event_name":"Vampires","player_choice":"Ignored","floor":19.0,"gold_loss":0.0,"damage_taken":0.0},{"damage_healed":0.0,"max_hp_gain":0.0,"max_hp_loss":0.0,"gold_gain":0.0,"event_name":"WeMeetAgain","player_choice":"Gave Potion","floor":21.0,"gold_loss":0.0,"damage_taken":0.0,"relics_obtained":["Old Coin"]}],"is_beta":false,"boss_relics":[{"not_picked":["Runic Dome","Philosopher\u0027s Stone"],"picked":"Runic Pyramid"}],"items_purged_floors":[24],"is_endless":false,"potions_floor_spawned":[5,6,20,22,30],"killed_by":"Automaton","ascension_level":20}}