{"host":"fb0gdunrufaj9qo3","time":1612977666,"event":{"mods":["2.2 Compatiblity","Abigail Mod","AchievementEnabler","Act Like it!","Aspiration","Bard","BaseMod","Block Reminder","Colored Map","Colored Powertips","Conspire","Downfall","Friendly Minions","Gensokyo","GifTheSpireLib","Hermit","HexUI Lib","Highlight Path","Infinite Spire","Jorbs\u0027s Wanderer Trilogy","Koishi","Lobotomy","Mad Scientist","Marisa（霧雨　魔理沙）","Minty Spire (QoL Compilation)","Onozuka Komachi Mod","READ ME - Guardian Mod","Rare Cards Sparkle","Reimu（博??梦）","Relic Stats","Replay The Spire","Robot Space Explorer","Spicy Shops","StSLib","The Blue Laboratory","The Bug Knight","The Cursed","The Death Knight","The Disciple","The Elementalist","The Forsaken","The Hierophant","The Judge","The Jungle","The Marked","The Runesmith","The Servant 0.9.4","The Valiant","TheBandit","TheFirefly","TheHero","Wandering Minibosses","Youmu（魂魄妖梦）"],"gold_per_floor":[115,115,135,13,30,30,60,60,83,93,123,186,200,200,200],"floor_reached":14,"language":"ENG","playtime":591,"items_purged":[],"score":115,"play_id":"72b47952-80aa-4838-b59c-964c08aef5de","local_time":"20210210172106","is_ascension_mode":true,"campfire_choices":[{"floor":6,"key":"RECALL"},{"floor":8,"key":"REST"}],"circlet_count":0,"master_deck":["Strike_MRS","Strike_MRS","Strike_MRS","Strike_MRS","Defend_MRS","Defend_MRS","Defend_MRS","Defend_MRS","MasterSpark","UpSweep","LuminesStrike","ShootTheMoon","SporeBomb","MysteriousBeam","EventHorizon","SuperPerseids","Occultation","GrandCross","Orbital"],"relics":["MiniHakkero","FaceOfCleric","Kunai","Ornamental Fan","Juzu Bracelet","aspiration:PocketMushroom"],"acts_visited":["Exordium"],"potions_floor_usage":[7,14,14,14],"damage_taken":[{"damage":12,"enemies":"Jaw Worm","floor":1,"turns":3},{"damage":20,"enemies":"infinitespire:Voidling","floor":3,"turns":3},{"damage":0,"enemies":"conspire:RoseBush","floor":5,"turns":2},{"damage":21,"enemies":"Lagavulin","floor":7,"turns":4},{"damage":11,"enemies":"Looter","floor":10,"turns":2},{"damage":11,"enemies":"Replay:BlueRogue","floor":11,"turns":4},{"damage":25,"enemies":"Lagavulin Event","floor":12,"turns":4},{"damage":7,"enemies":"3 Louse","floor":13,"turns":3},{"damage":13,"enemies":"Lagavulin","floor":14,"turns":3}],"seed_played":"-728902228982193262","potions_obtained":[{"floor":1,"key":"SkillPotion"},{"floor":10,"key":"SpeedPotion"},{"floor":12,"key":"Languid Potion"},{"floor":13,"key":"AttackPotion"}],"is_trial":false,"path_per_floor":["M","?","M","$","M","R","E","R","T","M","E","?","M","E"],"character_chosen":"MARISA","items_purchased":["Kunai"],"campfire_rested":1,"item_purchase_floors":[4],"current_hp_per_floor":[63,63,49,49,50,50,30,53,53,43,33,9,3,0,0],"gold":200,"neow_bonus":"THREE_CARDS","is_daily":false,"chose_seed":false,"campfire_upgraded":0,"win_rate":0.0,"timestamp":1612977666,"path_taken":["M","?","M","$","?","R","E","R","T","M","E","?","M","E"],"items_purchased_type":["Relic"],"build_version":"2020-12-22","purchased_purges":0,"victory":false,"max_hp_per_floor":[75,75,76,76,77,77,78,78,78,79,80,81,82,82,82],"relic_stats":{"FaceOfCleric":7,"counters":[9,28],"Ornamental Fan":[28],"Juzu Bracelet":0,"Kunai":[9],"obtain_stats":[{"FaceOfCleric":2,"Ornamental Fan":7,"Juzu Bracelet":11,"MiniHakkero":0,"Kunai":4,"aspiration:PocketMushroom":12},{"FaceOfCleric":1,"Ornamental Fan":4,"Juzu Bracelet":6,"MiniHakkero":0,"Kunai":2,"aspiration:PocketMushroom":7},{"FaceOfCleric":3,"Ornamental Fan":12,"Juzu Bracelet":18,"MiniHakkero":0,"Kunai":6,"aspiration:PocketMushroom":22}]},"card_choices":[{"not_picked":["FairyDestructionRay","RefractionSpark"],"picked":"LuminesStrike","floor":0},{"not_picked":["MilkyWay","SporeBomb"],"picked":"ShootTheMoon","floor":1},{"not_picked":["DarkMatter","GalacticHalo"],"picked":"SporeBomb","floor":3},{"not_picked":["ChargingUp","BigCrunch"],"picked":"MysteriousBeam","floor":5},{"not_picked":["LuminesStrike","OortCloud"],"picked":"EventHorizon","floor":7},{"not_picked":["IllusionStar","6A"],"picked":"SuperPerseids","floor":10},{"not_picked":["SporeBomb","OortCloud"],"picked":"Occultation","floor":11},{"not_picked":["EnergyFlow","GalacticHalo"],"picked":"GrandCross","floor":12},{"not_picked":["StarBarrage","MagicAbsorber"],"picked":"Orbital","floor":13}],"player_experience":133650,"relics_obtained":[{"floor":7,"key":"Ornamental Fan"},{"floor":11,"key":"Juzu Bracelet"},{"floor":12,"key":"aspiration:PocketMushroom"}],"event_choices":[{"damage_healed":0,"gold_gain":0,"player_choice":"Trade","damage_taken":0,"relics_obtained":["FaceOfCleric"],"max_hp_gain":0,"max_hp_loss":0,"event_name":"FaceTrader","floor":2,"gold_loss":0},{"damage_healed":0,"gold_gain":0,"player_choice":"Searched \u00272\u0027 times","damage_taken":0,"max_hp_gain":0,"max_hp_loss":0,"event_name":"Dead Adventurer","floor":12,"gold_loss":0}],"is_beta":false,"boss_relics":[],"items_purged_floors":[],"is_endless":false,"potions_floor_spawned":[1,10,12,13],"killed_by":"Lagavulin","ascension_level":3}}