{"host":"soyfmymeou4emntr","time":1612933547,"event":{"mods":["BaseMod","Minty Spire (QoL Compilation)","Permanent Neow","Relic Sorter","Relic Stats","StSLib"],"gold_per_floor":[117,117,131,147,161,161,187,187,187,200,200,215,215,215,215],"floor_reached":14,"language":"ENG","playtime":800,"items_purged":[],"score":184,"play_id":"6879a048-def5-4fbb-aabf-ba6bd567f6f5","local_time":"20210209220547","is_ascension_mode":true,"campfire_choices":[{"data":"Loop","floor":6.0,"key":"SMITH"},{"floor":8.0,"key":"REST"},{"floor":11.0,"key":"REST"}],"circlet_count":0,"master_deck":["AscendersBane","Strike_B","Strike_B","Strike_B","Strike_B","Defend_B","Defend_B","Defend_B","Defend_B","Zap","Dualcast","White Noise+1","Barrage","Rebound","Loop+1","Reinforced Body","Aggregate+1","Coolheaded"],"relics":["Cracked Core","Centennial Puzzle","Bottled Tornado"],"acts_visited":["Exordium"],"potions_floor_usage":[14],"damage_taken":[{"damage":11.0,"enemies":"Small Slimes","floor":1.0,"turns":6.0},{"damage":2.0,"enemies":"Cultist","floor":3.0,"turns":4.0},{"damage":0.0,"enemies":"2 Louse","floor":4.0,"turns":2.0},{"damage":9.0,"enemies":"Red Slaver","floor":5.0,"turns":2.0},{"damage":30.0,"enemies":"3 Sentries","floor":7.0,"turns":6.0},{"damage":13.0,"enemies":"Lots of Slimes","floor":10.0,"turns":4.0},{"damage":13.0,"enemies":"3 Louse","floor":12.0,"turns":3.0},{"damage":50,"enemies":"Gremlin Nob","floor":14,"turns":4}],"seed_played":"4093516198558860902","potions_obtained":[{"floor":1.0,"key":"Explosive Potion"},{"floor":3.0,"key":"DuplicationPotion"},{"floor":5.0,"key":"SteroidPotion"},{"floor":12.0,"key":"ColorlessPotion"}],"is_trial":false,"path_per_floor":["M","?","M","M","M","R","E","R","T","M","R","M","?","E"],"character_chosen":"DEFECT","items_purchased":[],"campfire_rested":2,"item_purchase_floors":[],"current_hp_per_floor":[53,53,51,51,42,42,12,33,33,20,41,28,28,0,0],"gold":215,"neow_bonus":"RANDOM_COMMON_RELIC","is_daily":false,"chose_seed":false,"campfire_upgraded":1,"win_rate":0.0,"timestamp":1612933547,"path_taken":["M","?","M","M","M","R","E","R","T","M","R","M","?","E"],"items_purchased_type":[],"build_version":"2020-12-22","purchased_purges":0,"victory":false,"max_hp_per_floor":[71,71,71,71,71,71,71,71,71,71,71,71,71,71,71],"relic_stats":{"Centennial Puzzle":[21],"counters":[8,31],"obtain_stats":[{"Centennial Puzzle":0,"Bottled Tornado":7,"Cracked Core":0},{"Centennial Puzzle":0,"Bottled Tornado":5,"Cracked Core":0},{"Centennial Puzzle":0,"Bottled Tornado":20,"Cracked Core":0}]},"card_choices":[{"not_picked":["Conserve Battery","Gash"],"picked":"White Noise","floor":1.0},{"not_picked":["Chaos","White Noise"],"picked":"Barrage","floor":3.0},{"not_picked":["White Noise","Steam"],"picked":"Rebound","floor":4.0},{"not_picked":["Streamline","Rainbow"],"picked":"Loop","floor":5.0},{"not_picked":["Gash","Lockon"],"picked":"Reinforced Body","floor":7.0},{"not_picked":["Ball Lightning","Recycle"],"picked":"Aggregate","floor":10.0},{"not_picked":["Compile Driver","Melter"],"picked":"Coolheaded","floor":12.0}],"player_experience":3181593,"relics_obtained":[{"floor":7.0,"key":"Bottled Tornado"}],"event_choices":[{"damage_healed":0.0,"max_hp_gain":0.0,"max_hp_loss":0.0,"gold_gain":0.0,"event_name":"Living Wall","player_choice":"Grow","floor":2.0,"gold_loss":0.0,"damage_taken":0.0,"cards_upgraded":["White Noise"]},{"damage_healed":0.0,"max_hp_gain":0.0,"max_hp_loss":0.0,"gold_gain":0.0,"event_name":"Accursed Blacksmith","player_choice":"Forge","floor":13.0,"gold_loss":0.0,"damage_taken":0.0,"cards_upgraded":["Aggregate"]}],"is_beta":false,"boss_relics":[],"items_purged_floors":[],"is_endless":false,"potions_floor_spawned":[1,3,5,12],"killed_by":"Gremlin Nob","ascension_level":20}}