{"host":"vlqejv0notyktumz","time":1612941760,"event":{"mods":["AchievementEnabler","BaseMod","Colored Map","Colored Powertips","Downfall","Googly Eyes","Minty Spire (QoL Compilation)","StSLib"],"gold_per_floor":[117,117,47,61,61,61,71,102,102,102,1,1,17,17,17,122,122,134,134,145,145,145],"floor_reached":21,"language":"ENG","playtime":592,"items_purged":[],"score":266,"play_id":"0f000c8a-6e0b-4f9a-ae95-6ab972714f1a","local_time":"20210210012240","is_ascension_mode":true,"campfire_choices":[{"data":"Discovery","floor":6,"key":"SMITH"},{"floor":10,"key":"REST"},{"data":"Footwork","floor":12,"key":"SMITH"},{"data":"Noxious Fumes","floor":15,"key":"SMITH"}],"circlet_count":0,"master_deck":["AscendersBane","Strike_G","Strike_G","Defend_G","Defend_G","Defend_G","Defend_G","Defend_G","Survivor","Neutralize","Flash of Steel","Concentrate","Noxious Fumes+1","Acrobatics","Dagger Throw","Discovery+1","Footwork+1","PiercingWail","Bane","Noxious Fumes","Prepared","Dodge and Roll","Blade Dance","Burst","Flying Knee+1","Decay","Blur"],"relics":["Ring of the Snake","Mercury Hourglass","Dream Catcher","Empty Cage"],"acts_visited":["Exordium","TheCity"],"potions_floor_usage":[13,20],"damage_taken":[{"damage":0,"enemies":"Cultist","floor":1,"turns":5},{"damage":0,"enemies":"Small Slimes","floor":4,"turns":3},{"damage":1,"enemies":"2 Louse","floor":7,"turns":4},{"damage":19,"enemies":"3 Sentries","floor":8,"turns":8},{"damage":13,"enemies":"Exordium Thugs","floor":13,"turns":4},{"damage":15,"enemies":"Hexaghost","floor":16,"turns":9},{"damage":31,"enemies":"Shell Parasite","floor":18,"turns":6},{"damage":18,"enemies":"2 Thieves","floor":20,"turns":4},{"damage":19,"enemies":"Snecko","floor":21,"turns":5}],"seed_played":"7321982168809234912","potions_obtained":[{"floor":1,"key":"Block Potion"},{"floor":4,"key":"SteroidPotion"},{"floor":20,"key":"BlessingOfTheForge"}],"is_trial":false,"path_per_floor":["M","?","$","M","?","R","M","E","T","R","$","R","M","?","R","B",null,"M","?","M","M"],"character_chosen":"THE_SILENT","items_purchased":["Noxious Fumes","Noxious Fumes","Prepared"],"campfire_rested":1,"item_purchase_floors":[3,11,11],"current_hp_per_floor":[63,68,68,68,68,68,67,48,48,70,70,70,57,57,57,42,67,36,36,18,0,0],"gold":145,"neow_bonus":"RANDOM_COLORLESS","is_daily":false,"chose_seed":false,"campfire_upgraded":3,"win_rate":0.0,"timestamp":1612941760,"path_taken":["M","?","$","M","?","R","?","E","T","R","$","R","M","?","R","BOSS","M","?","M","M"],"items_purchased_type":["Card","Card","Card"],"build_version":"2020-12-22","purchased_purges":0,"victory":false,"max_hp_per_floor":[70,75,75,75,75,75,75,75,75,75,75,75,75,75,75,75,75,75,75,75,75,75],"card_choices":[{"not_picked":["Forethought","Madness"],"picked":"Flash of Steel","floor":0},{"not_picked":["PiercingWail","Underhanded Strike"],"picked":"Concentrate","floor":1},{"not_picked":["Sucker Punch","Cloak And Dagger"],"picked":"Acrobatics","floor":4},{"not_picked":["Dash","Backflip"],"picked":"Footwork","floor":7},{"not_picked":["Sucker Punch","Accuracy"],"picked":"PiercingWail","floor":8},{"not_picked":["Deflect","Flying Knee"],"picked":"Bane","floor":10},{"not_picked":["Venomology","Deflect"],"picked":"Dodge and Roll","floor":13},{"not_picked":["A Thousand Cuts","Storm of Steel"],"picked":"Burst","floor":16},{"not_picked":["Bane","Dagger Throw"],"picked":"Flying Knee+1","floor":18},{"not_picked":["PiercingWail","Bane"],"picked":"Blur","floor":20}],"player_experience":411711,"relics_obtained":[{"floor":8,"key":"Mercury Hourglass"},{"floor":9,"key":"Dream Catcher"}],"event_choices":[{"damage_healed":0,"gold_gain":0,"player_choice":"Donut","damage_taken":0,"max_hp_gain":5,"max_hp_loss":0,"event_name":"Big Fish","floor":2,"gold_loss":0},{"damage_healed":0,"gold_gain":0,"player_choice":"2 cards matched","damage_taken":0,"max_hp_gain":0,"max_hp_loss":0,"event_name":"Match and Keep!","floor":5,"gold_loss":0,"cards_obtained":["Dagger Throw","Discovery"]},{"damage_healed":0,"gold_gain":0,"cards_transformed":["Strike_G"],"player_choice":"Transformed","damage_taken":0,"max_hp_gain":0,"max_hp_loss":0,"event_name":"Transmorgrifier","floor":14,"gold_loss":0,"cards_obtained":["Blade Dance"]},{"damage_healed":0,"gold_gain":0,"player_choice":"Smashed Altar","damage_taken":0,"max_hp_gain":0,"max_hp_loss":0,"event_name":"Forgotten Altar","floor":19,"gold_loss":0,"cards_obtained":["Decay"]}],"is_beta":false,"boss_relics":[{"not_picked":["Runic Dome","HoveringKite"],"picked":"Empty Cage"}],"items_purged_floors":[],"is_endless":false,"potions_floor_spawned":[1,4,20],"killed_by":"Snecko","ascension_level":10}}