{"host":"8eqe2o2g03nh9rfw","time":1612979175,"event":{"mods":["AchievementEnabler","AlwaysNeverKeys","BaseMod","Better Third Choice","Block Reminder","Colored Map","Colored Powertips","GifTheSpireLib","Minty Spire (QoL Compilation)","Permanent Neow","Quick Restart","StSLib","Weighted Paths"],"gold_per_floor":[144,319,319,319,75,75,120,120,120,165,210,210,300,300,300,600,600,645,645,690,735,780,780,780,825,875,425,425,470,515,560,560,860,860,905,950,950,950,586,586,676,733,770,782,794,806,863,920,932,944],"floor_reached":51,"language":"ENG","playtime":2534,"items_purged":["Backflip"],"score":829,"play_id":"6202195f-d04c-45aa-9580-3fd55581ad59","local_time":"20210210124615","daily_mods":["SealedDeck","Purple Cards","Midas"],"is_ascension_mode":false,"campfire_choices":[{"floor":6,"key":"REST"},{"floor":8,"key":"REST"},{"floor":15,"key":"REST"},{"floor":23,"key":"REST"},{"floor":28,"key":"REST"},{"floor":32,"key":"REST"},{"floor":40,"key":"REST"},{"floor":44,"key":"REST"},{"floor":49,"key":"REST"}],"circlet_count":0,"master_deck":["Backflip","FearNoEvil","Bouncing Flask","InnerPeace","BattleHymn","Blade Dance","Vengeance","Outmaneuver","Prepared","FollowUp","Escape Plan","FlurryOfBlows","FlyingSleeves","EmptyBody","DeusExMachina","WindmillStrike","Calculated Gamble","FlurryOfBlows","Cloak And Dagger+1","Blade Dance","Prostrate","Apotheosis","PanicButton","CutThroughFate","Blur","Adrenaline","MentalFortress+1","DeusExMachina","Protect+1","Leg Sweep+1","Madness","Madness","Blind","Corpse Explosion","Metamorphosis","Prostrate+1","Halt","Panache","Noxious Fumes+1"],"relics":["Ring of the Snake","CultistMask","ClockworkSouvenir","Snake Skull","Vajra","Centennial Puzzle","WristBlade","PreservedInsect","Membership Card","Sundial","Runic Pyramid","Chemical X","Orichalcum","MawBank","Bag of Preparation"],"acts_visited":["Exordium","TheCity","TheBeyond"],"potions_floor_usage":[16,36,50,50,50],"damage_taken":[{"damage":6,"enemies":"Jaw Worm","floor":1,"turns":3},{"damage":0,"enemies":"Small Slimes","floor":7,"turns":2},{"damage":3,"enemies":"Cultist","floor":10,"turns":3},{"damage":6,"enemies":"2 Fungi Beasts","floor":11,"turns":2},{"damage":0,"enemies":"Gremlin Nob","floor":13,"turns":2},{"damage":32,"enemies":"Slime Boss","floor":16,"turns":4},{"damage":8,"enemies":"3 Byrds","floor":18,"turns":4},{"damage":20,"enemies":"2 Thieves","floor":20,"turns":3},{"damage":21,"enemies":"Snake Plant","floor":21,"turns":2},{"damage":0,"enemies":"Chosen and Byrds","floor":22,"turns":3},{"damage":4,"enemies":"Shelled Parasite and Fungi","floor":25,"turns":2},{"damage":12,"enemies":"Centurion and Healer","floor":29,"turns":3},{"damage":0,"enemies":"3 Cultists","floor":30,"turns":2},{"damage":0,"enemies":"Snecko","floor":31,"turns":2},{"damage":0,"enemies":"Collector","floor":33,"turns":4},{"damage":8,"enemies":"3 Shapes","floor":35,"turns":3},{"damage":5,"enemies":"Orb Walker","floor":36,"turns":2},{"damage":51,"enemies":"Nemesis","floor":41,"turns":7},{"damage":0,"enemies":"Maw","floor":42,"turns":4},{"damage":1,"enemies":"Sphere and 2 Shapes","floor":47,"turns":3},{"damage":0,"enemies":"4 Shapes","floor":48,"turns":2},{"damage":37,"enemies":"Awakened One","floor":50,"turns":7}],"seed_played":"-5810517303651203205","potions_obtained":[{"floor":1,"key":"PowerPotion"},{"floor":11,"key":"Strength Potion"},{"floor":18,"key":"Ancient Potion"},{"floor":21,"key":"DistilledChaos"},{"floor":42,"key":"FearPotion"}],"is_trial":false,"path_per_floor":["M","?","?","?","$","R","M","R","T","M","M","?","E","?","R","B",null,"M","?","M","M","M","R","?","M","T","$","R","M","M","M","R","B",null,"M","M","?","?","$","R","E","M","T","R","?","?","M","M","R","B",null],"character_chosen":"THE_SILENT","items_purchased":["Bandage Up","ClockworkSouvenir","Membership Card","Apotheosis","Sundial","PanicButton","CutThroughFate","Chemical X","Blind","Corpse Explosion","Metamorphosis","Orichalcum"],"campfire_rested":9,"item_purchase_floors":[5,5,27,27,27,27,27,39,39,39,39,39],"current_hp_per_floor":[64,64,57,57,57,70,70,70,70,67,65,65,69,48,69,38,70,62,62,46,29,33,54,70,66,66,66,70,58,58,58,70,70,70,62,57,57,48,48,69,18,18,18,39,39,39,38,38,59,22],"gold":956,"neow_bonus":"","is_daily":true,"chose_seed":false,"campfire_upgraded":0,"win_rate":0.0,"timestamp":1612979175,"path_taken":["M","?","?","?","$","R","M","R","T","?","M","?","E","?","R","BOSS","M","?","?","M","M","R","?","?","T","$","R","M","M","M","R","BOSS","M","?","?","?","$","R","E","M","T","R","?","?","M","M","R","BOSS"],"items_purchased_type":["Card","Relic","Relic","Card","Relic","Card","Card","Relic","Card","Card","Card","Relic"],"build_version":"2020-12-22","purchased_purges":1,"victory":true,"max_hp_per_floor":[70,70,70,70,70,70,70,70,70,70,70,70,70,70,70,70,70,70,70,70,70,70,70,70,70,70,70,70,70,70,70,70,70,70,70,70,70,70,70,70,70,70,70,70,70,70,70,70,70,70],"card_choices":[{"not_picked":["EmptyBody","Dagger Throw"],"picked":"FollowUp","floor":1},{"not_picked":["Deflect","Poisoned Stab"],"picked":"Escape Plan","floor":7},{"not_picked":["Meditate","Ragnarok"],"picked":"FlurryOfBlows","floor":10},{"not_picked":["Wallop","Dagger Throw"],"picked":"FlyingSleeves","floor":11},{"not_picked":["LikeWater","Choke"],"picked":"EmptyBody","floor":13},{"not_picked":["Adrenaline","Venomology"],"picked":"DeusExMachina","floor":16},{"not_picked":["EmptyMind","FlyingSleeves"],"picked":"WindmillStrike","floor":18},{"not_picked":["Reflex","Noxious Fumes+1"],"picked":"FlurryOfBlows","floor":20},{"not_picked":["SandsOfTime+1","BowlingBash"],"picked":"Cloak And Dagger+1","floor":21},{"not_picked":["Endless Agony+1","PiercingWail"],"picked":"Blade Dance","floor":22},{"not_picked":["Deadly Poison","Poisoned Stab"],"picked":"Prostrate","floor":25},{"not_picked":["Slice","Deadly Poison"],"picked":"Blur","floor":29},{"not_picked":["FollowUp","Dagger Spray"],"picked":"Adrenaline","floor":30},{"not_picked":["Riddle With Holes","Concentrate"],"picked":"MentalFortress+1","floor":31},{"not_picked":["Doppelganger","Unload"],"picked":"DeusExMachina","floor":33},{"not_picked":["FlyingSleeves","EmptyBody"],"picked":"Protect+1","floor":35},{"not_picked":["Sucker Punch","SignatureMove"],"picked":"Leg Sweep+1","floor":36},{"not_picked":["Footwork+1","WheelKick"],"picked":"Prostrate+1","floor":41},{"not_picked":["CrushJoints","Slice"],"picked":"Halt","floor":42},{"not_picked":["Metamorphosis","Apotheosis"],"picked":"Panache","floor":46},{"not_picked":["Dodge and Roll","PathToVictory"],"picked":"Noxious Fumes+1","floor":47},{"not_picked":["ThirdEye+1","Flying Knee+1","BowlingBash"],"picked":"SKIP","floor":48}],"player_experience":88625,"relics_obtained":[{"floor":9,"key":"Snake Skull"},{"floor":13,"key":"Vajra"},{"floor":26,"key":"PreservedInsect"},{"floor":41,"key":"MawBank"},{"floor":43,"key":"Bag of Preparation"}],"event_choices":[{"damage_healed":0,"gold_gain":175,"player_choice":"AGREE","damage_taken":144,"max_hp_gain":0,"max_hp_loss":0,"event_name":"betterThird:BetterSerpent","floor":2,"gold_loss":0},{"cards_removed":["Doubt"],"damage_healed":0,"gold_gain":0,"player_choice":"Card Removal","damage_taken":7,"max_hp_gain":0,"max_hp_loss":0,"event_name":"Golden Wing","floor":3,"gold_loss":0},{"damage_healed":0,"gold_gain":0,"player_choice":"Trade","damage_taken":0,"relics_obtained":["CultistMask"],"max_hp_gain":0,"max_hp_loss":0,"event_name":"FaceTrader","floor":4,"gold_loss":0},{"damage_healed":0,"gold_gain":0,"player_choice":"Leave","damage_taken":0,"max_hp_gain":0,"max_hp_loss":0,"event_name":"The Cleric","floor":12,"gold_loss":0},{"damage_healed":0,"gold_gain":0,"cards_transformed":["Tempest"],"player_choice":"Transformed","damage_taken":0,"max_hp_gain":0,"max_hp_loss":0,"event_name":"Transmorgrifier","floor":19,"gold_loss":0,"cards_obtained":["Calculated Gamble"]},{"cards_removed":["Bandage Up"],"damage_healed":16,"gold_gain":0,"player_choice":"Offered Uncommon","damage_taken":0,"max_hp_gain":0,"max_hp_loss":0,"event_name":"Bonfire Elementals","floor":24,"gold_loss":0},{"damage_healed":0,"gold_gain":0,"player_choice":"Ignored","damage_taken":0,"max_hp_gain":0,"max_hp_loss":0,"event_name":"Tomb of Lord Red Mask","floor":37,"gold_loss":0},{"damage_healed":0,"gold_gain":0,"player_choice":"Embrace Madness","damage_taken":9,"max_hp_gain":0,"max_hp_loss":0,"event_name":"Winding Halls","floor":38,"gold_loss":0,"cards_obtained":["Madness","Madness"]},{"damage_healed":0,"gold_gain":0,"player_choice":"Ignored","damage_taken":0,"max_hp_gain":0,"max_hp_loss":0,"event_name":"Mysterious Sphere","floor":45,"gold_loss":0},{"damage_healed":0,"gold_gain":0,"player_choice":"Memory 1","damage_taken":0,"max_hp_gain":0,"max_hp_loss":0,"event_name":"SensoryStone","floor":46,"gold_loss":0}],"is_beta":false,"boss_relics":[{"not_picked":["Ring of the Serpent","Philosopher\u0027s Stone"],"picked":"WristBlade"},{"not_picked":["Runic Dome","Snecko Eye"],"picked":"Runic Pyramid"}],"items_purged_floors":[27],"is_endless":false,"potions_floor_spawned":[1,11,18,21,25,30,33,42,47],"ascension_level":0}}