{"host":"08t08ld674si40tv","time":1612969993,"event":{"mods":["AchievementEnabler","BaseMod","Colored Map","Minty Spire (QoL Compilation)","StSLib","SuperFastMode"],"gold_per_floor":[118,43,43,43,43,82,82,123,150,150,150,186,86,100,100,193,193,211,25,45,61,61,96,96,139,165,209,227,142,142,160,160,238,238,248,295,313,327,327,327,362,362,362,390,154,154,167,197,197,197,197,197,197,19,46,46,46],"floor_reached":56,"language":"KOR","playtime":1786,"items_purged":["Iron Wave","Iron Wave","Bash"],"score":2189,"play_id":"05bd235e-0976-48e8-9321-b6d2f576ba2b","local_time":"20210211001313","is_ascension_mode":true,"campfire_choices":[{"floor":7.0,"key":"REST"},{"data":"Uppercut","floor":15.0,"key":"SMITH"},{"floor":24.0,"key":"REST"},{"data":"Apotheosis","floor":32.0,"key":"SMITH"},{"data":"Barricade","floor":40.0,"key":"SMITH"},{"data":"Juggernaut","floor":42.0,"key":"SMITH"},{"floor":49.0,"key":"RECALL"},{"data":"Evolve","floor":53.0,"key":"SMITH"}],"circlet_count":0,"master_deck":["AscendersBane","Iron Wave","Iron Wave","Iron Wave","Iron Wave","Finesse","Flex","Uppercut+1","Juggernaut+1","Pommel Strike+1","Apotheosis+1","Barricade+1","Double Tap","Evolve+1"],"relics":["Burning Blood","Champion Belt","Bloody Idol","Lantern","Toy Ornithopter","Potion Belt","Shuriken","Kunai","Pantograph","Philosopher\u0027s Stone","Oddly Smooth Stone","Darkstone Periapt","Bag of Marbles","Pen Nib","Art of War","Coffee Dripper","Ginger","White Beast Statue","Bag of Preparation","Akabeko","Anchor"],"acts_visited":["Exordium","TheCity","TheBeyond","TheEnding"],"potions_floor_usage":[55,56],"damage_taken":[{"damage":0.0,"enemies":"Small Slimes","floor":1.0,"turns":3.0},{"damage":25.0,"enemies":"3 Sentries","floor":6.0,"turns":15.0},{"damage":40.0,"enemies":"Lagavulin","floor":8.0,"turns":8.0},{"damage":19.0,"enemies":"3 Sentries","floor":12.0,"turns":8.0},{"damage":0.0,"enemies":"2 Louse","floor":14.0,"turns":2.0},{"damage":17.0,"enemies":"Hexaghost","floor":16.0,"turns":9.0},{"damage":5.0,"enemies":"Shell Parasite","floor":18.0,"turns":3.0},{"damage":30.0,"enemies":"3 Byrds","floor":20.0,"turns":4.0},{"damage":12.0,"enemies":"Snake Plant","floor":21.0,"turns":3.0},{"damage":20.0,"enemies":"Gremlin Leader","floor":23.0,"turns":4.0},{"damage":30.0,"enemies":"Slavers","floor":25.0,"turns":5.0},{"damage":35.0,"enemies":"Gremlin Leader","floor":27.0,"turns":6.0},{"damage":0.0,"enemies":"Cultist and Chosen","floor":28.0,"turns":4.0},{"damage":20.0,"enemies":"Sentry and Sphere","floor":31.0,"turns":5.0},{"damage":0.0,"enemies":"Champ","floor":33.0,"turns":8.0},{"damage":3.0,"enemies":"3 Shapes","floor":35.0,"turns":4.0},{"damage":2.0,"enemies":"2 Orb Walkers","floor":36.0,"turns":3.0},{"damage":0.0,"enemies":"3 Darklings","floor":37.0,"turns":4.0},{"damage":22.0,"enemies":"Sphere and 2 Shapes","floor":38.0,"turns":4.0},{"damage":28.0,"enemies":"Nemesis","floor":41.0,"turns":5.0},{"damage":0.0,"enemies":"Giant Head","floor":44.0,"turns":5.0},{"damage":2.0,"enemies":"Spire Growth","floor":47.0,"turns":3.0},{"damage":46.0,"enemies":"Reptomancer","floor":48.0,"turns":5.0},{"damage":24.0,"enemies":"Donu and Deca","floor":50.0,"turns":7.0},{"damage":60.0,"enemies":"Time Eater","floor":51.0,"turns":9.0},{"damage":51,"enemies":"Shield and Spear","floor":55,"turns":5},{"damage":73,"enemies":"The Heart","floor":56,"turns":3}],"seed_played":"8004461969992924819","potions_obtained":[{"floor":1.0,"key":"ElixirPotion"},{"floor":8.0,"key":"GamblersBrew"},{"floor":14.0,"key":"EssenceOfSteel"},{"floor":16.0,"key":"SpeedPotion"},{"floor":20.0,"key":"LiquidBronze"},{"floor":21.0,"key":"BlessingOfTheForge"},{"floor":23.0,"key":"Ancient Potion"},{"floor":35.0,"key":"DistilledChaos"},{"floor":37.0,"key":"Dexterity Potion"},{"floor":44.0,"key":"Swift Potion"},{"floor":47.0,"key":"SpeedPotion"},{"floor":48.0,"key":"SkillPotion"},{"floor":55,"key":"BloodPotion"}],"is_trial":false,"path_per_floor":["M","$","?","?","?","E","R","E","T","?","$","E","$","M","R","B",null,"M","$","M","M","$","E","R","E","T","E","M","?","?","M","R","B",null,"M","?","M","M","?","R","E","R","T","E","$","?","M","E","R","B","B",null,"R","$","E","B"],"character_chosen":"IRONCLAD","items_purchased":["Apotheosis","Double Tap","Evolve","Energy Potion"],"campfire_rested":2,"item_purchase_floors":[19,45,45,54],"current_hp_per_floor":[74,74,74,48,41,22,44,10,10,35,35,22,22,28,28,42,67,68,68,49,43,43,34,56,42,42,13,19,19,19,15,15,56,70,75,75,75,64,54,54,37,37,37,48,48,48,57,32,32,49,20,61,61,61,26,0,0],"gold":46,"neow_bonus":"RANDOM_COLORLESS","is_daily":false,"chose_seed":false,"campfire_upgraded":5,"win_rate":0.0,"timestamp":1612969993,"path_taken":["M","$","?","?","?","E","R","E","T","?","?","E","$","M","R","BOSS","M","$","M","M","$","E","R","E","T","E","M","?","?","M","R","BOSS","M","?","M","M","?","R","E","R","T","E","$","?","M","E","R","BOSS","BOSS","R","$","E","BOSS"],"items_purchased_type":["Card","Card","Card","Potion"],"build_version":"2020-12-22","purchased_purges":3,"victory":false,"max_hp_per_floor":[75,75,75,75,75,75,75,75,75,75,75,75,75,75,75,75,75,75,75,75,75,75,75,75,75,75,75,75,75,75,75,75,75,75,75,75,75,75,75,75,75,75,75,75,75,75,75,75,75,75,75,75,75,75,75,75,75],"card_choices":[{"not_picked":["Forethought","Mind Blast"],"picked":"Finesse","floor":0.0},{"not_picked":["Pommel Strike","Rupture","Thunderclap"],"picked":"SKIP","floor":1.0},{"not_picked":["Twin Strike","Metallicize","Dual Wield"],"picked":"SKIP","floor":6.0},{"not_picked":["Dual Wield","Pummel"],"picked":"Flex","floor":8.0},{"not_picked":["Thunderclap","Anger","True Grit"],"picked":"SKIP","floor":12.0},{"not_picked":["Combust","Sword Boomerang"],"picked":"Uppercut","floor":14.0},{"not_picked":["Impervious","Berserk"],"picked":"Juggernaut","floor":16.0},{"not_picked":["Ghostly Armor","Heavy Blade"],"picked":"Pommel Strike+1","floor":18.0},{"not_picked":["Clash","Sever Soul","Pommel Strike"],"picked":"SKIP","floor":20.0},{"not_picked":["Pommel Strike+1","Dual Wield","Heavy Blade+1"],"picked":"SKIP","floor":21.0},{"not_picked":["Infernal Blade","Havoc","Anger"],"picked":"SKIP","floor":23.0},{"not_picked":["Cleave+1","Clash"],"picked":"Barricade","floor":25.0},{"not_picked":["Heavy Blade","Wild Strike","Body Slam"],"picked":"SKIP","floor":27.0},{"not_picked":["Pommel Strike","Infernal Blade","Sword Boomerang+1"],"picked":"SKIP","floor":28.0},{"not_picked":["Headbutt","Armaments","Thunderclap"],"picked":"SKIP","floor":31.0},{"not_picked":["Warcry","Headbutt+1","Reckless Charge+1"],"picked":"SKIP","floor":35.0},{"not_picked":["Pommel Strike","Intimidate","Perfected Strike"],"picked":"SKIP","floor":37.0},{"not_picked":["True Grit+1","Feed","Warcry"],"picked":"SKIP","floor":38.0},{"not_picked":["Sword Boomerang","Dark Embrace","Pommel Strike"],"picked":"SKIP","floor":41.0},{"not_picked":["Havoc","Sentinel","Heavy Blade+1"],"picked":"SKIP","floor":44.0},{"not_picked":["Iron Wave","Pommel Strike","Sever Soul"],"picked":"SKIP","floor":47.0},{"not_picked":["Dark Embrace","Rampage","Impervious"],"picked":"SKIP","floor":48.0},{"not_picked":["Anger","Shrug It Off","Searing Blow"],"picked":"SKIP","floor":55}],"player_experience":302370,"relics_obtained":[{"floor":6.0,"key":"Lantern"},{"floor":8.0,"key":"Toy Ornithopter"},{"floor":9.0,"key":"Potion Belt"},{"floor":12.0,"key":"Pantograph"},{"floor":23.0,"key":"Oddly Smooth Stone"},{"floor":25.0,"key":"Darkstone Periapt"},{"floor":26.0,"key":"Bag of Marbles"},{"floor":27.0,"key":"Pen Nib"},{"floor":36.0,"key":"Ginger"},{"floor":41.0,"key":"White Beast Statue"},{"floor":44.0,"key":"Bag of Preparation"},{"floor":48.0,"key":"Akabeko"},{"floor":55,"key":"Anchor"}],"event_choices":[{"damage_healed":0.0,"max_hp_gain":0.0,"max_hp_loss":0.0,"gold_gain":0.0,"event_name":"Liars Game","player_choice":"Ignored","floor":3.0,"gold_loss":0.0,"damage_taken":0.0},{"damage_healed":0.0,"max_hp_gain":0.0,"max_hp_loss":0.0,"gold_gain":0.0,"event_name":"Golden Idol","player_choice":"Take Damage","floor":4.0,"gold_loss":0.0,"damage_taken":26.0,"relics_obtained":["Golden Idol"]},{"cards_removed":["Iron Wave"],"damage_healed":0.0,"max_hp_gain":0.0,"max_hp_loss":0.0,"gold_gain":0.0,"event_name":"Golden Wing","player_choice":"Card Removal","floor":5.0,"gold_loss":0.0,"damage_taken":7.0},{"damage_healed":25.0,"max_hp_gain":0.0,"max_hp_loss":0.0,"gold_gain":0.0,"event_name":"Big Fish","player_choice":"Banana","floor":10.0,"gold_loss":0.0,"damage_taken":0.0},{"damage_healed":0.0,"max_hp_gain":0.0,"max_hp_loss":0.0,"gold_gain":0.0,"event_name":"Addict","player_choice":"Obtained Relic","floor":29.0,"gold_loss":85.0,"damage_taken":0.0,"relics_obtained":["Art of War"]},{"damage_healed":0.0,"max_hp_gain":0.0,"max_hp_loss":0.0,"gold_gain":0.0,"event_name":"Forgotten Altar","player_choice":"Gave Idol","floor":30.0,"relics_lost":["Golden Idol"],"gold_loss":0.0,"damage_taken":0.0,"relics_obtained":["Bloody Idol"]},{"damage_healed":0.0,"max_hp_gain":0.0,"max_hp_loss":0.0,"gold_gain":0.0,"event_name":"Mysterious Sphere","player_choice":"Fight","floor":36.0,"gold_loss":0.0,"damage_taken":0.0},{"damage_healed":0.0,"max_hp_gain":0.0,"max_hp_loss":0.0,"gold_gain":0.0,"event_name":"SensoryStone","player_choice":"Memory 3","floor":39.0,"gold_loss":0.0,"damage_taken":10.0},{"damage_healed":0.0,"max_hp_gain":0.0,"max_hp_loss":0.0,"gold_gain":0.0,"event_name":"Match and Keep!","player_choice":"0 cards matched","floor":46.0,"gold_loss":0.0,"damage_taken":0.0,"cards_obtained":[]}],"is_beta":false,"boss_relics":[{"not_picked":["Runic Dome","Ectoplasm"],"picked":"Philosopher\u0027s Stone"},{"not_picked":["SlaversCollar","Cursed Key"],"picked":"Coffee Dripper"}],"items_purged_floors":[2,13,54],"is_endless":false,"potions_floor_spawned":[1,8,14,16,20,21,23,35,37,44,47,48,55],"killed_by":"The Heart","ascension_level":20}}