{"host":"rmt60uil2jppa14k","time":1612990084,"event":{"mods":["AchievementEnabler","BaseMod","Better Third Choice","Colored Powertips","Highlight Path","Minty Spire (QoL Compilation)","Quick Restart","Rare Cards Sparkle","Shop Mod","StSLib"],"gold_per_floor":[116,126,139,139,14,14,14,27,54,79,79,79,102,102,102,102,102],"floor_reached":16,"language":"ENG","playtime":399,"items_purged":[],"score":92,"play_id":"af5448ed-8a2a-4077-9615-8875166d7fb5","local_time":"20210210204804","is_ascension_mode":false,"campfire_choices":[{"floor":6,"key":"REST"},{"data":"Conserve Battery","floor":12,"key":"SMITH"},{"floor":15,"key":"REST"}],"circlet_count":0,"master_deck":["Strike_B+1","Strike_B","Strike_B","Strike_B","Defend_B+1","Defend_B","Defend_B","Defend_B","Zap","Dualcast","BootSequence","Conserve Battery+1","Coolheaded","Storm","Gash","Injury","Redo","Turbo","Tempest"],"relics":["Cracked Core","NeowsBlessing","Golden Idol","Potion Belt"],"acts_visited":["Exordium"],"potions_floor_usage":[16,16],"damage_taken":[{"damage":0,"enemies":"Small Slimes","floor":1,"turns":1},{"damage":0,"enemies":"Jaw Worm","floor":2,"turns":1},{"damage":0,"enemies":"2 Louse","floor":3,"turns":1},{"damage":3,"enemies":"Exordium Wildlife","floor":8,"turns":5},{"damage":0,"enemies":"Lots of Slimes","floor":10,"turns":4},{"damage":3,"enemies":"2 Fungi Beasts","floor":13,"turns":3},{"damage":57,"enemies":"Hexaghost","floor":16,"turns":10}],"seed_played":"-2257887888042413696","potions_obtained":[{"floor":1,"key":"Regen Potion"},{"floor":3,"key":"Swift Potion"},{"floor":8,"key":"SmokeBomb"}],"is_trial":false,"path_per_floor":["M","M","M","?","$","R","?","M","T","M","?","R","M","?","R","B"],"character_chosen":"DEFECT","items_purchased":["Storm","Gash"],"campfire_rested":2,"item_purchase_floors":[5,5],"current_hp_per_floor":[75,75,75,60,60,75,75,72,72,72,77,77,74,74,80,35,35],"gold":102,"neow_bonus":"THREE_ENEMY_KILL","is_daily":false,"chose_seed":false,"campfire_upgraded":1,"win_rate":0.0,"timestamp":1612990084,"path_taken":["M","M","M","?","$","R","?","M","T","M","?","R","M","?","R","BOSS"],"items_purchased_type":["Card","Card"],"build_version":"2020-12-22","purchased_purges":0,"victory":false,"max_hp_per_floor":[75,75,75,75,75,75,75,75,75,75,80,80,80,80,80,80,80],"card_choices":[{"not_picked":["Sweeping Beam","Double Energy"],"picked":"BootSequence","floor":1},{"not_picked":["Lockon","Go for the Eyes"],"picked":"Conserve Battery","floor":2},{"not_picked":["Chill","Fusion"],"picked":"Coolheaded","floor":3},{"not_picked":["Lockon","Gash"],"picked":"Redo","floor":8},{"not_picked":["Scrape","Consume"],"picked":"Turbo","floor":10},{"not_picked":["Auto Shields","Rebound"],"picked":"Tempest","floor":13}],"player_experience":150269,"relics_obtained":[{"floor":9,"key":"Potion Belt"}],"event_choices":[{"damage_healed":75,"gold_gain":0,"player_choice":"Upgrade","damage_taken":15,"max_hp_gain":0,"max_hp_loss":75,"event_name":"betterThird:BetterShining","floor":4,"gold_loss":0,"cards_upgraded":["Defend_B","Strike_B"]},{"damage_healed":0,"gold_gain":0,"player_choice":"Take Wound","damage_taken":0,"relics_obtained":["Golden Idol"],"max_hp_gain":0,"max_hp_loss":0,"event_name":"Golden Idol","floor":7,"gold_loss":0,"cards_obtained":["Injury"]},{"damage_healed":0,"gold_gain":0,"player_choice":"Donut","damage_taken":0,"max_hp_gain":5,"max_hp_loss":0,"event_name":"Big Fish","floor":11,"gold_loss":0},{"damage_healed":0,"gold_gain":0,"player_choice":"Ignored","damage_taken":102,"max_hp_gain":0,"max_hp_loss":0,"event_name":"betterThird:BetterSerpent","floor":14,"gold_loss":0}],"is_beta":false,"boss_relics":[],"items_purged_floors":[],"is_endless":false,"potions_floor_spawned":[1,3,8],"killed_by":"Hexaghost","ascension_level":0}}