{"host":"x205naxbihvu3p76","time":1612971592,"event":{"mods":["AchievementEnabler","BaseMod","Minty Spire (QoL Compilation)","StSLib","SuperFastMode"],"gold_per_floor":[111,111,126,14,29,29,42,56,79,110,110,123,123,123,123,123,123],"floor_reached":16,"language":"KOR","playtime":258,"items_purged":["Strike_R"],"score":199,"play_id":"d03a9960-4047-4d5f-a6b8-ea5aa11fa3ef","local_time":"20210211003952","is_ascension_mode":true,"campfire_choices":[{"data":"Searing Blow","floor":6,"key":"SMITH"},{"data":"Searing Blow+1","floor":11,"key":"SMITH"},{"data":"Searing Blow+2","floor":13,"key":"SMITH"},{"data":"Searing Blow+4","floor":15,"key":"SMITH"}],"circlet_count":0,"master_deck":["AscendersBane","Strike_R","Strike_R","Strike_R","Defend_R","Defend_R","Defend_R","Defend_R","Bash","Uppercut","Pommel Strike","Searing Blow+5","Ghostly Armor","Seeing Red"],"relics":["Burning Blood","NeowsBlessing","Pen Nib","Bag of Marbles"],"acts_visited":["Exordium"],"potions_floor_usage":[],"damage_taken":[{"damage":0.0,"enemies":"2 Louse","floor":1.0,"turns":1.0},{"damage":0.0,"enemies":"Cultist","floor":3.0,"turns":1.0},{"damage":0,"enemies":"Small Slimes","floor":5,"turns":1},{"damage":30,"enemies":"Gremlin Gang","floor":7,"turns":5},{"damage":1,"enemies":"3 Louse","floor":8,"turns":4},{"damage":35,"enemies":"3 Sentries","floor":10,"turns":8},{"damage":0,"enemies":"2 Fungi Beasts","floor":12,"turns":3},{"damage":53,"enemies":"Slime Boss","floor":16,"turns":7}],"seed_played":"3673967941663532559","potions_obtained":[{"floor":1.0,"key":"FairyPotion"},{"floor":8,"key":"Dexterity Potion"}],"is_trial":false,"path_per_floor":["M","?","M","$","M","R","M","M","T","E","R","M","R","?","R","B"],"character_chosen":"IRONCLAD","items_purchased":["Searing Blow"],"campfire_rested":0,"item_purchase_floors":[4],"current_hp_per_floor":[74,74,75,75,75,75,51,56,56,27,27,33,33,33,33,2,2],"gold":123,"neow_bonus":"THREE_ENEMY_KILL","is_daily":false,"chose_seed":false,"campfire_upgraded":4,"win_rate":0.0,"timestamp":1612971592,"path_taken":["M","?","M","$","?","R","M","M","T","E","R","M","R","?","R","BOSS"],"items_purchased_type":["Card"],"build_version":"2020-12-22","purchased_purges":1,"victory":false,"max_hp_per_floor":[75,75,75,75,75,75,75,75,75,75,75,75,75,75,75,75,75],"card_choices":[{"not_picked":["Reckless Charge","Ghostly Armor"],"picked":"Uppercut","floor":1.0},{"not_picked":["Armaments","Iron Wave"],"picked":"Pommel Strike","floor":3.0},{"not_picked":["Wild Strike","Rage"],"picked":"Ghostly Armor","floor":5},{"not_picked":["Entrench","Twin Strike","Sword Boomerang"],"picked":"SKIP","floor":7},{"not_picked":["Hemokinesis","Dark Embrace","Seeing Red"],"picked":"SKIP","floor":8},{"not_picked":["Hemokinesis","Dark Embrace"],"picked":"Seeing Red","floor":8},{"not_picked":["Flex","Feed","Combust"],"picked":"SKIP","floor":10},{"not_picked":["Twin Strike","Rupture","Wild Strike"],"picked":"SKIP","floor":12}],"player_experience":1033558,"relics_obtained":[{"floor":9,"key":"Pen Nib"},{"floor":10,"key":"Bag of Marbles"}],"event_choices":[{"cards_removed":["Strike_R"],"damage_healed":0.0,"max_hp_gain":0.0,"max_hp_loss":0.0,"gold_gain":0.0,"event_name":"Bonfire Elementals","player_choice":"Offered Basic","floor":2.0,"gold_loss":0.0,"damage_taken":0.0},{"damage_healed":0,"gold_gain":0,"player_choice":"Upgraded","damage_taken":0,"max_hp_gain":0,"max_hp_loss":0,"event_name":"Upgrade Shrine","floor":14,"gold_loss":0,"cards_upgraded":["Searing Blow"]}],"is_beta":false,"boss_relics":[],"items_purged_floors":[4],"is_endless":false,"potions_floor_spawned":[1,8],"killed_by":"Slime Boss","ascension_level":19}}