{"host":"8t5dkgm85abdp22d","time":1612921921,"event":{"mods":["Act Like it!","BaseMod","Colored Powertips","Gensokyo","Minty Spire (QoL Compilation)","Reliquary","StSLib","TheWitcher","UnlockEverythingMod","Yakumo Yukari mod","°æ“≈ŒÔø®≈∆°øREMEMod","≤–¡Ù÷ÆŒÔ"],"gold_per_floor":[18,36,36,48,67,129,129,158,158,187,227,245,245,18,18,153,153,176,136,136,136,162,187,187,205,205],"floor_reached":25,"language":"ZHS","playtime":1199,"items_purged":[],"score":223,"play_id":"0bf1ba59-fc51-46a1-bc7e-6b1b24d9a4f8","local_time":"20210210095201","is_ascension_mode":false,"campfire_choices":[{"data":"Gensokyo:RisingWorld","floor":7.0,"key":"SMITH"},{"data":"AdvanceAttack_purple","floor":13.0,"key":"SMITH"},{"floor":15.0,"key":"REST"},{"floor":24,"key":"REST"}],"circlet_count":0,"master_deck":["AT_purpleEX","AT_purpleEX","Defend_purpleEX","Defend_purpleEX","Observe_purple_2","Gensokyo:RisingWorld+1","AdvanceAttack_purple+1","WasteWire_Metro_purple+1","DimensionStaggered_purple","Human_Monster_Realm_purple+1","CurseOfTheBell","Writhe","Fancifulhole_purple+1"],"relics":["Boundary_crack","Memoryfragments_purpleEX","REME_ComplimentaryCards","Anchor","Molten Egg 2","StrikeDummy","REME_ArchaeologicalTools","DollysMirror","Calling Bell","REME_PuzzleBoxRelic","Shuriken","REME_IWantAll","reliquary:OuijaBoard","Calipers"],"acts_visited":["Exordium","Gensokyo:Gensokyo"],"potions_floor_usage":[],"damage_taken":[{"damage":4.0,"enemies":"Gensokyo:3_Fairies","floor":1.0,"turns":4.0},{"damage":3.0,"enemies":"Gensokyo:Python","floor":2.0,"turns":3.0},{"damage":7.0,"enemies":"Gensokyo:2_Kodama","floor":4.0,"turns":4.0},{"damage":5.0,"enemies":"Gensokyo:VengefulSpirit","floor":5.0,"turns":4.0},{"damage":21.0,"enemies":"Gensokyo:Aya","floor":6.0,"turns":6.0},{"damage":35.0,"enemies":"Gensokyo:Cirno","floor":8.0,"turns":7.0},{"damage":8.0,"enemies":"Gensokyo:Aya","floor":10.0,"turns":4.0},{"damage":0.0,"enemies":"Gensokyo:2_Rabbits","floor":11.0,"turns":2.0},{"damage":0.0,"enemies":"Gensokyo:Kitsune","floor":12.0,"turns":3.0},{"damage":14.0,"enemies":"Gensokyo:Kokoro","floor":16.0,"turns":10.0},{"damage":24,"enemies":"Gensokyo:AngelMirror","floor":18,"turns":4},{"damage":12,"enemies":"Gensokyo:3_Dogs","floor":22,"turns":6},{"damage":29,"enemies":"Gensokyo:Chomper_and_Gloop","floor":23,"turns":5},{"damage":7,"enemies":"Gensokyo:Monolith_and_Dog","floor":25,"turns":3}],"seed_played":"-2679687527209190328","potions_obtained":[{"floor":2.0,"key":"EntropicBrew"},{"floor":10.0,"key":"LiquidMemories"},{"floor":11.0,"key":"EntropicBrew"}],"is_trial":false,"path_per_floor":["M","M","?","M","M","E","R","E","T","E","M","M","R","COS","R","B",null,"M","?","?","?","M","M","R","M"],"character_chosen":"Youkari","items_purchased":[],"campfire_rested":2,"item_purchase_floors":[],"current_hp_per_floor":[66,64,71,68,64,47,47,15,15,9,10,13,13,13,36,27,77,56,56,56,56,49,20,43,36,36],"gold":205,"neow_bonus":"REMOVE_TWO","is_daily":false,"chose_seed":false,"campfire_upgraded":2,"win_rate":0.0,"timestamp":1612921921,"path_taken":["M","M","?","M","M","E","R","E","T","E","M","M","R","COS","R","BOSS","M","?","?","?","?","M","R","M"],"items_purchased_type":[],"build_version":"2020-12-22","purchased_purges":0,"victory":false,"max_hp_per_floor":[70,70,77,77,77,77,77,77,77,77,77,77,77,77,77,77,77,77,77,77,77,77,77,77,77,77],"card_choices":[{"not_picked":["Umbrella_purple","Mirror_FourBoundary_purple"],"picked":"AdvanceAttack_purple","floor":1.0},{"not_picked":["StateErode_purple","Nest_LightFlightworm_purple","SfantasyHide_purple"],"picked":"SKIP","floor":2.0},{"not_picked":["StateErode_purple","Boundary_DreamRealityDamnation_purple","Shallow_ocean_purpleEX"],"picked":"SKIP","floor":4.0},{"not_picked":["StateDuplicate_purple","Mirror_FormAndEmptin_purple","Photoelasticity_Doppler_Effect_purple"],"picked":"SKIP","floor":5.0},{"not_picked":["Yakumo_Ran_purple","CommonSense_AntiCommonSense_purple","ExistenceContinue_purple"],"picked":"SKIP","floor":6.0},{"not_picked":["AdvanceAttack_purple+1","Worldmountain_purple+1"],"picked":"WasteWire_Metro_purple+1","floor":8.0},{"not_picked":["Realm_recovery_purpleEX","Umbrella_purple+1","Yakumo_Ran_purple"],"picked":"SKIP","floor":10.0},{"not_picked":["Umbrella_purple+1","Bait_HighSpeedFlying_purple+1","Boundary_ObjectiveBoundary_purple"],"picked":"SKIP","floor":11.0},{"not_picked":["Boundary_ObjectiveBoundary_purple","Nest_LightFlightworm_purple+1"],"picked":"DimensionStaggered_purple","floor":12.0},{"not_picked":["Fancifulhole_purple+1","ProofOfUnderstanding_purple"],"picked":"Human_Monster_Realm_purple","floor":16.0},{"not_picked":["WeekHit_purple+1","DarkRealmRedLine_purple+1","DimensionStaggered_purple+1"],"picked":"SKIP","floor":18},{"not_picked":["MNeedle_purple+1","Worldmountain_purple+1","Boundary_of_Extermination_purpleEX"],"picked":"SKIP","floor":22},{"not_picked":["RuleDissolution_purple","Mirror_Drifter_purple+1","SfantasyHide_purple"],"picked":"SKIP","floor":23}],"player_experience":70842,"relics_obtained":[{"floor":6.0,"key":"Anchor"},{"floor":8.0,"key":"Molten Egg 2"},{"floor":9.0,"key":"StrikeDummy"},{"floor":10.0,"key":"REME_ArchaeologicalTools"},{"floor":17,"key":"REME_PuzzleBoxRelic"},{"floor":17,"key":"Shuriken"},{"floor":17,"key":"REME_IWantAll"}],"event_choices":[],"is_beta":false,"boss_relics":[{"not_picked":["reliquary:RedPaperclip","REME_DemonsWealth"],"picked":"Calling Bell"}],"items_purged_floors":[],"is_endless":false,"potions_floor_spawned":[2,10,11,12,16,23],"killed_by":"Gensokyo:Monolith_and_Dog","ascension_level":0}}