{"host":"19r1ww88x2tc73i0","time":1612952968,"event":{"mods":["BaseMod","BetterRewards","Colored Map","Minty Spire (QoL Compilation)","Relic Stats","StSLib","SuperFastMode","slay the spire mod where everything is the same but ironclad has a cowboy hat"],"gold_per_floor":[116,116,116,16,68,68,102,102,102,127,202,202,223,257,257,346,346,369,417,461,386,399,399,399,399,424,60,78,15,53,76,76,169,169,184,197,419,419,443,484,505,505,559,600,323,341,372,390,390,390,390,390,390,219,253,253],"floor_reached":57,"language":"ENG","playtime":3426,"items_purged":["Strike_B","Strike_B","Strike_B","Defend_B"],"score":3107,"play_id":"17b2830d-b6d7-472d-9831-c6aa59832357","local_time":"25640210172928","is_ascension_mode":true,"campfire_choices":[{"data":"Defragment","floor":6.0,"key":"SMITH"},{"floor":8.0,"key":"REST"},{"floor":12.0,"key":"REST"},{"data":"Capacitor","floor":15.0,"key":"SMITH"},{"data":"Biased Cognition","floor":23.0,"key":"SMITH"},{"floor":25.0,"key":"REST"},{"floor":32.0,"key":"DIG"},{"floor":42,"key":"DIG"},{"floor":49,"key":"RECALL"},{"floor":53,"key":"DIG"}],"circlet_count":0,"master_deck":["AscendersBane","Defend_B","Defend_B","Defend_B","Zap","Dualcast","Defragment+1","Sweeping Beam","Compile Driver","Lockon","Conserve Battery","Rebound","Coolheaded","Capacitor+1","Biased Cognition+1","White Noise+1","Chill","Coolheaded","Machine Learning","Skim","Reboot+1","Hologram+1","Coolheaded+1","PanicButton+1","Panacea+1","Ball Lightning+1","Double Energy+1","Fusion+1","BootSequence+1","Hello World+1","Creative AI","Double Energy+1","Electrodynamics","Recycle+1","Reinforced Body+1","Fission+1","Blizzard+1"],"relics":["Cracked Core","Runic Capacitor","Oddly Smooth Stone","Membership Card","Ice Cream","White Beast Statue","Golden Idol","Lantern","Chemical X","Toy Ornithopter","Question Card","Singing Bowl","SlaversCollar","Potion Belt","Red Mask","Enchiridion","Pen Nib","Shovel","Meat on the Bone","Turnip","Toxic Egg 2","Coffee Dripper","Centennial Puzzle","Bottled Flame","Blood Vial","Happy Flower","ClockworkSouvenir","Bronze Scales","Eternal Feather","Mercury Hourglass","Art of War","Orrery","Bag of Preparation"],"acts_visited":["Exordium","TheCity","TheBeyond","TheEnding"],"potions_floor_usage":[33,41,46,47,48,51,55,56],"damage_taken":[{"damage":2.0,"enemies":"Small Slimes","floor":1.0,"turns":3.0},{"damage":25.0,"enemies":"Gremlin Nob","floor":7.0,"turns":4.0},{"damage":0.0,"enemies":"Jaw Worm","floor":10.0,"turns":2.0},{"damage":0.0,"enemies":"2 Louse","floor":13.0,"turns":2.0},{"damage":10.0,"enemies":"Lagavulin","floor":14.0,"turns":5.0},{"damage":30.0,"enemies":"Hexaghost","floor":16.0,"turns":12.0},{"damage":11.0,"enemies":"Spheric Guardian","floor":18.0,"turns":5.0},{"damage":4.0,"enemies":"Masked Bandits","floor":20.0,"turns":3.0},{"damage":10.0,"enemies":"Shell Parasite","floor":22.0,"turns":5.0},{"damage":0.0,"enemies":"Centurion and Healer","floor":28.0,"turns":7.0},{"damage":1.0,"enemies":"Slavers","floor":30.0,"turns":6.0},{"damage":0.0,"enemies":"3 Cultists","floor":31.0,"turns":6.0},{"damage":0,"enemies":"Automaton","floor":33,"turns":9},{"damage":0,"enemies":"3 Darklings","floor":35,"turns":7},{"damage":0,"enemies":"Orb Walker","floor":36,"turns":2},{"damage":0,"enemies":"Jaw Worm Horde","floor":39,"turns":2},{"damage":5,"enemies":"Nemesis","floor":40,"turns":5},{"damage":0,"enemies":"Sphere and 2 Shapes","floor":41,"turns":5},{"damage":0,"enemies":"Giant Head","floor":44,"turns":7},{"damage":0,"enemies":"3 Darklings","floor":46,"turns":4},{"damage":11,"enemies":"Nemesis","floor":47,"turns":7},{"damage":0,"enemies":"Jaw Worm Horde","floor":48,"turns":6},{"damage":0,"enemies":"Donu and Deca","floor":50,"turns":7},{"damage":39,"enemies":"Awakened One","floor":51,"turns":10},{"damage":0,"enemies":"Shield and Spear","floor":55,"turns":6},{"damage":126,"enemies":"The Heart","floor":56,"turns":7}],"seed_played":"-6600243429404541181","potions_obtained":[{"floor":1.0,"key":"Dexterity Potion"},{"floor":7.0,"key":"Swift Potion"},{"floor":10.0,"key":"PowerPotion"},{"floor":13.0,"key":"Dexterity Potion"},{"floor":14.0,"key":"Swift Potion"},{"floor":16.0,"key":"EssenceOfDarkness"},{"floor":18.0,"key":"AttackPotion"},{"floor":20.0,"key":"SpeedPotion"},{"floor":22.0,"key":"Block Potion"},{"floor":28.0,"key":"EssenceOfDarkness"},{"floor":31.0,"key":"CultistPotion"},{"floor":33,"key":"LiquidMemories"},{"floor":36,"key":"SkillPotion"},{"floor":40,"key":"FairyPotion"},{"floor":41,"key":"DistilledChaos"},{"floor":46,"key":"LiquidMemories"},{"floor":47,"key":"SteroidPotion"},{"floor":48,"key":"FocusPotion"},{"floor":55,"key":"AttackPotion"}],"is_trial":false,"path_per_floor":["M","?","?","$","T","R","E","R","T","M","?","R","M","E","R","B",null,"M","T","?","?","M","R","?","R","T","$","M","$","E","M","R","B",null,"M","M","?","?","M","E","M","R","T","E","$","M","E","M","R","B","B",null,"R","$","E","B",null],"character_chosen":"DEFECT","items_purchased":["Runic Capacitor","Oddly Smooth Stone","Membership Card","Ice Cream","Defragment","White Beast Statue","Sweeping Beam","Chemical X","Lockon","Shovel","Meat on the Bone","ClockworkSouvenir","Bronze Scales","BootSequence+1","Art of War","Orrery"],"campfire_rested":3,"item_purchase_floors":[0,0,0,0,0,0,0,4,4,27,27,45,45,45,54,54],"current_hp_per_floor":[30,30,25,25,25,25,5,24,24,24,13,32,32,27,27,7,50,39,39,40,40,30,30,9,28,28,28,42,42,41,41,41,46,61,61,61,61,56,56,51,56,56,56,60,60,67,62,68,68,68,41,61,68,70,70,17],"gold":253,"neow_bonus":"","is_daily":false,"chose_seed":false,"campfire_upgraded":3,"win_rate":0.0,"timestamp":1612952968,"path_taken":["M","?","?","$","?","R","E","R","T","M","?","R","?","E","R","BOSS","M","?","?","?","M","R","?","R","T","$","M","?","E","M","R","BOSS","M","M","?","?","M","E","M","R","T","E","?","M","E","?","R","BOSS","BOSS","R","$","E","BOSS"],"items_purchased_type":["Relic","Relic","Relic","Relic","Card","Relic","Card","Relic","Card","Relic","Relic","Relic","Relic","Card","Relic","Relic"],"build_version":"2020-12-22","purchased_purges":4,"victory":true,"max_hp_per_floor":[71,64,64,64,64,64,64,64,64,64,64,64,64,64,64,64,64,64,64,64,64,64,64,64,64,64,64,66,66,66,66,66,66,66,66,66,66,66,66,66,66,66,66,68,68,68,68,68,68,68,68,68,68,70,70,70],"relic_stats":{"Singing Bowl":6,"Happy Flower":[15],"counters":[92,438],"Golden Idol":203,"Eternal Feather":7,"Pen Nib":[15],"Bag of Preparation":[2],"Question Card":28,"Mercury Hourglass":[39],"Blood Vial":7,"Centennial Puzzle":[9],"Shovel":3,"Bronze Scales":[261],"Turnip":[7],"Art of War":[1],"Chemical X":[3],"obtain_stats":[{"Ice Cream":0,"Gremlin Horn":28,"CeramicFish":24,"Vajra":14,"Runic Capacitor":0,"Boot":30,"FrozenCore":17,"Blood Vial":43,"Centennial Puzzle":0,"HornCleat":0,"Sundial":12,"MealTicket":40,"Toxic Egg 2":32,"Happy Flower":0,"Astrolabe":17,"Dead Branch":7,"Oddly Smooth Stone":0,"Eternal Feather":47,"Pen Nib":0,"Question Card":7,"SlaversCollar":17,"Bottled Flame":42,"Shuriken":9,"Bronze Scales":45,"Meat on the Bone":27,"Regal Pillow":31,"Lantern":3,"Singing Bowl":14,"SacredBark":34,"Enchiridion":24,"Incense Burner":0,"Juzu Bracelet":13,"Bag of Preparation":55,"PrismaticShard":27,"Smiling Mask":9,"ClockworkSouvenir":12,"Shovel":0,"Matryoshka":12,"Mummified Hand":0,"Pantograph":0,"Tiny Chest":26,"WingedGreaves":6,"Red Mask":20,"Chemical X":4,"Cracked Core":0,"Potion Belt":14,"Lee\u0027s Waffle":0,"Inserter":34,"Golden Idol":2,"Thread and Needle":0,"Omamori":26,"White Beast Statue":0,"Mercury Hourglass":8,"Strange Spoon":37,"DataDisk":9,"Anchor":0,"Orrery":54,"Turnip":30,"Coffee Dripper":34,"Art of War":54,"Membership Card":31,"Toy Ornithopter":5},{"Ice Cream":66,"Gremlin Horn":20,"CeramicFish":19,"Vajra":33,"Runic Capacitor":27,"Boot":21,"FrozenCore":15,"Blood Vial":84,"Centennial Puzzle":6,"HornCleat":47,"Sundial":32,"MealTicket":46,"Toxic Egg 2":78,"Happy Flower":27,"Astrolabe":34,"Dead Branch":57,"Oddly Smooth Stone":6,"Eternal Feather":87,"Pen Nib":47,"Question Card":68,"SlaversCollar":72,"Bottled Flame":84,"Shuriken":30,"Bronze Scales":85,"Meat on the Bone":75,"Regal Pillow":21,"Lantern":67,"Singing Bowl":71,"SacredBark":42,"Enchiridion":75,"Incense Burner":27,"Juzu Bracelet":59,"Bag of Preparation":91,"PrismaticShard":38,"Smiling Mask":58,"ClockworkSouvenir":58,"Shovel":6,"Matryoshka":13,"Mummified Hand":51,"Pantograph":51,"Tiny Chest":19,"WingedGreaves":11,"Red Mask":74,"Chemical X":67,"Cracked Core":0,"Potion Belt":14,"Lee\u0027s Waffle":6,"Inserter":22,"Golden Idol":67,"Thread and Needle":27,"Omamori":19,"White Beast Statue":66,"Mercury Hourglass":13,"Strange Spoon":44,"DataDisk":13,"Anchor":47,"Orrery":90,"Turnip":77,"Coffee Dripper":79,"Art of War":90,"Membership Card":21,"Toy Ornithopter":67},{"Ice Cream":294,"Gremlin Horn":92,"CeramicFish":87,"Vajra":156,"Runic Capacitor":137,"Boot":97,"FrozenCore":65,"Blood Vial":384,"Centennial Puzzle":22,"HornCleat":222,"Sundial":152,"MealTicket":220,"Toxic Egg 2":354,"Happy Flower":137,"Astrolabe":164,"Dead Branch":254,"Oddly Smooth Stone":22,"Eternal Feather":402,"Pen Nib":222,"Question Card":301,"SlaversCollar":322,"Bottled Flame":384,"Shuriken":145,"Bronze Scales":391,"Meat on the Bone":335,"Regal Pillow":97,"Lantern":297,"Singing Bowl":310,"SacredBark":194,"Enchiridion":335,"Incense Burner":137,"Juzu Bracelet":261,"Bag of Preparation":431,"PrismaticShard":173,"Smiling Mask":256,"ClockworkSouvenir":256,"Shovel":22,"Matryoshka":53,"Mummified Hand":235,"Pantograph":235,"Tiny Chest":87,"WingedGreaves":43,"Red Mask":330,"Chemical X":297,"Cracked Core":0,"Potion Belt":57,"Lee\u0027s Waffle":22,"Inserter":105,"Golden Idol":297,"Thread and Needle":137,"Omamori":87,"White Beast Statue":294,"Mercury Hourglass":53,"Strange Spoon":202,"DataDisk":53,"Anchor":222,"Orrery":425,"Turnip":348,"Coffee Dripper":363,"Art of War":425,"Membership Card":97,"Toy Ornithopter":297}],"Toy Ornithopter":54,"Meat on the Bone":36},"card_choices":[{"not_picked":["Steam","Undo"],"picked":"Compile Driver","floor":1.0},{"not_picked":["Hologram","Storm"],"picked":"Conserve Battery","floor":7.0},{"not_picked":["Coolheaded","Steam","Gash"],"picked":"Rebound","floor":10.0},{"not_picked":["Rebound","Leap","Loop"],"picked":"Coolheaded","floor":13.0},{"not_picked":["Rebound","Doom and Gloom","Gash"],"picked":"Capacitor","floor":14.0},{"not_picked":["Thunder Strike","Buffer","Core Surge"],"picked":"Biased Cognition","floor":16.0},{"not_picked":["Redo","Beam Cell","Gash"],"picked":"White Noise+1","floor":18.0},{"not_picked":["Aggregate","Auto Shields","Coolheaded"],"picked":"Chill","floor":20.0},{"not_picked":["Go for the Eyes","Darkness","Leap"],"picked":"Coolheaded","floor":22.0},{"not_picked":["Loop","Gash","Redo","Coolheaded"],"picked":"Singing Bowl","floor":28.0},{"not_picked":["White Noise","Leap","Steam"],"picked":"Machine Learning","floor":30.0},{"not_picked":["Sunder","Steam","Stack"],"picked":"Skim","floor":31.0},{"not_picked":["Amplify+1","Fission+1","Machine Learning"],"picked":"Reboot+1","floor":33},{"not_picked":["Steam+1","Barrage","Capacitor"],"picked":"Hologram+1","floor":35},{"not_picked":["Compile Driver","Rebound","Leap+1"],"picked":"Coolheaded+1","floor":36},{"not_picked":["Sadistic Nature","Metamorphosis+1","Chrysalis+1"],"picked":"PanicButton+1","floor":38},{"not_picked":["Trip+1","Flash of Steel","Deep Breath+1"],"picked":"Panacea+1","floor":38},{"not_picked":["Rebound","Melter+1","Gash"],"picked":"Ball Lightning+1","floor":39},{"not_picked":["Beam Cell+1","Capacitor","Steam+1"],"picked":"Double Energy+1","floor":40},{"not_picked":["Rebound","Double Energy+1","Aggregate+1"],"picked":"Fusion+1","floor":41},{"not_picked":["Doom and Gloom","Sunder","Aggregate+1","Gash"],"picked":"Singing Bowl","floor":44},{"not_picked":["Go for the Eyes","Gash","Steam+1"],"picked":"Hello World+1","floor":46},{"not_picked":["Cold Snap","Static Discharge+1","Streamline+1"],"picked":"Creative AI","floor":47},{"not_picked":["Coolheaded+1","Hello World+1","Steam+1"],"picked":"Double Energy+1","floor":48},{"not_picked":["Leap+1","Coolheaded+1","Redo+1","Barrage"],"picked":"Singing Bowl","floor":54},{"not_picked":["Lockon","Self Repair","Leap+1"],"picked":"Electrodynamics","floor":54},{"not_picked":["White Noise+1","Loop","Stack+1"],"picked":"Recycle+1","floor":54},{"not_picked":["Heatsinks+1","Multi-Cast+1","Streamline"],"picked":"Reinforced Body+1","floor":54},{"not_picked":["Creative AI","Barrage","Sweeping Beam"],"picked":"Fission+1","floor":54},{"not_picked":["Coolheaded+1","Stack+1","Recycle+1"],"picked":"Blizzard+1","floor":55}],"player_experience":1044212,"relics_obtained":[{"floor":5.0,"key":"Toy Ornithopter"},{"floor":7.0,"key":"Question Card"},{"floor":14.0,"key":"Singing Bowl"},{"floor":19.0,"key":"Potion Belt"},{"floor":20.0,"key":"Red Mask"},{"floor":24.0,"key":"Enchiridion"},{"floor":26.0,"key":"Pen Nib"},{"floor":30.0,"key":"Turnip"},{"floor":32.0,"key":"Toxic Egg 2"},{"floor":40,"key":"Centennial Puzzle"},{"floor":42,"key":"Bottled Flame"},{"floor":43,"key":"Blood Vial"},{"floor":44,"key":"Happy Flower"},{"floor":47,"key":"Eternal Feather"},{"floor":53,"key":"Mercury Hourglass"},{"floor":55,"key":"Bag of Preparation"}],"event_choices":[{"damage_healed":0.0,"max_hp_gain":0.0,"max_hp_loss":7.0,"gold_gain":0.0,"event_name":"Golden Idol","player_choice":"Lose Max HP","floor":2.0,"gold_loss":0.0,"damage_taken":0.0,"relics_obtained":["Golden Idol"]},{"damage_healed":0.0,"max_hp_gain":0.0,"max_hp_loss":0.0,"gold_gain":0.0,"event_name":"Scrap Ooze","player_choice":"Success","floor":3.0,"gold_loss":0.0,"damage_taken":5.0,"relics_obtained":["Lantern"]},{"damage_healed":0.0,"max_hp_gain":0.0,"max_hp_loss":0.0,"gold_gain":75.0,"event_name":"World of Goop","player_choice":"Gather Gold","floor":11.0,"gold_loss":0.0,"damage_taken":11.0},{"damage_healed":0.0,"max_hp_gain":0.0,"max_hp_loss":0.0,"gold_gain":0.0,"event_name":"Masked Bandits","player_choice":"Fought Bandits","floor":20.0,"gold_loss":0.0,"damage_taken":0.0},{"cards_removed":["Strike_B"],"damage_healed":0.0,"max_hp_gain":0.0,"max_hp_loss":0.0,"gold_gain":0.0,"event_name":"Beggar","player_choice":"Gave Gold","floor":21.0,"gold_loss":75.0,"damage_taken":0.0},{"damage_healed":0.0,"max_hp_gain":0.0,"max_hp_loss":0.0,"gold_gain":0.0,"event_name":"Cursed Tome","player_choice":"Obtained Book","floor":24.0,"gold_loss":0.0,"damage_taken":21.0},{"damage_healed":0,"gold_gain":222,"player_choice":"Wore Mask","damage_taken":0,"max_hp_gain":0,"max_hp_loss":0,"event_name":"Tomb of Lord Red Mask","floor":37,"gold_loss":0},{"damage_healed":0,"gold_gain":0,"player_choice":"Memory 2","damage_taken":5,"max_hp_gain":0,"max_hp_loss":0,"event_name":"SensoryStone","floor":38,"gold_loss":0}],"is_beta":false,"boss_relics":[{"not_picked":["Busted Crown","Fusion Hammer"],"picked":"SlaversCollar"},{"not_picked":["Pandora\u0027s Box","Empty Cage"],"picked":"Coffee Dripper"}],"items_purged_floors":[0,27,29,45],"is_endless":false,"potions_floor_spawned":[1,7,10,13,14,16,18,20,22,28,30,31,33,35,36,39,40,41,44,46,47,48,55],"ascension_level":20}}