{"host":"k1qq3tnzhl68zvao","time":1612961126,"event":{"mods":["ATMod(阿瑾Mod)","AchievementEnabler","BaseMod","Colored Powertips","Conspire","DeckTracker","Downfall","Energized Spire","GifTheSpireLib","Minty Spire (QoL Compilation)","Quick Restart","Relic Filter Mod","Replay The Spire","Spicy Shops","StSLib","【遗物卡牌】REMEMod"],"gold_per_floor":[115,129,140,160,173,208,208,223,223,223,223,248,258,284,284,382,382,392,405,418,24,37,37,71,71,71,82,99,99,131,143,143,244,244,257,276,326,378,396,396,282,282,282],"floor_reached":42,"language":"ZHS","playtime":2676,"items_purged":["Defend_B"],"score":612,"play_id":"20c458ab-3bcd-4f06-a772-e1381c7e0afb","local_time":"20210210204526","is_ascension_mode":true,"campfire_choices":[{"floor":10.0,"key":"REST"},{"data":"AT_FamilyPortrait","floor":15.0,"key":"SMITH"},{"floor":23.0,"key":"REST"},{"data":"Seek","floor":29.0,"key":"SMITH"},{"floor":32.0,"key":"REST"},{"data":"Chill","floor":40,"key":"SMITH"}],"circlet_count":0,"master_deck":["Zap","Dualcast+1","AT_FamilyPortrait+1","Dramatic Entrance+1","Gash","Static Discharge","Gash+1","ReplayTheSpireMod:Calculation Training","Amplify+1","Gash","Ball Lightning+1","Sweeping Beam","Loop","Chill+1","Echo Form","AbeCurse","Leap+1","AT_ThunderBolt+1","Coolheaded","Tempest","Defragment+1","Turbo+1","Crystallizer","Gash","Seek+1","Creative AI","Capacitor","Machine Learning","Hallucinations","ReplayTheSpireMod:IOU","Capacitor","Coolheaded","Force Field","Meteor Strike","ReplayTheSpireMod:Calculation Training+1"],"relics":["AT_ATBox","REME_ComplimentaryCards","conspire:SpecialSausage","DataDisk","conspire:DeflatedDodgeball","Whetstone","conspire:DecoderRing","Abe\u0027s Treasure","Prayer Wheel","Membership Card","Mummified Hand","Ornamental Fan","AT_TimeSand","Ice Cream","CaptainsWheel","Kintsugi","Ginger","Chameleon Ring","Runic Capacitor"],"acts_visited":["Exordium","TheCity","TheBeyond"],"potions_floor_usage":[42],"damage_taken":[{"damage":6.0,"enemies":"Cultist","floor":1.0,"turns":3.0},{"damage":7.0,"enemies":"Jaw Worm","floor":2.0,"turns":2.0},{"damage":0.0,"enemies":"2 Louse","floor":3.0,"turns":2.0},{"damage":0.0,"enemies":"2 Fungi Beasts","floor":4.0,"turns":1.0},{"damage":9.0,"enemies":"Red Slaver","floor":5.0,"turns":3.0},{"damage":12.0,"enemies":"3 Sentries","floor":6.0,"turns":5.0},{"damage":11.0,"enemies":"Blue Slaver","floor":8.0,"turns":3.0},{"damage":0.0,"enemies":"Lagavulin","floor":12.0,"turns":4.0},{"damage":0.0,"enemies":"Large Slime","floor":13.0,"turns":4.0},{"damage":15.0,"enemies":"3 Sentries","floor":14.0,"turns":4.0},{"damage":9.0,"enemies":"The Guardian","floor":16.0,"turns":7.0},{"damage":31.0,"enemies":"Shell Parasite","floor":18.0,"turns":5.0},{"damage":8.0,"enemies":"Chosen","floor":19.0,"turns":4.0},{"damage":18.0,"enemies":"Snake Plant","floor":20.0,"turns":3.0},{"damage":0.0,"enemies":"Cultist and Chosen","floor":22.0,"turns":3.0},{"damage":20.0,"enemies":"Book of Stabbing","floor":24.0,"turns":5.0},{"damage":0.0,"enemies":"Snecko","floor":27.0,"turns":4.0},{"damage":0.0,"enemies":"3 Cultists","floor":28.0,"turns":3.0},{"damage":8.0,"enemies":"Slavers","floor":30.0,"turns":5.0},{"damage":0.0,"enemies":"Chosen and Byrds","floor":31.0,"turns":3.0},{"damage":11.0,"enemies":"Champ","floor":33.0,"turns":4.0},{"damage":16.0,"enemies":"Orb Walker","floor":35.0,"turns":3.0},{"damage":25.0,"enemies":"3 Darklings","floor":36.0,"turns":4.0},{"damage":0.0,"enemies":"Mind Bloom Boss Battle","floor":37.0,"turns":5.0},{"damage":7,"enemies":"Sphere and 2 Shapes","floor":39,"turns":4},{"damage":27,"enemies":"R_Hoarder","floor":42,"turns":6}],"seed_played":"-7736974156367861043","potions_obtained":[{"floor":1.0,"key":"SkillPotion"},{"floor":4.0,"key":"SkillPotion"},{"floor":6.0,"key":"Adrenaline Potion"},{"floor":12.0,"key":"Venom Potion"},{"floor":13.0,"key":"PowerPotion"},{"floor":18.0,"key":"Swift Potion"},{"floor":22.0,"key":"SpeedPotion"},{"floor":24.0,"key":"SteroidPotion"},{"floor":30.0,"key":"Weak Potion"},{"floor":31.0,"key":"Venom Potion"},{"floor":38.0,"key":"Adrenaline Potion"}],"is_trial":false,"path_per_floor":["M","M","M","M","M","E","?","M","T","R","?","E","M","E","R","B",null,"M","M","M","$","M","R","E","?","T","M","M","R","E","M","R","B",null,"M","M","?","?","M","R","$","E"],"character_chosen":"DEFECT","items_purchased":["Membership Card","Mummified Hand","Ornamental Fan","Runic Capacitor"],"campfire_rested":3,"item_purchase_floors":[21,21,21,41],"current_hp_per_floor":[69,62,62,62,53,41,26,15,15,37,37,37,37,22,22,13,75,44,36,18,18,18,40,20,20,20,20,20,20,12,12,34,23,75,59,34,34,34,27,27,27,0,0],"gold":282,"neow_bonus":"BOSS_RELIC","is_daily":false,"chose_seed":false,"campfire_upgraded":3,"win_rate":0.0,"timestamp":1612961126,"path_taken":["M","M","?","M","M","E","?","M","T","R","?","E","M","E","R","BOSS","M","M","M","$","M","R","E","?","T","?","M","R","E","M","R","BOSS","M","M","?","?","?","R","?","E"],"items_purchased_type":["Relic","Relic","Relic","Relic"],"build_version":"2020-12-22","purchased_purges":1,"victory":false,"max_hp_per_floor":[75,75,75,75,75,75,75,75,75,75,75,75,75,75,75,75,75,75,75,75,75,75,75,75,75,75,75,75,75,75,75,75,75,75,75,75,75,75,75,75,75,75,75],"card_choices":[{"not_picked":["Conserve Battery","Panic Button"],"picked":"Gash","floor":1.0},{"not_picked":["Barrage","Conserve Battery"],"picked":"Static Discharge","floor":2.0},{"not_picked":["conspire:Rain","Streamline"],"picked":"Gash","floor":3.0},{"not_picked":["Panic Button","Amplify"],"picked":"ReplayTheSpireMod:Calculation Training","floor":4.0},{"not_picked":["Rebound","AT_HeatAcrobatics","Cold Snap"],"picked":"SKIP","floor":5.0},{"not_picked":["REME_Compress","Doom and Gloom"],"picked":"Amplify","floor":6.0},{"not_picked":["Rebound","ReplayTheSpireMod:Reroute Power"],"picked":"Gash","floor":8.0},{"not_picked":["Beam Cell","AT_DarkMatter"],"picked":"Sweeping Beam","floor":12.0},{"not_picked":["Hologram","Tempest"],"picked":"Loop","floor":13.0},{"not_picked":["AT_HeatAcrobatics","AT_WarpDrive"],"picked":"Chill","floor":14.0},{"not_picked":["ReplayTheSpireMod:Omega Cannon","Creative AI"],"picked":"Echo Form","floor":16.0},{"not_picked":["Ball Lightning","Rebound"],"picked":"Leap+1","floor":18.0},{"not_picked":["Streamline+1","Leap"],"picked":"AT_ThunderBolt+1","floor":18.0},{"not_picked":["Consume","Panic Button+1"],"picked":"Coolheaded","floor":19.0},{"not_picked":["Lockon+1","Barrage"],"picked":"Tempest","floor":19.0},{"not_picked":["Beam Cell","Redo+1"],"picked":"Defragment","floor":20.0},{"not_picked":["Cold Snap","Rebound"],"picked":"Turbo+1","floor":20.0},{"not_picked":["Compile Driver+1","REME_Compress"],"picked":"Crystallizer","floor":22.0},{"not_picked":["Sweeping Beam","Compile Driver+1","Turbo"],"picked":"SKIP","floor":22.0},{"not_picked":["Stack","ReplayTheSpireMod:Repulse+1"],"picked":"Gash","floor":24.0},{"not_picked":["Reprogram+1","Crystallizer","Ball Lightning"],"picked":"SKIP","floor":27.0},{"not_picked":["AT_EMC2","Lockon","Loop"],"picked":"SKIP","floor":27.0},{"not_picked":["AT_RobotInSpace","Defragment+1"],"picked":"Seek","floor":28.0},{"not_picked":["Compile Driver","Leap","Beam Cell"],"picked":"SKIP","floor":28.0},{"not_picked":["REME_Compress+1","AT_ThreeBodyProblem"],"picked":"Creative AI","floor":30.0},{"not_picked":["Leap","Electrodynamics"],"picked":"Capacitor","floor":31.0},{"not_picked":["Beam Cell","Stack","Ball Lightning+1"],"picked":"SKIP","floor":31.0},{"not_picked":["Creative AI","ReplayRNGCard"],"picked":"Machine Learning","floor":33.0},{"not_picked":["Cold Snap","Go for the Eyes"],"picked":"Capacitor","floor":35.0},{"not_picked":["Steam+1","Hello World","Compile Driver"],"picked":"SKIP","floor":35.0},{"not_picked":["ReplayTheSpireMod:Reroute Power+1","Turbo"],"picked":"Coolheaded","floor":36.0},{"not_picked":["Compile Driver","Barrage+1"],"picked":"Force Field","floor":36.0},{"not_picked":["Ball Lightning+1","Cold Snap+1"],"picked":"Meteor Strike","floor":38.0},{"not_picked":["Turbo","Streamline","Defragment"],"picked":"ReplayTheSpireMod:Calculation Training+1","floor":39},{"not_picked":["AT_HeatAcrobatics+1","Redo","AT_ThunderBolt","Hologram"],"picked":"SKIP","floor":39}],"player_experience":549263,"relics_obtained":[{"floor":6.0,"key":"DataDisk"},{"floor":9.0,"key":"conspire:DeflatedDodgeball"},{"floor":12.0,"key":"Whetstone"},{"floor":14.0,"key":"conspire:DecoderRing"},{"floor":24.0,"key":"AT_TimeSand"},{"floor":26.0,"key":"Ice Cream"},{"floor":30.0,"key":"CaptainsWheel"},{"floor":37.0,"key":"Ginger"},{"floor":38.0,"key":"Chameleon Ring"}],"event_choices":[{"damage_healed":0.0,"max_hp_gain":0.0,"max_hp_loss":0.0,"gold_gain":0.0,"event_name":"Shining Light","player_choice":"Entered Light","floor":7.0,"gold_loss":0.0,"damage_taken":15.0,"cards_upgraded":["Dualcast","Amplify"]},{"damage_healed":0.0,"max_hp_gain":0.0,"max_hp_loss":0.0,"gold_gain":0.0,"event_name":"Accursed Blacksmith","player_choice":"Forge","floor":25.0,"gold_loss":0.0,"damage_taken":0.0,"cards_upgraded":["Defragment"]},{"damage_healed":0.0,"max_hp_gain":0.0,"max_hp_loss":0.0,"gold_gain":0.0,"event_name":"MindBloom","player_choice":"Fight","floor":37.0,"gold_loss":0.0,"damage_taken":0.0}],"is_beta":false,"boss_relics":[{"not_picked":["REME_LowDesire","Replay:Drink Me"],"picked":"Abe\u0027s Treasure"},{"not_picked":["Replay:Ancient Bell","Velvet Choker"],"picked":"Kintsugi"}],"items_purged_floors":[41],"is_endless":false,"potions_floor_spawned":[1,4,6,12,13,18,22,24,30,31],"killed_by":"R_Hoarder","ascension_level":3}}