{"host":"l4p18zw33fr8bdc3","time":1612974382,"event":{"mods":["AchievementEnabler","BaseMod","Bestiary","Block Reminder","Colored Map","Colored Powertips","Curses Come First","Minty Spire (QoL Compilation)","Quick Restart","Rare Cards Sparkle","StSLib"],"gold_per_floor":[99,49,49,49,49,49,49,49,49,19,19,19,19,19,19,19,19,0,0,0,0,0,0,0,0,0,0,0,0,0,0,0,0,0,0,0,0,0,0,0,0,0,0,0,0,0,0,0,0,0,0],"floor_reached":50,"language":"ENG","playtime":3328,"items_purged":[],"score":630,"play_id":"7320f20b-3886-4636-adb5-4ddb2d76967a","local_time":"20210210112622","is_ascension_mode":true,"campfire_choices":[{"data":"Rebound","floor":6.0,"key":"SMITH"},{"floor":15.0,"key":"REST"},{"floor":24.0,"key":"REST"},{"floor":29.0,"key":"REST"},{"floor":32.0,"key":"REST"},{"floor":41,"key":"RECALL"},{"floor":45,"key":"REST"},{"data":"Consume","floor":49,"key":"SMITH"}],"circlet_count":0,"master_deck":["Defend_B","Defend_B","Defend_B","Zap","Dualcast","Cold Snap","Aggregate","Rebound+1","Auto Shields","Sunder","Leap","Rip and Tear","Streamline","Machine Learning","Coolheaded+1","Glacier","Redo","Multi-Cast","Chaos+1","Conserve Battery","Capacitor","Deep Breath","Glacier+1","Creative AI","Auto Shields+1","Chaos+1","Self Repair+1","Compile Driver+1","Compile Driver+1","Ball Lightning","Buffer","Parasite","Capacitor+1","Turbo+1","Consume+1"],"relics":["Ectoplasm","Cables","Symbiotic Virus","Cursed Key","Bronze Scales","Astrolabe","Red Mask","Ice Cream","StrikeDummy","Girya"],"acts_visited":["Exordium","TheCity","TheBeyond"],"potions_floor_usage":[40,46,50,50],"damage_taken":[{"damage":1.0,"enemies":"Cultist","floor":1.0,"turns":4.0},{"damage":11.0,"enemies":"Jaw Worm","floor":5.0,"turns":4.0},{"damage":24.0,"enemies":"3 Sentries","floor":7.0,"turns":8.0},{"damage":0.0,"enemies":"2 Louse","floor":8.0,"turns":2.0},{"damage":2.0,"enemies":"Looter","floor":10.0,"turns":3.0},{"damage":0.0,"enemies":"Red Slaver","floor":11.0,"turns":3.0},{"damage":13.0,"enemies":"Exordium Thugs","floor":14.0,"turns":4.0},{"damage":37.0,"enemies":"The Guardian","floor":16.0,"turns":9.0},{"damage":4.0,"enemies":"2 Thieves","floor":18.0,"turns":3.0},{"damage":12.0,"enemies":"Shell Parasite","floor":19.0,"turns":4.0},{"damage":5.0,"enemies":"Chosen and Byrds","floor":20.0,"turns":5.0},{"damage":10.0,"enemies":"Snake Plant","floor":21.0,"turns":4.0},{"damage":7.0,"enemies":"Shelled Parasite and Fungi","floor":22.0,"turns":7.0},{"damage":14.0,"enemies":"Centurion and Healer","floor":23.0,"turns":4.0},{"damage":20.0,"enemies":"Book of Stabbing","floor":25.0,"turns":9.0},{"damage":0.0,"enemies":"Chosen and Byrds","floor":31.0,"turns":6.0},{"damage":25.0,"enemies":"Automaton","floor":33.0,"turns":17.0},{"damage":0.0,"enemies":"Orb Walker","floor":35.0,"turns":2.0},{"damage":0.0,"enemies":"3 Shapes","floor":37.0,"turns":4.0},{"damage":6.0,"enemies":"Mind Bloom Boss Battle","floor":38.0,"turns":8.0},{"damage":41,"enemies":"Nemesis","floor":40,"turns":7},{"damage":23,"enemies":"Spire Growth","floor":42,"turns":7},{"damage":5,"enemies":"Writhing Mass","floor":46,"turns":7},{"damage":23,"enemies":"Reptomancer","floor":47,"turns":7},{"damage":4,"enemies":"Sphere and 2 Shapes","floor":48,"turns":4},{"damage":51,"enemies":"Awakened One","floor":50,"turns":8}],"seed_played":"2279561961782496622","potions_obtained":[{"floor":5.0,"key":"Swift Potion"},{"floor":7.0,"key":"ColorlessPotion"},{"floor":11.0,"key":"DuplicationPotion"},{"floor":18.0,"key":"SteroidPotion"},{"floor":19.0,"key":"SkillPotion"},{"floor":23.0,"key":"DistilledChaos"},{"floor":31.0,"key":"FocusPotion"},{"floor":35.0,"key":"Block Potion"},{"floor":38.0,"key":"SneckoOil"},{"floor":42,"key":"Swift Potion"},{"floor":46,"key":"Weak Potion"}],"is_trial":false,"path_per_floor":["M","?","?","$","M","R","E","M","T","M","M","?","T","M","R","B",null,"M","M","M","M","M","M","R","E","T","?","$","R","$","M","R","B",null,"M","?","M","?","$","E","R","M","T","?","R","M","E","M","R","B"],"character_chosen":"DEFECT","items_purchased":[],"campfire_rested":5,"item_purchase_floors":[],"current_hp_per_floor":[74,74,74,74,63,63,39,39,39,37,37,37,37,24,46,9,75,71,59,54,44,37,23,45,25,25,13,13,35,35,35,57,32,75,75,75,75,75,75,44,44,31,31,31,53,58,45,51,51,0,0],"gold":0,"neow_bonus":"BOSS_RELIC","is_daily":false,"chose_seed":false,"campfire_upgraded":2,"win_rate":0.0,"timestamp":1612974382,"path_taken":["M","?","?","?","M","R","E","M","T","M","M","?","?","M","R","BOSS","M","M","M","M","M","M","R","E","T","?","?","R","?","M","R","BOSS","M","?","M","?","?","E","R","M","T","?","R","M","E","M","R","BOSS"],"items_purchased_type":[],"build_version":"2020-12-22","purchased_purges":0,"victory":false,"max_hp_per_floor":[75,75,75,75,75,75,75,75,75,75,75,75,75,75,75,75,75,75,75,75,75,75,75,75,75,75,75,75,75,75,75,75,75,75,75,75,75,75,75,75,75,75,75,75,75,75,75,75,75,75,75],"card_choices":[{"not_picked":["Steam","Coolheaded"],"picked":"Cold Snap","floor":1.0},{"not_picked":["Stack","Fusion"],"picked":"Rebound","floor":5.0},{"not_picked":["Turbo","Hologram"],"picked":"Auto Shields","floor":7.0},{"not_picked":["Biased Cognition","Barrage"],"picked":"Sunder","floor":8.0},{"not_picked":["Heatsinks","Barrage"],"picked":"Leap","floor":10.0},{"not_picked":["Reinforced Body","Fusion"],"picked":"Rip and Tear","floor":11.0},{"not_picked":["Undo","Aggregate"],"picked":"Streamline","floor":14.0},{"not_picked":["All For One","Core Surge"],"picked":"Machine Learning","floor":16.0},{"not_picked":["Turbo","Tempest+1"],"picked":"Coolheaded+1","floor":18.0},{"not_picked":["Compile Driver","Go for the Eyes"],"picked":"Glacier","floor":19.0},{"not_picked":["Go for the Eyes","Turbo"],"picked":"Redo","floor":20.0},{"not_picked":["Sunder","Beam Cell"],"picked":"Multi-Cast","floor":21.0},{"not_picked":["Doom and Gloom","Rebound"],"picked":"Chaos+1","floor":22.0},{"not_picked":["Steam","Go for the Eyes"],"picked":"Conserve Battery","floor":23.0},{"not_picked":["Leap+1","Coolheaded"],"picked":"Capacitor","floor":25.0},{"not_picked":["Coolheaded","Barrage"],"picked":"Glacier+1","floor":31.0},{"not_picked":["Reboot","Core Surge"],"picked":"Creative AI","floor":33.0},{"not_picked":["Recycle+1","Turbo+1"],"picked":"Compile Driver+1","floor":35.0},{"not_picked":["Go for the Eyes+1","Cold Snap"],"picked":"Compile Driver+1","floor":37.0},{"not_picked":["Turbo","Gash"],"picked":"Ball Lightning","floor":38.0},{"not_picked":["Storm","Sweeping Beam"],"picked":"Buffer","floor":40},{"not_picked":["Beam Cell","Rebound","Turbo+1"],"picked":"SKIP","floor":42},{"not_picked":["Force Field","Conserve Battery"],"picked":"Capacitor+1","floor":46},{"not_picked":["Scrape","Thunder Strike"],"picked":"Turbo+1","floor":47},{"not_picked":["Capacitor","Redo"],"picked":"Consume","floor":48}],"player_experience":276663,"relics_obtained":[{"floor":7.0,"key":"Cables"},{"floor":13.0,"key":"Symbiotic Virus"},{"floor":25.0,"key":"Bronze Scales"},{"floor":38.0,"key":"Ice Cream"},{"floor":40,"key":"StrikeDummy"},{"floor":47,"key":"Girya"}],"event_choices":[{"cards_removed":["Strike_B"],"damage_healed":0.0,"max_hp_gain":0.0,"max_hp_loss":0.0,"gold_gain":0.0,"event_name":"The Cleric","player_choice":"Card Removal","floor":2.0,"gold_loss":50.0,"damage_taken":0.0},{"damage_healed":0.0,"max_hp_gain":0.0,"max_hp_loss":0.0,"gold_gain":0.0,"cards_transformed":["Strike_B"],"event_name":"Living Wall","player_choice":"Change","floor":3.0,"gold_loss":0.0,"damage_taken":0.0,"cards_obtained":["Aggregate"]},{"damage_healed":0.0,"max_hp_gain":0.0,"max_hp_loss":0.0,"gold_gain":0.0,"event_name":"Shining Light","player_choice":"Ignored","floor":12.0,"gold_loss":0.0,"damage_taken":0.0},{"damage_healed":0.0,"max_hp_gain":0.0,"max_hp_loss":0.0,"gold_gain":0.0,"event_name":"Knowing Skull","player_choice":"CARD ","floor":27.0,"potions_obtained":[],"gold_loss":0.0,"damage_taken":12.0,"cards_obtained":["Deep Breath"]},{"damage_healed":0.0,"max_hp_gain":0.0,"max_hp_loss":0.0,"gold_gain":0.0,"event_name":"Tomb of Lord Red Mask","player_choice":"Paid","floor":36.0,"gold_loss":0.0,"damage_taken":0.0,"relics_obtained":["Red Mask"]},{"damage_healed":0.0,"max_hp_gain":0.0,"max_hp_loss":0.0,"gold_gain":0.0,"event_name":"MindBloom","player_choice":"Fight","floor":38.0,"gold_loss":0.0,"damage_taken":0.0},{"damage_healed":0,"gold_gain":0,"player_choice":"Ignored","damage_taken":0,"max_hp_gain":0,"max_hp_loss":0,"event_name":"The Moai Head","floor":44,"gold_loss":0}],"is_beta":false,"boss_relics":[{"not_picked":["SlaversCollar","Velvet Choker"],"picked":"Cursed Key"},{"not_picked":["Sozu","Fusion Hammer"],"picked":"Astrolabe"}],"items_purged_floors":[],"is_endless":false,"potions_floor_spawned":[5,7,11,18,19,23,31,35,38,42,46],"killed_by":"Awakened One","ascension_level":3}}