{"host":"tcdxiwht2vajk3tk","time":1612924576,"event":{"mods":["AchievementEnabler","BaseMod","Beaked The Cultist","Colored Powertips","Conspire","Defuse TimeMaze Blight","Downfall","Halation","Hermit","Hubris","Infinite Spire","Lobotomy","LobotomyExtend","Minty Spire (QoL Compilation)","Replay The Spire","Shop Mod","StSLib","The Cursed","The Disciple"],"gold_per_floor":[112,126,145,145,2,2,33,33,33,0,0,29,29,29,29,54,54,157,157,168,168,108,124,124,124,157,157,157],"floor_reached":27,"language":"ENG","playtime":1889,"items_purged":[],"score":270,"play_id":"779a3c1c-c8b9-4644-9277-87b345bf6f44","local_time":"20210209213616","is_ascension_mode":true,"campfire_choices":[{"data":"PatternShift","floor":6.0,"key":"SMITH"},{"floor":15.0,"key":"REST"},{"floor":25.0,"key":"REST"}],"circlet_count":0,"master_deck":["Strike_Br","Strike_Br+1","Strike_Br","Strike_Br","Defend_Br","Defend_Br","Defend_Br","Defend_Br","SecondHand","PatternShift+1","Analog","BlueShift","HandsUpB","SlimeSpray","ExoVibe","Parity","HandsUpC+1","LockedScales+1","LockedThread","Echonomics","ExoVibe","Echoward","ReapSow","DaylightSavings"],"relics":["Chronometer","LetterFromLob","Smiling Mask","hubris:CrystalStatue","halation:EternalFortune","hubris:BottledRain","Potion Belt","Black Star","conspire:RoyalGoblet","halation:Toothbrush","halation:PinkSoulGem","Eternal Feather","PreservedInsect"],"acts_visited":["Exordium","TheCity"],"potions_floor_usage":[],"damage_taken":[{"damage":0.0,"enemies":"Cultist","floor":1.0,"turns":5.0},{"damage":14.0,"enemies":"conspire:RoseBush","floor":2.0,"turns":3.0},{"damage":0.0,"enemies":"Small Slimes","floor":3.0,"turns":6.0},{"damage":16.0,"enemies":"Gremlin Nob","floor":7.0,"turns":9.0},{"damage":2.0,"enemies":"Lagavulin","floor":12.0,"turns":7.0},{"damage":28.0,"enemies":"Hexaghost","floor":18.0,"turns":16.0},{"damage":0.0,"enemies":"3 Byrds","floor":20.0,"turns":4.0},{"damage":8.0,"enemies":"2 Thieves","floor":22.0,"turns":4.0},{"damage":12.0,"enemies":"conspire:HollyBat","floor":23.0,"turns":12.0},{"damage":60.0,"enemies":"Book of Stabbing","floor":26.0,"turns":6.0},{"damage":18,"enemies":"Snake Plant","floor":27,"turns":4}],"seed_played":"-5641517087519408324","potions_obtained":[{"floor":1.0,"key":"SkillPotion"},{"floor":18.0,"key":"Block Potion"},{"floor":20.0,"key":"SpeedPotion"},{"floor":23.0,"key":"champ:CounterPotion"}],"is_trial":false,"path_per_floor":["M","M","M","?","$","R","E","?","T","$","?","E","PTL","PTL","R","T","R","B",null,"M","AVR","M","M","?","R","E","M"],"character_chosen":"CHRONO_CLASS","items_purchased":["SlimeSpray","ExoVibe","Parity","LockedScales+1"],"campfire_rested":2,"item_purchase_floors":[5,5,5,10],"current_hp_per_floor":[65,51,51,56,56,56,40,40,40,40,43,41,41,41,62,62,73,45,73,73,73,65,53,53,73,13,0,0],"gold":157,"neow_bonus":"RANDOM_EVENT","is_daily":false,"chose_seed":false,"campfire_upgraded":1,"win_rate":0.0,"timestamp":1612924576,"path_taken":["M","?","M","?","$","R","E","?","T","$","?","E","PTL","PTL","R","?","R","BOSS","M","AVR","?","M","?","R","E","M"],"items_purchased_type":["Card","Card","Card","Card"],"build_version":"2020-12-22","purchased_purges":0,"victory":false,"max_hp_per_floor":[65,65,65,70,70,70,70,70,70,70,73,73,73,73,73,73,73,73,73,73,73,73,73,73,73,73,73,73],"card_choices":[{"not_picked":["LockedAnchor","FormalWear"],"picked":"Analog","floor":1.0},{"not_picked":["Accruing","LockedPlans"],"picked":"BlueShift","floor":2.0},{"not_picked":["Engulf","AlternateTimeline"],"picked":"HandsUpB","floor":3.0},{"not_picked":["AlternateTimeline","SlimeSpray"],"picked":"HandsUpC","floor":7.0},{"not_picked":["LockedTurtyl","LockedWarPaint"],"picked":"LockedThread","floor":12.0},{"not_picked":["LockedAstrolabe","LockedLightning"],"picked":"Echonomics","floor":18.0},{"not_picked":["Engulf","AlternateTimeline"],"picked":"ExoVibe","floor":20.0},{"not_picked":["LockedTurtyl","Parity+1"],"picked":"Echoward","floor":22.0},{"not_picked":["HandsUpB","TiringSlam"],"picked":"ReapSow","floor":23.0},{"not_picked":["LockedWarPaint","VestedLegacy"],"picked":"DaylightSavings","floor":26.0}],"player_experience":1727048,"relics_obtained":[{"floor":1.0,"key":"LetterFromLob"},{"floor":7.0,"key":"Smiling Mask"},{"floor":9.0,"key":"hubris:CrystalStatue"},{"floor":12.0,"key":"hubris:BottledRain"},{"floor":16.0,"key":"Potion Belt"},{"floor":26.0,"key":"Eternal Feather"},{"floor":26.0,"key":"PreservedInsect"}],"event_choices":[{"damage_healed":0.0,"max_hp_gain":5.0,"max_hp_loss":0.0,"gold_gain":0.0,"event_name":"Big Fish","player_choice":"Donut","floor":4.0,"gold_loss":0.0,"damage_taken":0.0}],"is_beta":false,"boss_relics":[{"not_picked":["hubris:ScarierMask","SlaversCollar"],"picked":"Black Star"}],"items_purged_floors":[],"is_endless":false,"potions_floor_spawned":[1,18,20,23],"killed_by":"Snake Plant","ascension_level":3}}