{"host":"p0hktren06injwdf","time":1612986941,"event":{"mods":["AchievementEnabler","BaseMod","Colored Map","DeckTracker","Minty Spire (QoL Compilation)","Permanent Neow","StSLib","SuperFastMode"],"gold_per_floor":[360,46,57,57,75,106,106,106,106,31,64,64,78,105,105,184,184,196,146,160,2,2,2,21,51,74,74,99,116,130,143,143,216,216,232,246,246,246,146,146,166,191,217,255,267,279,303,107,107,107,107],"floor_reached":52,"language":"KOR","playtime":1245,"items_purged":["Strike_P","Defend_P","Defend_P"],"score":2336,"play_id":"3c2ab1b7-b80d-4771-8861-25d8894e66d9","local_time":"20210211045541","is_ascension_mode":true,"campfire_choices":[{"data":"Eruption","floor":7.0,"key":"SMITH"},{"data":"SignatureMove","floor":15.0,"key":"SMITH"},{"data":"Scrawl","floor":23.0,"key":"SMITH"},{"floor":27.0,"key":"REST"},{"floor":32.0,"key":"REST"},{"data":"Halt","floor":40,"key":"SMITH"},{"data":"Adaptation","floor":46,"key":"SMITH"},{"data":"Vigilance","floor":49,"key":"SMITH"}],"circlet_count":0,"master_deck":["AscendersBane","Strike_P","Strike_P","Strike_P","Eruption+1","Vigilance+1","Flash of Steel","EmptyFist","Adaptation+1","SignatureMove+1","Tantrum","InnerPeace","Scrawl+1","Halt+1","Adaptation"],"relics":["HolyWater","Bag of Marbles","Matryoshka","Orichalcum","Sundial","Calipers","Oddly Smooth Stone","VioletLotus","DollysMirror","Akabeko","Bronze Scales","CeramicFish","Anchor","Letter Opener","Smiling Mask","MawBank","Potion Belt","TheAbacus"],"acts_visited":["Exordium","TheCity","TheBeyond"],"potions_floor_usage":[44,44,51],"damage_taken":[{"damage":0.0,"enemies":"Jaw Worm","floor":1.0,"turns":3.0},{"damage":0.0,"enemies":"Cultist","floor":3.0,"turns":2.0},{"damage":0.0,"enemies":"Small Slimes","floor":5.0,"turns":1.0},{"damage":8.0,"enemies":"Gremlin Nob","floor":6.0,"turns":3.0},{"damage":0.0,"enemies":"Lagavulin","floor":11.0,"turns":4.0},{"damage":0.0,"enemies":"Looter","floor":13.0,"turns":1.0},{"damage":0.0,"enemies":"Gremlin Nob","floor":14.0,"turns":1.0},{"damage":14.0,"enemies":"The Guardian","floor":16.0,"turns":7.0},{"damage":20.0,"enemies":"2 Thieves","floor":18.0,"turns":3.0},{"damage":5.0,"enemies":"Spheric Guardian","floor":20.0,"turns":3.0},{"damage":5.0,"enemies":"Snake Plant","floor":24.0,"turns":2.0},{"damage":0.0,"enemies":"Gremlin Leader","floor":25.0,"turns":3.0},{"damage":0.0,"enemies":"Book of Stabbing","floor":28.0,"turns":2.0},{"damage":22.0,"enemies":"Shelled Parasite and Fungi","floor":29.0,"turns":4.0},{"damage":0.0,"enemies":"3 Cultists","floor":30.0,"turns":3.0},{"damage":8.0,"enemies":"Snake Plant","floor":31.0,"turns":2.0},{"damage":13,"enemies":"Champ","floor":33,"turns":5},{"damage":0,"enemies":"Orb Walker","floor":35,"turns":1},{"damage":2,"enemies":"3 Shapes","floor":36,"turns":2},{"damage":0,"enemies":"Writhing Mass","floor":41,"turns":3},{"damage":0,"enemies":"Giant Head","floor":42,"turns":2},{"damage":0,"enemies":"Nemesis","floor":44,"turns":3},{"damage":0,"enemies":"3 Darklings","floor":47,"turns":1},{"damage":0,"enemies":"Donu and Deca","floor":50,"turns":3},{"damage":21,"enemies":"Awakened One","floor":51,"turns":4}],"seed_played":"-5565285295835694645","potions_obtained":[{"floor":3.0,"key":"GamblersBrew"},{"floor":11.0,"key":"AttackPotion"},{"floor":14.0,"key":"FearPotion"},{"floor":20.0,"key":"SkillPotion"},{"floor":25.0,"key":"DistilledChaos"},{"floor":33,"key":"BottledMiracle"},{"floor":35,"key":"Fire Potion"},{"floor":44,"key":"Block Potion"}],"is_trial":false,"path_per_floor":["M","$","M","?","M","E","R","?","T","$","E","$","M","E","R","B",null,"M","?","M","$","?","R","M","E","T","R","E","M","M","M","R","B",null,"M","M","?","?","$","R","M","E","T","E","?","R","M","$","R","B","B",null],"character_chosen":"WATCHER","items_purchased":["Bag of Marbles","Flash of Steel","EmptyFist","DollysMirror","TheAbacus"],"campfire_rested":2,"item_purchase_floors":[2,2,2,21,48],"current_hp_per_floor":[61,61,61,61,61,53,53,46,46,46,46,46,46,46,46,32,55,35,35,30,30,30,30,25,25,25,43,43,21,21,13,31,18,51,51,49,49,49,49,49,49,49,49,49,49,49,49,49,49,49,28],"gold":107,"neow_bonus":"TWO_FIFTY_GOLD","is_daily":false,"chose_seed":false,"campfire_upgraded":6,"win_rate":0.0,"timestamp":1612986941,"path_taken":["M","$","M","?","?","E","R","?","T","$","E","$","M","E","R","BOSS","M","?","?","$","?","R","M","E","T","R","E","M","M","?","R","BOSS","M","M","?","?","$","R","M","E","T","E","?","R","?","$","R","BOSS","BOSS"],"items_purchased_type":["Relic","Card","Card","Relic","Relic"],"build_version":"2020-12-22","purchased_purges":3,"victory":true,"max_hp_per_floor":[62,62,62,62,62,62,62,62,62,62,62,62,62,62,62,62,62,62,62,62,62,62,62,62,62,62,62,62,62,62,62,62,62,62,62,62,62,62,62,62,62,62,62,62,59,59,59,59,59,59,59],"card_choices":[{"not_picked":["Prostrate","ClearTheMind","CrushJoints"],"picked":"SKIP","floor":1.0},{"not_picked":["WreathOfFlame","WindmillStrike"],"picked":"Adaptation","floor":3.0},{"not_picked":["SashWhip","CrushJoints","ClearTheMind"],"picked":"SKIP","floor":5.0},{"not_picked":["BowlingBash","Blasphemy"],"picked":"Tantrum","floor":6.0},{"not_picked":["Prostrate","FollowUp","MasterReality"],"picked":"SKIP","floor":11.0},{"not_picked":["Crescendo","LikeWater","Evaluate"],"picked":"SKIP","floor":13.0},{"not_picked":["Prostrate","Sanctity"],"picked":"InnerPeace","floor":14.0},{"not_picked":["Omniscience","Brilliance"],"picked":"Scrawl","floor":16.0},{"not_picked":["CutThroughFate+1","BowlingBash","CrushJoints"],"picked":"SKIP","floor":18.0},{"not_picked":["Study","Crescendo"],"picked":"Halt","floor":20.0},{"not_picked":["BowlingBash","Consecrate","ReachHeaven"],"picked":"SKIP","floor":24.0},{"not_picked":["PathToVictory","Consecrate","Establishment"],"picked":"SKIP","floor":25.0},{"not_picked":["EmptyFist","LikeWater","ClearTheMind"],"picked":"SKIP","floor":28.0},{"not_picked":["CrushJoints","FlyingSleeves","Wallop"],"picked":"SKIP","floor":29.0},{"not_picked":["SignatureMove","CutThroughFate","CarveReality"],"picked":"SKIP","floor":30.0},{"not_picked":["JustLucky","EmptyBody","Prostrate"],"picked":"SKIP","floor":31.0},{"not_picked":["Fasting2+1","CrushJoints+1","Evaluate"],"picked":"SKIP","floor":35},{"not_picked":["SignatureMove+1","Prostrate","ThirdEye"],"picked":"SKIP","floor":36},{"not_picked":["WindmillStrike","Perseverance+1","Pray"],"picked":"SKIP","floor":41},{"not_picked":["FlurryOfBlows","ThirdEye","Nirvana+1"],"picked":"SKIP","floor":42},{"not_picked":["Protect","Prostrate","Halt"],"picked":"SKIP","floor":44},{"not_picked":["BowlingBash","Pray","Sanctity"],"picked":"SKIP","floor":47}],"player_experience":1034256,"relics_obtained":[{"floor":6.0,"key":"Matryoshka"},{"floor":9.0,"key":"Orichalcum"},{"floor":9.0,"key":"Sundial"},{"floor":11.0,"key":"Calipers"},{"floor":14.0,"key":"Oddly Smooth Stone"},{"floor":25.0,"key":"Bronze Scales"},{"floor":26.0,"key":"CeramicFish"},{"floor":26.0,"key":"Anchor"},{"floor":28.0,"key":"Letter Opener"},{"floor":42,"key":"Smiling Mask"},{"floor":43,"key":"MawBank"},{"floor":44,"key":"Potion Belt"}],"event_choices":[{"damage_healed":0.0,"max_hp_gain":0.0,"max_hp_loss":0.0,"gold_gain":0.0,"event_name":"Match and Keep!","player_choice":"1 cards matched","floor":4.0,"gold_loss":0.0,"damage_taken":0.0,"cards_obtained":["SignatureMove"]},{"cards_removed":["Defend_P"],"damage_healed":0.0,"max_hp_gain":0.0,"max_hp_loss":0.0,"gold_gain":0.0,"event_name":"Golden Wing","player_choice":"Card Removal","floor":8.0,"gold_loss":0.0,"damage_taken":7.0},{"damage_healed":0.0,"max_hp_gain":0.0,"max_hp_loss":0.0,"gold_gain":0.0,"event_name":"The Joust","player_choice":"Bet on Murderer","floor":19.0,"gold_loss":50.0,"damage_taken":0.0},{"damage_healed":0.0,"max_hp_gain":0.0,"max_hp_loss":0.0,"gold_gain":0.0,"event_name":"WeMeetAgain","player_choice":"Gave Potion","floor":22.0,"gold_loss":0.0,"damage_taken":0.0,"relics_obtained":["Akabeko"]},{"cards_removed":["Defend_P"],"damage_healed":0,"gold_gain":0,"player_choice":"Removed Skill","damage_taken":0,"max_hp_gain":0,"max_hp_loss":0,"event_name":"Falling","floor":37,"gold_loss":0},{"damage_healed":0,"gold_gain":0,"player_choice":"Ignored","damage_taken":0,"max_hp_gain":0,"max_hp_loss":0,"event_name":"Tomb of Lord Red Mask","floor":38,"gold_loss":0},{"damage_healed":0,"gold_gain":0,"player_choice":"Max HP","damage_taken":0,"max_hp_gain":0,"max_hp_loss":3,"event_name":"Winding Halls","floor":45,"gold_loss":0}],"is_beta":false,"boss_relics":[{"not_picked":["Runic Dome","Sozu"],"picked":"VioletLotus"},{"not_picked":["Busted Crown","SlaversCollar"],"picked":"HolyWater"}],"items_purged_floors":[10,39,48],"is_endless":false,"potions_floor_spawned":[3,11,14,20,25,33,35,42,44],"ascension_level":20}}