{"host":"xb2tau8pgi8aflss","time":1612944679,"event":{"mods":["AchievementEnabler","BaseMod","Hermit","Minty Spire (QoL Compilation)","StSLib","SuperFastMode"],"gold_per_floor":[112,129,41,57,57,57,57,57,83,83,83,103,136,136,136,235,235,246,281,206,225,82,82,117,117,117,117,127,154,154,174,174,278,278,290,302,40,56,56,56,56,83,83,83,99,117,128,139,139,139,139],"floor_reached":50,"language":"KOR","playtime":1287,"items_purged":[],"score":824,"play_id":"573216ed-51ca-45c4-af00-b42376733b12","local_time":"20210210171119","is_ascension_mode":true,"campfire_choices":[{"data":"Shockwave","floor":6.0,"key":"SMITH"},{"data":"Bash","floor":8.0,"key":"SMITH"},{"data":"Twin Strike","floor":11.0,"key":"SMITH"},{"data":"Dual Wield","floor":15.0,"key":"SMITH"},{"data":"Feed","floor":23.0,"key":"SMITH"},{"data":"Feed","floor":25.0,"key":"SMITH"},{"data":"Shrug It Off","floor":32.0,"key":"SMITH"},{"data":"Feed","floor":40,"key":"SMITH"},{"data":"Armaments","floor":44,"key":"SMITH"},{"floor":49,"key":"REST"}],"circlet_count":0,"master_deck":["Strike_R","Strike_R","Strike_R","Strike_R","Strike_R","Defend_R","Defend_R","Defend_R","Bash+1","Perfected Strike+1","Shockwave+1","Twin Strike","Twin Strike+1","Wild Strike","Dual Wield+1","Feed+1","Headbutt+1","Feed+1","Perfected Strike+1","Bloodletting+1","Perfected Strike+1","Shrug It Off+1","Feed+1","Evolve+1","Power Through+1","Armaments+1","Shrug It Off+1","Perfected Strike","Dual Wield+1","Perfected Strike"],"relics":["Black Blood","StrikeDummy","Dream Catcher","Bronze Scales","Nunchaku","Red Mask","DollysMirror","Meat on the Bone","Pantograph","Strawberry","SacredBark","Blood Vial","Self Forming Clay","The Courier"],"acts_visited":["Exordium","TheCity","TheBeyond"],"potions_floor_usage":[33,33,42,50,50],"damage_taken":[{"damage":15.0,"enemies":"Small Slimes","floor":1.0,"turns":3.0},{"damage":11.0,"enemies":"Jaw Worm","floor":2.0,"turns":4.0},{"damage":6.0,"enemies":"2 Louse","floor":4.0,"turns":2.0},{"damage":0.0,"enemies":"Large Slime","floor":12.0,"turns":4.0},{"damage":0.0,"enemies":"Gremlin Nob","floor":13.0,"turns":2.0},{"damage":34.0,"enemies":"Hexaghost","floor":16.0,"turns":8.0},{"damage":17.0,"enemies":"2 Thieves","floor":18.0,"turns":3.0},{"damage":6.0,"enemies":"Masked Bandits","floor":19.0,"turns":3.0},{"damage":8.0,"enemies":"Chosen","floor":21.0,"turns":2.0},{"damage":34.0,"enemies":"Slavers","floor":24.0,"turns":3.0},{"damage":0.0,"enemies":"Snake Plant","floor":28.0,"turns":2.0},{"damage":42.0,"enemies":"Book of Stabbing","floor":29.0,"turns":4.0},{"damage":11.0,"enemies":"Chosen and Byrds","floor":31.0,"turns":4.0},{"damage":92,"enemies":"Champ","floor":33,"turns":7},{"damage":19,"enemies":"3 Shapes","floor":35,"turns":3},{"damage":10,"enemies":"Orb Walker","floor":36,"turns":3},{"damage":21,"enemies":"4 Shapes","floor":38,"turns":7},{"damage":125,"enemies":"Giant Head","floor":42,"turns":9},{"damage":40,"enemies":"Jaw Worm Horde","floor":45,"turns":6},{"damage":21,"enemies":"Maw","floor":46,"turns":7},{"damage":31,"enemies":"3 Darklings","floor":47,"turns":3},{"damage":29,"enemies":"4 Shapes","floor":48,"turns":4},{"damage":128,"enemies":"Time Eater","floor":50,"turns":9}],"seed_played":"-8858242982137807926","potions_obtained":[{"floor":12.0,"key":"Weak Potion"},{"floor":13.0,"key":"SteroidPotion"},{"floor":18.0,"key":"PowerPotion"},{"floor":19.0,"key":"LiquidMemories"},{"floor":21.0,"key":"PowerPotion"},{"floor":29.0,"key":"Fire Potion"},{"floor":35,"key":"LiquidBronze"},{"floor":46,"key":"BlessingOfTheForge"},{"floor":47,"key":"Energy Potion"}],"is_trial":false,"path_per_floor":["M","M","$","M","?","R","?","R","T","T","R","M","E","?","R","B",null,"M","?","?","M","$","R","E","R","T","$","M","E","?","M","R","B",null,"M","M","$","M","$","R","?","E","T","R","M","M","M","M","R","B"],"character_chosen":"IRONCLAD","items_purchased":["Shockwave","Twin Strike","DollysMirror","FairyPotion","Blood Vial"],"campfire_rested":1,"item_purchase_floors":[3,3,22,37,37],"current_hp_per_floor":[71,66,66,66,66,66,66,66,66,66,66,72,78,83,83,55,84,79,88,88,92,92,92,73,73,73,73,85,78,78,79,79,40,96,89,91,91,84,84,84,84,75,75,75,65,70,65,66,103,0,0],"gold":139,"neow_bonus":"TEN_PERCENT_HP_BONUS","is_daily":false,"chose_seed":false,"campfire_upgraded":9,"win_rate":0.0,"timestamp":1612944679,"path_taken":["M","M","$","M","?","R","?","R","T","?","R","M","E","?","R","BOSS","M","?","?","M","$","R","E","R","T","$","M","E","?","M","R","BOSS","M","M","?","M","$","R","?","E","T","R","M","M","M","?","R","BOSS"],"items_purchased_type":["Card","Card","Relic","Potion","Relic"],"build_version":"2020-12-22","purchased_purges":0,"victory":false,"max_hp_per_floor":[88,88,88,88,88,88,88,88,88,88,88,88,88,93,93,93,93,93,96,96,96,96,96,99,99,99,99,99,110,110,110,110,114,114,114,114,114,114,114,114,114,118,118,118,122,122,122,126,126,126,126],"card_choices":[{"not_picked":["Warcry","Hemokinesis"],"picked":"Perfected Strike","floor":1.0},{"not_picked":["Anger","Hemokinesis","Clash"],"picked":"SKIP","floor":2.0},{"not_picked":["Bloodletting","Dropkick"],"picked":"Twin Strike","floor":4.0},{"not_picked":["Infernal Blade","Anger"],"picked":"Wild Strike","floor":12.0},{"not_picked":["Dropkick","Pommel Strike"],"picked":"Dual Wield","floor":13.0},{"not_picked":["Offering","Impervious"],"picked":"Feed","floor":16.0},{"not_picked":["Dark Embrace","True Grit","Pummel"],"picked":"SKIP","floor":18.0},{"not_picked":["Warcry+1","Clothesline"],"picked":"Headbutt+1","floor":19.0},{"not_picked":["Twin Strike","Clothesline"],"picked":"Feed","floor":21.0},{"not_picked":["Clash","True Grit","Brutality"],"picked":"SKIP","floor":24.0},{"not_picked":["Clash+1","Sword Boomerang"],"picked":"Bloodletting+1","floor":28.0},{"not_picked":["Iron Wave","Dual Wield"],"picked":"Perfected Strike+1","floor":29.0},{"not_picked":["Anger","Clothesline"],"picked":"Shrug It Off","floor":31.0},{"not_picked":["Juggernaut","Immolate"],"picked":"Feed","floor":33},{"not_picked":["Dark Embrace+1","Wild Strike+1","Sword Boomerang+1"],"picked":"SKIP","floor":35},{"not_picked":["Pommel Strike+1","Sword Boomerang+1"],"picked":"Evolve+1","floor":36},{"not_picked":["Pummel","Carnage"],"picked":"Power Through+1","floor":38},{"not_picked":["Brutality","Bloodletting+1"],"picked":"Armaments","floor":42},{"not_picked":["Flame Barrier","Fire Breathing+1"],"picked":"Shrug It Off+1","floor":45},{"not_picked":["Infernal Blade","Flex+1"],"picked":"Perfected Strike","floor":46},{"not_picked":["Flex+1","Feel No Pain"],"picked":"Dual Wield+1","floor":47},{"not_picked":["Havoc","Fire Breathing","Body Slam+1"],"picked":"SKIP","floor":48},{"not_picked":["Rage+1","Iron Wave+1"],"picked":"Perfected Strike","floor":49}],"player_experience":822849,"relics_obtained":[{"floor":9.0,"key":"Dream Catcher"},{"floor":10.0,"key":"Bronze Scales"},{"floor":13.0,"key":"Nunchaku"},{"floor":19.0,"key":"Red Mask"},{"floor":24.0,"key":"Meat on the Bone"},{"floor":26.0,"key":"Pantograph"},{"floor":29.0,"key":"Strawberry"},{"floor":42,"key":"Self Forming Clay"},{"floor":43,"key":"The Courier"}],"event_choices":[{"damage_healed":0.0,"max_hp_gain":0.0,"max_hp_loss":0.0,"gold_gain":0.0,"event_name":"Living Wall","player_choice":"Grow","floor":5.0,"gold_loss":0.0,"damage_taken":0.0,"cards_upgraded":["Perfected Strike"]},{"damage_healed":0.0,"max_hp_gain":0.0,"max_hp_loss":0.0,"gold_gain":0.0,"event_name":"Dead Adventurer","player_choice":"Searched \u00272\u0027 times","floor":7.0,"gold_loss":0.0,"damage_taken":0.0,"relics_obtained":["StrikeDummy"]},{"damage_healed":0.0,"max_hp_gain":5.0,"max_hp_loss":0.0,"gold_gain":0.0,"event_name":"Big Fish","player_choice":"Donut","floor":14.0,"gold_loss":0.0,"damage_taken":0.0},{"damage_healed":0.0,"max_hp_gain":0.0,"max_hp_loss":0.0,"gold_gain":0.0,"event_name":"Masked Bandits","player_choice":"Fought Bandits","floor":19.0,"gold_loss":0.0,"damage_taken":0.0},{"cards_removed":["Defend_R"],"damage_healed":0.0,"max_hp_gain":0.0,"max_hp_loss":0.0,"gold_gain":0.0,"event_name":"Beggar","player_choice":"Gave Gold","floor":20.0,"gold_loss":75.0,"damage_taken":0.0},{"damage_healed":0.0,"max_hp_gain":0.0,"max_hp_loss":0.0,"gold_gain":0.0,"event_name":"Purifier","player_choice":"Ignored","floor":30.0,"gold_loss":0.0,"damage_taken":0.0},{"damage_healed":0,"gold_gain":0,"player_choice":"Ignored","damage_taken":0,"max_hp_gain":0,"max_hp_loss":0,"event_name":"Purifier","floor":41,"gold_loss":0}],"is_beta":false,"boss_relics":[{"not_picked":["Fusion Hammer","Mark of Pain"],"picked":"Black Blood"},{"not_picked":["Empty Cage","Runic Cube"],"picked":"SacredBark"}],"items_purged_floors":[],"is_endless":false,"potions_floor_spawned":[12,13,18,19,21,29,35,46,47],"killed_by":"Time Eater","ascension_level":8}}