{"host":"xcuflocadasoaqda","time":1612933510,"event":{"mods":["BaseMod","Bestiary","Filter the Spire","Minty Spire (QoL Compilation)","Relic Stats"],"gold_per_floor":[119,136,156,25,25,52,52,52,52],"floor_reached":8,"language":"ENG","playtime":464,"items_purged":["Storm of Steel"],"score":112,"play_id":"6a2e4b7a-c177-4cae-af57-aa39e43e215e","local_time":"20210209230510","is_ascension_mode":true,"campfire_choices":[{"data":"Catalyst","floor":7.0,"key":"SMITH"}],"circlet_count":0,"master_deck":["AscendersBane","Survivor","Neutralize","Noxious Fumes","Escape Plan","Glass Knife","Bullet Time","Well Laid Plans","Catalyst+1","Dodge and Roll","Blade Dance","Blade Dance","Bouncing Flask","Backflip","Deadly Poison","Footwork"],"relics":["Pandora\u0027s Box","WingedGreaves"],"acts_visited":["Exordium"],"potions_floor_usage":[],"damage_taken":[{"damage":0.0,"enemies":"Cultist","floor":1.0,"turns":3.0},{"damage":9.0,"enemies":"2 Louse","floor":2.0,"turns":3.0},{"damage":9.0,"enemies":"Jaw Worm","floor":3.0,"turns":3.0},{"damage":16.0,"enemies":"Gremlin Nob","floor":6.0,"turns":3.0},{"damage":25,"enemies":"3 Sentries","floor":8,"turns":2}],"seed_played":"7996234084997271209","potions_obtained":[{"floor":1.0,"key":"GamblersBrew"}],"is_trial":false,"path_per_floor":["M","M","M","$","?","E","R","E"],"character_chosen":"THE_SILENT","items_purchased":["Deadly Poison"],"campfire_rested":0,"item_purchase_floors":[4],"current_hp_per_floor":[59,50,41,41,34,18,18,0,0],"gold":52,"neow_bonus":"BOSS_RELIC","is_daily":false,"chose_seed":false,"campfire_upgraded":1,"win_rate":0.0,"timestamp":1612933510,"path_taken":["M","M","M","$","?","E","R","E"],"items_purchased_type":["Card"],"build_version":"2020-12-22","purchased_purges":1,"victory":false,"max_hp_per_floor":[66,66,66,66,66,66,66,66,66],"relic_stats":{"counters":[5,14],"Pandora\u0027s Box":["Heel Hook","Noxious Fumes","Escape Plan","Glass Knife","Bullet Time","Well Laid Plans","Catalyst","Dodge and Roll","Blade Dance","Storm of Steel"],"obtain_stats":[{"Pandora\u0027s Box":0,"WingedGreaves":6,"Ring of the Snake":0},{"Pandora\u0027s Box":0,"WingedGreaves":4,"Ring of the Snake":0},{"Pandora\u0027s Box":0,"WingedGreaves":12,"Ring of the Snake":0}]},"card_choices":[{"not_picked":["Footwork","Acrobatics"],"picked":"Blade Dance","floor":1.0},{"not_picked":["Prepared","Backstab"],"picked":"Bouncing Flask","floor":2.0},{"not_picked":["Quick Slash","Setup"],"picked":"Backflip","floor":3.0},{"not_picked":["Deflect","Sucker Punch"],"picked":"Footwork","floor":6.0}],"player_experience":1902220,"relics_obtained":[{"floor":6.0,"key":"WingedGreaves"}],"event_choices":[{"cards_removed":["Heel Hook"],"damage_healed":0.0,"max_hp_gain":0.0,"max_hp_loss":0.0,"gold_gain":0.0,"event_name":"Golden Wing","player_choice":"Card Removal","floor":5.0,"gold_loss":0.0,"damage_taken":7.0}],"is_beta":false,"boss_relics":[],"items_purged_floors":[4],"is_endless":false,"potions_floor_spawned":[1],"killed_by":"3 Sentries","ascension_level":20}}