{"host":"1focbxb2e8qu7ccd","time":1612921408,"event":{"mods":["AchievementEnabler","BaseMod","Bestiary","Highlight Path","Minty Spire (QoL Compilation)","Relic Stats"],"gold_per_floor":[109,126,150,120,134,160,160,170,170,170,170,244,269,158,158,232,232,248,264,314,327,31,31,31,31,31],"floor_reached":25,"language":"ENG","playtime":1206,"items_purged":["Strike_R"],"score":418,"play_id":"c238a844-64b9-4649-8f6a-d9070e194808","local_time":"20210209204328","is_ascension_mode":true,"campfire_choices":[{"data":"Inflame","floor":7.0,"key":"SMITH"},{"data":"Clothesline","floor":10.0,"key":"SMITH"},{"floor":15.0,"key":"REST"},{"data":"Corruption","floor":23,"key":"SMITH"}],"circlet_count":0,"master_deck":["AscendersBane","Strike_R","Strike_R","Strike_R","Defend_R","Defend_R","Defend_R","Defend_R","Bash","Evolve","Iron Wave","Clothesline+1","Inflame+1","Exhume","Corruption+1","Reaper","Shrug It Off","Shrug It Off","Shrug It Off"],"relics":["Burning Blood","NeowsBlessing","Ancient Tea Set","Happy Flower","Kunai","Matryoshka","Bag of Preparation","Coffee Dripper","Lee\u0027s Waffle"],"acts_visited":["Exordium","TheCity"],"potions_floor_usage":[25,25],"damage_taken":[{"damage":0.0,"enemies":"Cultist","floor":1.0,"turns":1.0},{"damage":0.0,"enemies":"Jaw Worm","floor":2.0,"turns":1.0},{"damage":0.0,"enemies":"Small Slimes","floor":5.0,"turns":1.0},{"damage":30.0,"enemies":"3 Sentries","floor":6.0,"turns":11.0},{"damage":1.0,"enemies":"Exordium Wildlife","floor":8.0,"turns":2.0},{"damage":42.0,"enemies":"Gremlin Nob","floor":13.0,"turns":5.0},{"damage":15.0,"enemies":"The Guardian","floor":16.0,"turns":13.0},{"damage":41.0,"enemies":"2 Thieves","floor":18.0,"turns":5.0},{"damage":17,"enemies":"Shell Parasite","floor":19,"turns":8},{"damage":30,"enemies":"Snecko","floor":21,"turns":6},{"damage":109,"enemies":"Gremlin Leader","floor":25,"turns":6}],"seed_played":"6910348203283996026","potions_obtained":[{"floor":1.0,"key":"ElixirPotion"},{"floor":4.0,"key":"LiquidBronze"},{"floor":4.0,"key":"Dexterity Potion"},{"floor":18.0,"key":"GamblersBrew"},{"floor":19,"key":"Energy Potion"}],"is_trial":false,"path_per_floor":["M","M","T","?","M","E","R","M","T","R","?","T","E","$","R","B",null,"M","M","?","M","$","R","$","E"],"character_chosen":"IRONCLAD","items_purchased":["HeartOfIron","Lee\u0027s Waffle","Shrug It Off"],"campfire_rested":1,"item_purchase_floors":[14,22,22],"current_hp_per_floor":[74,75,75,75,75,51,51,56,56,56,49,49,13,13,35,26,63,45,39,39,27,82,82,82,0,0],"gold":31,"neow_bonus":"THREE_ENEMY_KILL","is_daily":false,"chose_seed":false,"campfire_upgraded":3,"win_rate":0.0,"timestamp":1612921408,"path_taken":["M","M","?","?","?","E","R","M","T","R","?","?","E","?","R","BOSS","M","M","?","M","$","R","?","E"],"items_purchased_type":["Potion","Relic","Card"],"build_version":"2020-12-22","purchased_purges":1,"victory":false,"max_hp_per_floor":[75,75,75,75,75,75,75,75,75,75,75,75,75,75,75,75,75,75,75,75,75,82,82,82,82,82],"relic_stats":{"Lee\u0027s Waffle":55,"Happy Flower":[15],"counters":[11,59],"Bag of Preparation":[10],"Kunai":[8],"obtain_stats":[{"Lee\u0027s Waffle":22,"Matryoshka":12,"NeowsBlessing":0,"Happy Flower":6,"Bag of Preparation":13,"Coffee Dripper":17,"Kunai":9,"Ancient Tea Set":3,"Burning Blood":0},{"Lee\u0027s Waffle":10,"Matryoshka":5,"NeowsBlessing":0,"Happy Flower":4,"Bag of Preparation":6,"Coffee Dripper":7,"Kunai":5,"Ancient Tea Set":2,"Burning Blood":0},{"Lee\u0027s Waffle":53,"Matryoshka":16,"NeowsBlessing":0,"Happy Flower":14,"Bag of Preparation":21,"Coffee Dripper":34,"Kunai":16,"Ancient Tea Set":2,"Burning Blood":0}],"Burning Blood":49},"card_choices":[{"not_picked":["Heavy Blade","Thunderclap"],"picked":"Evolve","floor":1.0},{"not_picked":["Sentinel","Clash"],"picked":"Iron Wave","floor":2.0},{"not_picked":["Heavy Blade","Havoc"],"picked":"Clothesline","floor":5.0},{"not_picked":["Dark Embrace","Pommel Strike"],"picked":"Inflame","floor":6.0},{"not_picked":["Evolve","True Grit"],"picked":"Exhume","floor":8.0},{"not_picked":["Anger","Feel No Pain"],"picked":"Corruption","floor":13.0},{"not_picked":["Corruption","Immolate"],"picked":"Reaper","floor":16.0},{"not_picked":["Twin Strike","Body Slam"],"picked":"Shrug It Off","floor":18.0},{"not_picked":["Heavy Blade","Anger","Warcry+1"],"picked":"SKIP","floor":19},{"not_picked":["Berserk","Cleave"],"picked":"Shrug It Off","floor":21}],"player_experience":916024,"relics_obtained":[{"floor":3.0,"key":"Ancient Tea Set"},{"floor":6.0,"key":"Happy Flower"},{"floor":9.0,"key":"Kunai"},{"floor":12.0,"key":"Matryoshka"},{"floor":13.0,"key":"Bag of Preparation"}],"event_choices":[{"damage_healed":0.0,"max_hp_gain":0.0,"max_hp_loss":0.0,"gold_gain":0.0,"event_name":"The Woman in Blue","player_choice":"Bought 2 Potions","floor":4.0,"gold_loss":0.0,"damage_taken":0.0},{"cards_removed":["Strike_R"],"damage_healed":0.0,"max_hp_gain":0.0,"max_hp_loss":0.0,"gold_gain":0.0,"event_name":"Golden Wing","player_choice":"Card Removal","floor":11.0,"gold_loss":0.0,"damage_taken":7.0},{"damage_healed":0,"gold_gain":100,"player_choice":"Bet on Murderer","damage_taken":0,"max_hp_gain":0,"max_hp_loss":0,"event_name":"The Joust","floor":20,"gold_loss":50}],"is_beta":false,"boss_relics":[{"not_picked":["Tiny House","SacredBark"],"picked":"Coffee Dripper"}],"items_purged_floors":[22],"is_endless":false,"potions_floor_spawned":[1,8,13,18,19,21],"killed_by":"Gremlin Leader","ascension_level":20}}