{"host":"vlqejv0notyktumz","time":1612918288,"event":{"mods":["AchievementEnabler","BaseMod","Colored Map","Colored Powertips","Downfall","Googly Eyes","Minty Spire (QoL Compilation)","StSLib"],"gold_per_floor":[112,132,55,55,32,32,60,335,361,361,394,59,77,89,89,193,193,193,193,24,24,24,24],"floor_reached":22,"language":"ENG","playtime":428,"items_purged":["Regret","Panache"],"score":301,"play_id":"b0d70c2b-5d07-4474-812c-3737c5692014","local_time":"20210209185128","is_ascension_mode":true,"campfire_choices":[{"data":"Defragment","floor":6,"key":"SMITH"},{"floor":10,"key":"REST"},{"data":"Defragment","floor":15,"key":"SMITH"}],"circlet_count":0,"master_deck":["AscendersBane","Strike_B","Strike_B","Strike_B+1","Strike_B+1","Defend_B","Defend_B","Defend_B","Zap","Dualcast","Defragment+1","Ball Lightning","Loop","Conserve Battery","Self Repair","BootSequence","Defragment+1","Loop","Echo Form","Leap","Undo","FTL"],"relics":["Cracked Core","PreservedInsect","Happy Flower","Toy Ornithopter","Whetstone","Ectoplasm"],"acts_visited":["Exordium","TheCity"],"potions_floor_usage":[13,16,19],"damage_taken":[{"damage":0,"enemies":"Small Slimes","floor":1,"turns":3},{"damage":0,"enemies":"2 Louse","floor":2,"turns":2},{"damage":30,"enemies":"3 Sentries","floor":7,"turns":6},{"damage":30,"enemies":"Lagavulin","floor":11,"turns":4},{"damage":1,"enemies":"Cultist","floor":13,"turns":3},{"damage":0,"enemies":"Large Slime","floor":14,"turns":5},{"damage":4,"enemies":"The Guardian","floor":16,"turns":7},{"damage":40,"enemies":"3 Byrds","floor":18,"turns":5},{"damage":19,"enemies":"Shell Parasite","floor":19,"turns":4},{"damage":38,"enemies":"Snake Plant","floor":21,"turns":4},{"damage":17,"enemies":"Cultist and Chosen","floor":22,"turns":3}],"seed_played":"5596550470960061391","potions_obtained":[{"floor":2,"key":"SmokeBomb"},{"floor":11,"key":"Regen Potion"},{"floor":14,"key":"PowerPotion"},{"floor":16,"key":"sneckomod:MuddlingPotion"},{"floor":21,"key":"LiquidBronze"}],"is_trial":false,"path_per_floor":["M","M","$","?","$","R","E","?","T","R","E","$","M","M","R","B",null,"M","M","$","M","M"],"character_chosen":"DEFECT","items_purchased":["Loop","Conserve Battery","Panache","BootSequence","Undo"],"campfire_rested":1,"item_purchase_floors":[3,5,12,12,20],"current_hp_per_floor":[68,68,68,56,56,56,26,26,26,48,25,25,45,52,52,67,73,40,40,40,9,0,0],"gold":24,"neow_bonus":"REMOVE_CARD","is_daily":false,"chose_seed":false,"campfire_upgraded":2,"win_rate":0.0,"timestamp":1612918288,"path_taken":["M","M","$","?","$","R","E","?","T","R","E","$","?","M","R","BOSS","M","M","$","M","M"],"items_purchased_type":["Card","Card","Card","Card","Card"],"build_version":"2020-12-22","purchased_purges":2,"victory":false,"max_hp_per_floor":[75,75,75,75,75,75,75,75,75,75,75,75,75,75,75,75,75,75,75,75,75,75,75],"card_choices":[{"not_picked":["Go for the Eyes","Steam"],"picked":"Defragment","floor":1},{"not_picked":["Streamline","Gash"],"picked":"Ball Lightning","floor":2},{"not_picked":["Compile Driver","Turbo"],"picked":"Self Repair","floor":7},{"not_picked":["Genetic Algorithm","Aggregate","Force Field"],"picked":"SKIP","floor":11},{"not_picked":["Genetic Algorithm","Chill"],"picked":"Defragment","floor":13},{"not_picked":["Hello World","Glacier"],"picked":"Loop","floor":14},{"not_picked":["Buffer","Creative AI"],"picked":"Echo Form","floor":16},{"not_picked":["Turbo+1","Stack"],"picked":"Leap","floor":18},{"not_picked":["Streamline","Beam Cell"],"picked":"FTL","floor":21}],"player_experience":410674,"relics_obtained":[{"floor":7,"key":"Happy Flower"},{"floor":9,"key":"Toy Ornithopter"},{"floor":11,"key":"Whetstone"}],"event_choices":[{"damage_healed":0,"gold_gain":0,"player_choice":"Success","damage_taken":12,"relics_obtained":["PreservedInsect"],"max_hp_gain":0,"max_hp_loss":0,"event_name":"Scrap Ooze","floor":4,"gold_loss":0},{"damage_healed":0,"gold_gain":275,"player_choice":"Desecrate","damage_taken":0,"max_hp_gain":0,"max_hp_loss":0,"event_name":"Golden Shrine","floor":8,"gold_loss":0,"cards_obtained":["Regret"]}],"is_beta":false,"boss_relics":[{"not_picked":["Pandora\u0027s Box","bronze:MakeshiftBattery"],"picked":"Ectoplasm"}],"items_purged_floors":[12,20],"is_endless":false,"potions_floor_spawned":[2,11,14,16,21],"killed_by":"Cultist and Chosen","ascension_level":11}}