{"host":"rb2p2z6v6vieend5","time":1612985807,"event":{"mods":["BaseMod","Block Reminder","Colored Map","DeckTracker","Highlight Path","Minty Spire (QoL Compilation)","Random Character Button","Relic Stats"],"gold_per_floor":[114,127,127,141,168,168,203,222,222,222,253,265,117,129,129,206,206,220,319,319,319,330,357,357,101,152,170,170,170],"floor_reached":28,"language":"ENG","playtime":1506,"items_purged":["Strike_G","Defend_G"],"score":475,"play_id":"13e57b77-58af-4fa6-9d6d-3536ff3967b6","local_time":"20210210203647","is_ascension_mode":true,"campfire_choices":[{"data":"Leg Sweep","floor":6,"key":"SMITH"},{"data":"Flying Knee","floor":10,"key":"SMITH"},{"floor":15,"key":"REST"},{"data":"Caltrops","floor":24,"key":"SMITH"}],"circlet_count":0,"master_deck":["AscendersBane","Defend_G","Defend_G","Defend_G","Defend_G","Survivor","Neutralize","Backflip+1","Leg Sweep+1","Terror+1","Flying Knee+1","Caltrops+1","Riddle With Holes","Noxious Fumes","Corpse Explosion","Bouncing Flask+1","Bite","Bite","Bite","Bite","Bite","Bouncing Flask"],"relics":["Snecko Eye","Bronze Scales","Toy Ornithopter","War Paint","Mango","Vajra","Black Star","Enchiridion","Tough Bandages","FossilizedHelix","PreservedInsect","Snake Skull"],"acts_visited":["Exordium","TheCity"],"potions_floor_usage":[16,27],"damage_taken":[{"damage":0,"enemies":"2 Louse","floor":1,"turns":3},{"damage":16,"enemies":"Jaw Worm","floor":2,"turns":4},{"damage":0,"enemies":"Cultist","floor":4,"turns":4},{"damage":0,"enemies":"Lagavulin","floor":7,"turns":8},{"damage":0,"enemies":"Blue Slaver","floor":8,"turns":3},{"damage":40,"enemies":"Gremlin Nob","floor":11,"turns":5},{"damage":0,"enemies":"2 Fungi Beasts","floor":12,"turns":3},{"damage":0,"enemies":"Exordium Wildlife","floor":14,"turns":6},{"damage":1,"enemies":"Slime Boss","floor":16,"turns":9},{"damage":13,"enemies":"Spheric Guardian","floor":18,"turns":5},{"damage":3,"enemies":"Shell Parasite","floor":22,"turns":7},{"damage":8,"enemies":"Book of Stabbing","floor":23,"turns":5},{"damage":0,"enemies":"3 Cultists","floor":27,"turns":5},{"damage":67,"enemies":"Gremlin Leader","floor":28,"turns":3}],"seed_played":"5697637204896540769","potions_obtained":[{"floor":1,"key":"GhostInAJar"},{"floor":2,"key":"PowerPotion"},{"floor":11,"key":"Regen Potion"},{"floor":18,"key":"DuplicationPotion"}],"is_trial":false,"path_per_floor":["M","M","?","M","T","R","E","M","T","R","E","M","$","M","R","B",null,"M","?","?","?","M","E","R","$","T","M","E"],"character_chosen":"THE_SILENT","items_purchased":["Noxious Fumes","PreservedInsect"],"campfire_rested":1,"item_purchase_floors":[13,25],"current_hp_per_floor":[63,47,40,40,40,40,40,40,54,54,14,14,14,14,39,43,74,61,61,58,42,47,49,49,49,49,58,0,0],"gold":170,"neow_bonus":"BOSS_RELIC","is_daily":false,"chose_seed":false,"campfire_upgraded":3,"win_rate":0.0,"timestamp":1612985807,"path_taken":["M","M","?","M","?","R","E","M","T","R","E","?","$","M","R","BOSS","M","?","?","?","?","E","R","$","T","M","E"],"items_purchased_type":["Card","Relic"],"build_version":"2020-12-22","purchased_purges":2,"victory":false,"max_hp_per_floor":[70,70,70,70,70,70,70,70,84,84,84,84,84,84,84,84,84,84,84,58,58,58,58,58,58,58,58,58,58],"relic_stats":{"Tough Bandages":[3],"counters":[14,70],"Bronze Scales":[141],"Snecko Eye":[123,123,134,126],"PreservedInsect":50,"Snake Skull":[16],"Black Star":1,"War Paint":["Terror","Backflip"],"obtain_stats":[{"Vajra":11,"Enchiridion":21,"Mango":9,"PreservedInsect":25,"Snake Skull":26,"War Paint":7,"Tough Bandages":23,"Bronze Scales":3,"Snecko Eye":0,"Black Star":17,"Toy Ornithopter":5,"FossilizedHelix":23,"Ring of the Snake":0},{"Vajra":6,"Enchiridion":10,"Mango":5,"PreservedInsect":12,"Snake Skull":12,"War Paint":4,"Tough Bandages":12,"Bronze Scales":2,"Snecko Eye":0,"Black Star":9,"Toy Ornithopter":3,"FossilizedHelix":12,"Ring of the Snake":0},{"Vajra":27,"Enchiridion":50,"Mango":22,"PreservedInsect":62,"Snake Skull":62,"War Paint":19,"Tough Bandages":62,"Bronze Scales":7,"Snecko Eye":0,"Black Star":45,"Toy Ornithopter":11,"FossilizedHelix":62,"Ring of the Snake":0}],"Toy Ornithopter":10},"card_choices":[{"not_picked":["Concentrate","Bane"],"picked":"Backflip","floor":1},{"not_picked":["Deadly Poison","Catalyst"],"picked":"Leg Sweep","floor":2},{"not_picked":["Deflect","Outmaneuver"],"picked":"Terror","floor":4},{"not_picked":["Outmaneuver","Slice"],"picked":"Flying Knee","floor":7},{"not_picked":["Dagger Throw","Night Terror","Quick Slash"],"picked":"SKIP","floor":8},{"not_picked":["Riddle With Holes","Outmaneuver"],"picked":"Caltrops","floor":11},{"not_picked":["Backflip","Escape Plan"],"picked":"Riddle With Holes","floor":12},{"not_picked":["Dagger Throw","Outmaneuver","Expertise"],"picked":"SKIP","floor":14},{"not_picked":["Venomology","Malaise"],"picked":"Corpse Explosion","floor":16},{"not_picked":["Backflip","Dagger Throw"],"picked":"Bouncing Flask+1","floor":18},{"not_picked":["Calculated Gamble","Backstab","Sucker Punch"],"picked":"SKIP","floor":22},{"not_picked":["Reflex","Masterful Stab","Deflect"],"picked":"SKIP","floor":23},{"not_picked":["Infinite Blades","Blade Dance"],"picked":"Bouncing Flask","floor":27}],"player_experience":712278,"relics_obtained":[{"floor":5,"key":"Toy Ornithopter"},{"floor":7,"key":"War Paint"},{"floor":9,"key":"Mango"},{"floor":11,"key":"Vajra"},{"floor":21,"key":"Enchiridion"},{"floor":23,"key":"Tough Bandages"},{"floor":23,"key":"FossilizedHelix"},{"floor":26,"key":"Snake Skull"}],"event_choices":[{"damage_healed":0,"gold_gain":0,"player_choice":"Success","damage_taken":7,"relics_obtained":["Bronze Scales"],"max_hp_gain":0,"max_hp_loss":0,"event_name":"Scrap Ooze","floor":3,"gold_loss":0},{"damage_healed":0,"gold_gain":99,"player_choice":"Stole From Cult","damage_taken":0,"max_hp_gain":0,"max_hp_loss":0,"event_name":"Nest","floor":19,"gold_loss":0},{"damage_healed":0,"gold_gain":0,"player_choice":"Became a vampire","damage_taken":0,"max_hp_gain":0,"max_hp_loss":26,"event_name":"Vampires","floor":20,"gold_loss":0,"cards_obtained":["Bite","Bite","Bite","Bite","Bite"]},{"damage_healed":0,"gold_gain":0,"player_choice":"Obtained Book","damage_taken":16,"max_hp_gain":0,"max_hp_loss":0,"event_name":"Cursed Tome","floor":21,"gold_loss":0}],"is_beta":false,"boss_relics":[{"not_picked":["Coffee Dripper","Philosopher\u0027s Stone"],"picked":"Black Star"}],"items_purged_floors":[13,25],"is_endless":false,"potions_floor_spawned":[1,2,7,11,18],"killed_by":"Gremlin Leader","ascension_level":13}}