{"host":"2wp95sdfrgw3k439","time":1612915609,"event":{"mods":["BaseMod","Better Altar","Better Skull","Better Third Choice","Curses Come First","Minty Spire (QoL Compilation)","Permanent Neow","StSLib"],"gold_per_floor":[110,110,75,92,92,92,132,132,177,32,32,52,95,108,108,239,239,239,239],"floor_reached":18,"language":"ENG","playtime":508,"items_purged":[],"score":244,"play_id":"9ccd0d31-2f63-4417-a074-d67d9ff4fba7","local_time":"20210209170649","is_ascension_mode":true,"campfire_choices":[{"floor":6.0,"key":"REST"},{"floor":15.0,"key":"REST"}],"circlet_count":0,"master_deck":["Strike_B","Strike_B+1","Defend_B","Defend_B","Defend_B","Defend_B+1","Zap","Dualcast","Darkness","Ball Lightning","Sunder","Conserve Battery","Undo","Reinforced Body","Recycle","Doom and Gloom","Amplify"],"relics":["Cracked Core","Golden Idol","Juzu Bracelet","Pen Nib","Vajra","Dead Branch","SlaversCollar"],"acts_visited":["Exordium","TheCity"],"potions_floor_usage":[],"damage_taken":[{"damage":9.0,"enemies":"Jaw Worm","floor":1.0,"turns":3.0},{"damage":6.0,"enemies":"2 Louse","floor":4.0,"turns":2.0},{"damage":32.0,"enemies":"Gremlin Nob","floor":7.0,"turns":4.0},{"damage":0.0,"enemies":"Small Slimes","floor":12.0,"turns":2.0},{"damage":20.0,"enemies":"3 Sentries","floor":13.0,"turns":7.0},{"damage":1.0,"enemies":"3 Louse","floor":14.0,"turns":3.0},{"damage":34.0,"enemies":"The Guardian","floor":16.0,"turns":11.0},{"damage":8,"enemies":"Shell Parasite","floor":18,"turns":4}],"seed_played":"-6716650867820769738","potions_obtained":[{"floor":7.0,"key":"PotionOfCapacity"},{"floor":14.0,"key":"SmokeBomb"}],"is_trial":false,"path_per_floor":["M","?","?","M","?","R","E","?","T","$","?","M","E","M","R","B",null,"M"],"character_chosen":"DEFECT","items_purchased":["Vajra"],"campfire_rested":2,"item_purchase_floors":[10],"current_hp_per_floor":[59,45,62,56,39,59,27,49,49,49,49,49,29,28,48,14,55,47,47],"gold":239,"neow_bonus":"TRANSFORM_TWO_CARDS","is_daily":false,"chose_seed":false,"campfire_upgraded":0,"win_rate":0.0,"timestamp":1612915609,"path_taken":["M","?","?","M","?","R","E","?","T","$","?","M","E","M","R","BOSS","M"],"items_purchased_type":["Relic"],"build_version":"2020-12-22","purchased_purges":0,"victory":false,"max_hp_per_floor":[68,68,68,68,68,68,68,68,68,68,68,68,68,68,68,68,68,68,68],"card_choices":[{"not_picked":["Leap","Scrape"],"picked":"Sunder","floor":1.0},{"not_picked":["Aggregate","Sunder"],"picked":"Conserve Battery","floor":4.0},{"not_picked":["Gash","Rebound"],"picked":"Undo","floor":7.0},{"not_picked":["Go for the Eyes","Reinforced Body","Leap"],"picked":"SKIP","floor":12.0},{"not_picked":["Streamline","Leap"],"picked":"Recycle","floor":13.0},{"not_picked":["Biased Cognition","Chaos"],"picked":"Doom and Gloom","floor":14.0},{"not_picked":["Thunder Strike","Creative AI"],"picked":"Amplify","floor":16.0}],"player_experience":570909,"relics_obtained":[{"floor":7.0,"key":"Juzu Bracelet"},{"floor":9.0,"key":"Pen Nib"},{"floor":13.0,"key":"Dead Branch"}],"event_choices":[{"damage_healed":59.0,"max_hp_gain":0.0,"max_hp_loss":68.0,"gold_gain":0.0,"event_name":"betterThird:BetterShining","player_choice":"Upgrade","floor":2.0,"gold_loss":0.0,"damage_taken":14.0,"cards_upgraded":["Strike_B","Defend_B"]},{"damage_healed":17.0,"max_hp_gain":0.0,"max_hp_loss":0.0,"gold_gain":0.0,"event_name":"The Cleric","player_choice":"Healed","floor":3.0,"gold_loss":35.0,"damage_taken":0.0},{"damage_healed":0.0,"max_hp_gain":0.0,"max_hp_loss":0.0,"gold_gain":0.0,"event_name":"Golden Idol","player_choice":"Take Damage","floor":5.0,"gold_loss":0.0,"damage_taken":17.0,"relics_obtained":["Golden Idol"]},{"damage_healed":22.0,"max_hp_gain":0.0,"max_hp_loss":0.0,"gold_gain":0.0,"event_name":"Big Fish","player_choice":"Banana","floor":8.0,"gold_loss":0.0,"damage_taken":0.0},{"damage_healed":0.0,"max_hp_gain":0.0,"max_hp_loss":0.0,"gold_gain":0.0,"event_name":"Match and Keep!","player_choice":"1 cards matched","floor":11.0,"gold_loss":0.0,"damage_taken":0.0,"cards_obtained":["Reinforced Body"]}],"is_beta":false,"boss_relics":[{"not_picked":["Velvet Choker","Coffee Dripper"],"picked":"SlaversCollar"}],"items_purged_floors":[],"is_endless":false,"potions_floor_spawned":[7,14],"killed_by":"Shell Parasite","ascension_level":9}}