{"host":"ishme5wb80o83upk","time":1612955438,"event":{"mods":["BaseMod","HololiveMod","Minty Spire (QoL Compilation)","StSLib"],"gold_per_floor":[98,128,158,189,206,260,335,335,358,388,418,465,491,542,542,656,656,686,722,807,506,506,577,630,677,702,702,753,789,789,851,851,1012,1012,1058,1058,1095,1137,1194,1287,1287,1287,1287,1396,1460,1563,1625,1684,1684,1741,1817,1817,1817,1283,1372,1439],"floor_reached":57,"language":"KOR","playtime":3091,"items_purged":["Hololive_Defend","Hololive_Defend"],"score":3875,"play_id":"71a0b696-d081-4b3d-83d3-230c0d3cc075","local_time":"20210210201038","is_ascension_mode":true,"campfire_choices":[{"data":"Hololive_CallAZKi","floor":8.0,"key":"SMITH"},{"data":"Hololive_CallSakuraMiko","floor":15.0,"key":"SMITH"},{"data":"Hololive_CallAmaneKanata","floor":27.0,"key":"SMITH"},{"data":"Hololive_RevenueBasedLive","floor":30.0,"key":"SMITH"},{"data":"Hololive_RevenueBasedLive","floor":32.0,"key":"SMITH"},{"data":"Hololive_DiamondStrike","floor":41,"key":"SMITH"},{"floor":49,"key":"RECALL"},{"data":"Hololive_CallArtia","floor":53,"key":"SMITH"}],"circlet_count":0,"master_deck":["AscendersBane","Hololive_Strike","Hololive_Strike","Hololive_OvertimeWork","Hololive_CallAkiRosenthal","Hololive_CallTokinoSora","Hololive_CallTokinoSora","Hololive_CallMinatoAqua","Hololive_CallHoushouMarine","Hololive_DurableLive","Hololive_CallHoshimachiSuisei","Hololive_CallAZKi+1","Hololive_RevenueBasedLive+1","Hololive_CallUsadaPekora","Hololive_CallAmaneKanata+1","Hololive_CallNatsuiroMatsuri","Hololive_CallKiryuuCoco","Hololive_CallSakuraMiko+1","Hololive_CallAkaiHaato","Hololive_ScarfAndHalo","Hololive_RevenueBasedLive+1","Hololive_CallHimemoriLuna","Hololive_RevenueBasedLive+1","Hololive_CallShirakamiFubuki","Hololive_CallTokoyamiTowa","Hololive_CallSpadeEcho","Hololive_FlareMind","Hololive_CallOkamiMio","Hololive_DiamondStrike+1","Hololive_RevenueBasedLive","Master of Strategy","Hololive_RevenueBasedLive","Hololive_CallOzoraSubaru","Hololive_RevenueBasedLive","Hololive_CallTsunomakiWatame+1","Hololive_CallArtia+1","Hololive_Thief","Hololive_CallFriendA"],"relics":["Hololive_TheStar","Orichalcum","Anchor","Boot","Potion Belt","SlaversCollar","Medical Kit","Nilry\u0027s Codex","Tiny Chest","Regal Pillow","Blood Vial","InkBottle","Art of War","Coffee Dripper","Dream Catcher","Incense Burner","Ice Cream","Pantograph","Nunchaku"],"acts_visited":["Exordium","TheCity","TheBeyond","TheEnding"],"potions_floor_usage":[39,40,45,48,51,51,56,56,56,56,56,56,56,56,56,56],"damage_taken":[{"damage":0.0,"enemies":"2 Louse","floor":1.0,"turns":2.0},{"damage":0.0,"enemies":"Small Slimes","floor":2.0,"turns":4.0},{"damage":0.0,"enemies":"Jaw Worm","floor":3.0,"turns":5.0},{"damage":0.0,"enemies":"Large Slime","floor":4.0,"turns":4.0},{"damage":0.0,"enemies":"Exordium Thugs","floor":5.0,"turns":3.0},{"damage":0.0,"enemies":"Lagavulin","floor":6.0,"turns":6.0},{"damage":5.0,"enemies":"Exordium Wildlife","floor":10.0,"turns":4.0},{"damage":0.0,"enemies":"2 Fungi Beasts","floor":11.0,"turns":3.0},{"damage":0.0,"enemies":"3 Sentries","floor":12.0,"turns":6.0},{"damage":0.0,"enemies":"Exordium Thugs","floor":13.0,"turns":4.0},{"damage":0.0,"enemies":"Gremlin Nob","floor":14.0,"turns":3.0},{"damage":0.0,"enemies":"Slime Boss","floor":16.0,"turns":7.0},{"damage":0.0,"enemies":"Spheric Guardian","floor":18.0,"turns":4.0},{"damage":0.0,"enemies":"Shell Parasite","floor":19.0,"turns":4.0},{"damage":0.0,"enemies":"Centurion and Healer","floor":20.0,"turns":5.0},{"damage":0.0,"enemies":"Gremlin Leader","floor":23.0,"turns":6.0},{"damage":0.0,"enemies":"Snecko","floor":24.0,"turns":3.0},{"damage":0.0,"enemies":"Slavers","floor":25.0,"turns":4.0},{"damage":0.0,"enemies":"Book of Stabbing","floor":28.0,"turns":4.0},{"damage":0.0,"enemies":"Snake Plant","floor":29.0,"turns":3.0},{"damage":0.0,"enemies":"Gremlin Leader","floor":31.0,"turns":4.0},{"damage":0.0,"enemies":"Automaton","floor":33.0,"turns":6.0},{"damage":0.0,"enemies":"Orb Walker","floor":35.0,"turns":3.0},{"damage":0.0,"enemies":"3 Shapes","floor":37.0,"turns":3.0},{"damage":0.0,"enemies":"Spire Growth","floor":38.0,"turns":5.0},{"damage":0,"enemies":"Sphere and 2 Shapes","floor":39,"turns":3},{"damage":0,"enemies":"Giant Head","floor":40,"turns":6},{"damage":0,"enemies":"Reptomancer","floor":44,"turns":4},{"damage":4,"enemies":"3 Darklings","floor":45,"turns":3},{"damage":0,"enemies":"Giant Head","floor":46,"turns":5},{"damage":0,"enemies":"Spire Growth","floor":47,"turns":3},{"damage":0,"enemies":"Transient","floor":48,"turns":6},{"damage":0,"enemies":"Time Eater","floor":50,"turns":10},{"damage":26,"enemies":"Awakened One","floor":51,"turns":9},{"damage":17,"enemies":"Shield and Spear","floor":55,"turns":5},{"damage":0,"enemies":"The Heart","floor":56,"turns":6}],"seed_played":"2695909401914512301","potions_obtained":[{"floor":1.0,"key":"AttackPotion"},{"floor":3.0,"key":"Fire Potion"},{"floor":4.0,"key":"Weak Potion"},{"floor":6.0,"key":"CultistPotion"},{"floor":20.0,"key":"Ancient Potion"},{"floor":24.0,"key":"Energy Potion"},{"floor":28.0,"key":"Fire Potion"},{"floor":29.0,"key":"DistilledChaos"},{"floor":33.0,"key":"ColorlessPotion"},{"floor":38.0,"key":"Fruit Juice"},{"floor":39,"key":"Explosive Potion"},{"floor":40,"key":"Fruit Juice"},{"floor":45,"key":"EntropicBrew"},{"floor":48,"key":"Fruit Juice"}],"is_trial":false,"path_per_floor":["M","M","M","M","M","E","?","R","T","M","M","E","M","E","R","B",null,"M","M","M","$","?","E","M","E","T","R","E","M","R","E","R","B",null,"M","?","M","M","M","E","R","?","T","E","M","E","M","M","R","B","B",null,"R","$","E","B",null],"character_chosen":"Hololive_HololiveCharacter","items_purchased":["Medical Kit","Hololive_RevenueBasedLive","Pantograph","EntropicBrew","PowerPotion"],"campfire_rested":0,"item_purchase_floors":[21,21,54,54,54],"current_hp_per_floor":[27,27,27,27,27,27,16,16,16,11,11,11,11,11,11,11,25,25,25,25,25,4,4,4,4,4,4,6,8,8,10,10,12,26,28,18,20,22,24,31,31,31,31,33,31,33,35,40,40,40,19,39,39,39,24,45],"gold":1439,"neow_bonus":"ONE_RANDOM_RARE_CARD","is_daily":false,"chose_seed":false,"campfire_upgraded":7,"win_rate":0.0,"timestamp":1612955438,"path_taken":["M","M","M","M","M","E","?","R","T","M","M","E","M","E","R","BOSS","M","M","M","$","?","E","M","E","T","R","E","M","R","E","R","BOSS","M","?","M","M","M","E","R","?","T","E","M","E","M","?","R","BOSS","BOSS","R","$","E","BOSS"],"items_purchased_type":["Relic","Card","Relic","Potion","Potion"],"build_version":"2020-12-22","purchased_purges":2,"victory":true,"max_hp_per_floor":[30,30,30,30,30,30,30,30,30,30,30,30,30,30,30,30,30,30,30,30,30,30,30,30,30,30,30,30,30,30,30,30,30,30,30,30,30,30,30,35,35,35,35,35,35,35,35,40,40,40,45,45,45,45,45,45],"card_choices":[{"not_picked":["Hololive_Psychosis","Hololive_RevenueBasedLive","Hololive_CallAiraniIofifteen"],"picked":"Hololive_CallHoshimachiSuisei","floor":1.0},{"not_picked":["Hololive_CallAmaneKanata","Hololive_StrengthChampion","Hololive_RevenueBasedLive"],"picked":"Hololive_CallAZKi","floor":2.0},{"not_picked":["Hololive_Rebound","Hololive_LuckPotion","Hololive_HuntDinosaur","Hololive_Psychosis"],"picked":"SKIP","floor":3.0},{"not_picked":["Hololive_OvertimeWork","Hololive_Breathe","Hololive_Trident"],"picked":"Hololive_RevenueBasedLive","floor":4.0},{"not_picked":["Hololive_WolfAndLamb","Hololive_Psychosis","Hololive_CocoNews"],"picked":"Hololive_CallUsadaPekora","floor":5.0},{"not_picked":["Hololive_RevenueBasedLive","Hololive_Psychosis","Hololive_Rebirth"],"picked":"Hololive_CallAmaneKanata","floor":6.0},{"not_picked":["Hololive_CallAmaneKanata","Hololive_Breathe","Hololive_Rebound"],"picked":"Hololive_CallNatsuiroMatsuri","floor":10.0},{"not_picked":["Hololive_CallOmaruPolka","Hololive_CallOzoraSubaru","Hololive_Breathe"],"picked":"Hololive_CallKiryuuCoco","floor":11.0},{"not_picked":["Hololive_LuckPotion","Hololive_Rebound","Hololive_OvertimeWork","Hololive_Teleport"],"picked":"SKIP","floor":12.0},{"not_picked":["Hololive_CocoNews","Hololive_CallFriendA","Hololive_RevenueBasedLive"],"picked":"Hololive_CallSakuraMiko","floor":13.0},{"not_picked":["Hololive_Trident","Hololive_Sequa","Hololive_Spy"],"picked":"Hololive_CallAkaiHaato","floor":14.0},{"not_picked":["Hololive_DurableLive","Hololive_AWSL","Hololive_HighAtkLowDef"],"picked":"Hololive_ScarfAndHalo","floor":16.0},{"not_picked":["Hololive_CallAmaneKanata","Hololive_HuntDinosaur+1","Hololive_CallNatsuiroMatsuri","Hololive_Psychosis"],"picked":"SKIP","floor":18.0},{"not_picked":["Hololive_Breathe","Hololive_Trident","Hololive_CallYogiri"],"picked":"Hololive_RevenueBasedLive","floor":19.0},{"not_picked":["Hololive_CandyCastle","Hololive_Sequa","Hololive_Breathe+1"],"picked":"Hololive_CallHimemoriLuna","floor":20.0},{"not_picked":["Hololive_CallMinatoAqua+1","Hololive_DevilCharm","Hololive_FlareMind"],"picked":"Hololive_CallShirakamiFubuki","floor":23.0},{"not_picked":["Hololive_FlyingPonyTail+1","Hololive_Breathe","Hololive_Sequa"],"picked":"Hololive_CallTokoyamiTowa","floor":24.0},{"not_picked":["Hololive_CallOmaruPolka+1","Hololive_CallAkaiHaato","Hololive_Breathe"],"picked":"Hololive_CallSpadeEcho","floor":25.0},{"not_picked":["Hololive_CallAkaiHaato","Hololive_OvertimeWork","Hololive_LuckPotion","Hololive_CocoNews"],"picked":"SKIP","floor":28.0},{"not_picked":["Hololive_CallShirakamiFubuki","Hololive_CocoNews","Hololive_StrengthChampion"],"picked":"Hololive_FlareMind","floor":29.0},{"not_picked":["Hololive_Drill","Hololive_CallMomosuzuNene","Hololive_OvertimeWork"],"picked":"Hololive_CallOkamiMio","floor":31.0},{"not_picked":["Hololive_HighAtkLowDef","Hololive_DDD","Hololive_IdolExercise"],"picked":"Hololive_DiamondStrike","floor":33.0},{"not_picked":["Hololive_CallDoris","Hololive_CocoNews+1","Hololive_CallHimemoriLuna"],"picked":"Hololive_RevenueBasedLive","floor":35.0},{"not_picked":["Purity","Thinking Ahead","Panache"],"picked":"Master of Strategy","floor":36.0},{"not_picked":["Hololive_HuntDinosaur","Hololive_DevilCharm","Hololive_BringToTrial"],"picked":"Hololive_RevenueBasedLive","floor":37.0},{"not_picked":["Hololive_FlyingPonyTail","Hololive_CallTokinoSora","Hololive_OvertimeWork"],"picked":"Hololive_CallOzoraSubaru","floor":38.0},{"not_picked":["Hololive_CallManoAloe","Hololive_Psychosis","Hololive_LuckPotion","Hololive_Trident"],"picked":"SKIP","floor":39},{"not_picked":["Hololive_CallMinatoAqua+1","Hololive_CallShirakamiFubuki+1","Hololive_CocoNews","Hololive_OvertimeWork"],"picked":"SKIP","floor":40},{"not_picked":["Hololive_CocoNews","Hololive_Sequa+1","Hololive_CallDoris"],"picked":"Hololive_RevenueBasedLive","floor":44},{"not_picked":["Hololive_CocoNews+1","Hololive_CallNatsuiroMatsuri+1","Hololive_LuckPotion"],"picked":"Hololive_CallTsunomakiWatame+1","floor":45},{"not_picked":["Hololive_FlyingPonyTail","Hololive_CallTokinoSora","Hololive_CallAkaiHaato"],"picked":"Hololive_CallArtia","floor":46},{"not_picked":["Hololive_StrengthChampion","Hololive_Rebound","Hololive_CallAZKi"],"picked":"Hololive_Thief","floor":47},{"not_picked":["Hololive_StrengthChampion","Hololive_HuntDinosaur","Hololive_Drill"],"picked":"Hololive_CallFriendA","floor":48},{"not_picked":["Hololive_Trident","Hololive_Psychosis+1","Hololive_RevenueBasedLive","Hololive_CallOzoraSubaru"],"picked":"SKIP","floor":55}],"player_experience":1131368,"relics_obtained":[{"floor":6.0,"key":"Orichalcum"},{"floor":9.0,"key":"Anchor"},{"floor":12.0,"key":"Boot"},{"floor":14.0,"key":"Potion Belt"},{"floor":22.0,"key":"Nilry\u0027s Codex"},{"floor":23.0,"key":"Tiny Chest"},{"floor":25.0,"key":"Regal Pillow"},{"floor":26.0,"key":"Blood Vial"},{"floor":28.0,"key":"InkBottle"},{"floor":31.0,"key":"Art of War"},{"floor":40,"key":"Dream Catcher"},{"floor":44,"key":"Incense Burner"},{"floor":46,"key":"Ice Cream"},{"floor":55,"key":"Nunchaku"}],"event_choices":[{"damage_healed":0.0,"max_hp_gain":0.0,"max_hp_loss":0.0,"gold_gain":75.0,"event_name":"World of Goop","player_choice":"Gather Gold","floor":7.0,"gold_loss":0.0,"damage_taken":11.0},{"damage_healed":0.0,"max_hp_gain":0.0,"max_hp_loss":0.0,"gold_gain":0.0,"event_name":"Cursed Tome","player_choice":"Obtained Book","floor":22.0,"gold_loss":0.0,"damage_taken":21.0},{"damage_healed":0.0,"max_hp_gain":0.0,"max_hp_loss":0.0,"gold_gain":0.0,"event_name":"SensoryStone","player_choice":"Memory 3","floor":36.0,"gold_loss":0.0,"damage_taken":10.0},{"damage_healed":0,"gold_gain":0,"player_choice":"Upgraded","damage_taken":0,"max_hp_gain":0,"max_hp_loss":0,"event_name":"Upgrade Shrine","floor":42,"gold_loss":0,"cards_upgraded":["Hololive_RevenueBasedLive"]}],"is_beta":false,"boss_relics":[{"not_picked":["Ectoplasm","Pandora\u0027s Box"],"picked":"SlaversCollar"},{"not_picked":["Black Star","SacredBark"],"picked":"Coffee Dripper"}],"items_purged_floors":[21,54],"is_endless":false,"potions_floor_spawned":[1,3,4,6,10,13,20,24,28,29,33,38,39,40,45,47,48],"ascension_level":20}}