{"host":"2n2g1vowfllvjtvi","time":1612978043,"event":{"mods":["AchievementEnabler","BaseMod","Custom Start","GifTheSpireLib","Keyboard Shortcuts","Minty Spire (QoL Compilation)","Permanent Neow","Quick Restart","StSLib","SuperFastMode"],"gold_per_floor":[368,386,154,164,114,114,148,148,148,158,158,189,189,199,199,300,300,318,333,345,30,7,7,36,49,72,83,83,83,96,122,122,226,226,240,240,240,240,105,140,140,166,166,166,201,49,68,68,68,68],"floor_reached":51,"language":"KOR","playtime":999,"items_purged":["Strike_P","Strike_P","Strike_P","Pain"],"score":1195,"play_id":"311648e9-453c-432d-ae8f-0dc50fbd0be0","local_time":"20210211022723","is_ascension_mode":true,"campfire_choices":[{"data":"Eruption","floor":6.0,"key":"SMITH"},{"data":"MentalFortress","floor":11.0,"key":"SMITH"},{"data":"WheelKick","floor":13.0,"key":"SMITH"},{"data":"Ragnarok","floor":15.0,"key":"SMITH"},{"data":"Halt","floor":23.0,"key":"SMITH"},{"data":"DeusExMachina","floor":28.0,"key":"SMITH"},{"data":"EmptyMind","floor":32.0,"key":"SMITH"},{"data":"EmptyFist","floor":41.0,"key":"SMITH"},{"data":"Wallop","floor":49.0,"key":"SMITH"}],"circlet_count":0,"master_deck":["Defend_P","Defend_P","Defend_P","Defend_P","Eruption+1","Vigilance","CrushJoints+1","EmptyFist+1","FearNoEvil","MentalFortress+1","WheelKick+1","Ragnarok+1","Wallop+1","Halt+1","DeusExMachina+1","EmptyMind+1","Omniscience+1","Evaluate+1","Madness+1","Impatience+1","Impatience+1","TalkToTheHand+1"],"relics":["PureWater","Sling","StoneCalendar","Letter Opener","Coffee Dripper","Membership Card","Eternal Feather","Juzu Bracelet","Happy Flower","Toxic Egg 2","Cursed Key","Strawberry","Potion Belt","Mercury Hourglass","TeardropLocket","Kunai","Akabeko"],"acts_visited":["Exordium","TheCity","TheBeyond"],"potions_floor_usage":[],"damage_taken":[{"damage":1.0,"enemies":"Small Slimes","floor":1.0,"turns":3.0},{"damage":2.0,"enemies":"Jaw Worm","floor":2.0,"turns":3.0},{"damage":0.0,"enemies":"Cultist","floor":4.0,"turns":2.0},{"damage":0.0,"enemies":"Gremlin Nob","floor":7.0,"turns":2.0},{"damage":8.0,"enemies":"Lots of Slimes","floor":10.0,"turns":3.0},{"damage":0.0,"enemies":"3 Sentries","floor":12.0,"turns":6.0},{"damage":0.0,"enemies":"Large Slime","floor":14.0,"turns":3.0},{"damage":0.0,"enemies":"Slime Boss","floor":16.0,"turns":2.0},{"damage":0.0,"enemies":"Spheric Guardian","floor":18.0,"turns":2.0},{"damage":3.0,"enemies":"2 Thieves","floor":19.0,"turns":3.0},{"damage":0.0,"enemies":"3 Cultists","floor":20.0,"turns":3.0},{"damage":3.0,"enemies":"Gremlin Leader","floor":24.0,"turns":5.0},{"damage":0.0,"enemies":"Snecko","floor":25.0,"turns":2.0},{"damage":0.0,"enemies":"Centurion and Healer","floor":27.0,"turns":3.0},{"damage":0.0,"enemies":"Cultist and Chosen","floor":30.0,"turns":3.0},{"damage":0.0,"enemies":"Book of Stabbing","floor":31.0,"turns":5.0},{"damage":47.0,"enemies":"Collector","floor":33.0,"turns":9.0},{"damage":0.0,"enemies":"3 Shapes","floor":35.0,"turns":3.0},{"damage":14.0,"enemies":"Reptomancer","floor":40.0,"turns":3.0},{"damage":11.0,"enemies":"Nemesis","floor":42.0,"turns":5.0},{"damage":14.0,"enemies":"Reptomancer","floor":45.0,"turns":3.0},{"damage":0.0,"enemies":"Orb Walker","floor":47.0,"turns":1.0},{"damage":8,"enemies":"Awakened One","floor":50,"turns":9}],"seed_played":"-2615202928740576910","potions_obtained":[{"floor":2.0,"key":"SmokeBomb"},{"floor":10.0,"key":"Dexterity Potion"},{"floor":19.0,"key":"LiquidMemories"},{"floor":20.0,"key":"AttackPotion"},{"floor":24.0,"key":"FairyPotion"},{"floor":27.0,"key":"Dexterity Potion"},{"floor":40.0,"key":"BlessingOfTheForge"},{"floor":42.0,"key":"DistilledChaos"}],"is_trial":false,"path_per_floor":["M","M","$","M","?","R","E","?","T","M","R","E","R","M","R","B",null,"M","M","M","$","$","R","E","M","T","M","R","?","M","E","R","B",null,"M","?","?","?","$","E","R","E","T","?","E","$","M","T","R","B",null],"character_chosen":"WATCHER","items_purchased":["Sling","Membership Card","Eternal Feather","Halt","Strawberry","Akabeko"],"campfire_rested":0,"item_purchase_floors":[3,21,21,22,39,46],"current_hp_per_floor":[64,62,62,62,62,62,62,62,62,54,54,54,54,54,54,54,62,62,59,59,59,59,65,62,62,62,62,65,65,65,65,65,18,53,53,53,43,43,50,36,48,37,37,37,23,23,23,23,35,27],"gold":68,"neow_bonus":"TWO_FIFTY_GOLD","is_daily":false,"chose_seed":false,"campfire_upgraded":9,"win_rate":0.0,"timestamp":1612978043,"path_taken":["M","M","$","M","?","R","E","?","T","M","R","E","R","M","R","BOSS","M","M","?","?","$","R","E","M","T","M","R","?","M","E","R","BOSS","M","?","?","?","$","E","R","E","T","?","E","$","M","?","R","BOSS"],"items_purchased_type":["Relic","Relic","Relic","Card","Relic","Relic"],"build_version":"2020-12-22","purchased_purges":4,"victory":true,"max_hp_per_floor":[65,65,65,65,65,65,65,65,65,65,65,65,65,65,65,65,65,65,65,65,65,65,65,65,65,65,65,65,65,65,65,65,65,65,65,65,65,62,69,69,69,69,69,69,69,69,69,69,69,69],"card_choices":[{"not_picked":["Prostrate","FlyingSleeves"],"picked":"CrushJoints","floor":1.0},{"not_picked":["Worship","SashWhip"],"picked":"EmptyFist","floor":2.0},{"not_picked":["ClearTheMind","WreathOfFlame","ReachHeaven"],"picked":"SKIP","floor":4.0},{"not_picked":["CutThroughFate","JustLucky"],"picked":"FearNoEvil","floor":7.0},{"not_picked":["Consecrate","JustLucky"],"picked":"MentalFortress","floor":10.0},{"not_picked":["SandsOfTime","EmptyMind"],"picked":"WheelKick","floor":12.0},{"not_picked":["WaveOfTheHand","BowlingBash"],"picked":"Ragnarok","floor":14.0},{"not_picked":["BowlingBash+1","FearNoEvil"],"picked":"Wallop","floor":18.0},{"not_picked":["Protect","Consecrate+1","FlyingSleeves"],"picked":"SKIP","floor":19.0},{"not_picked":["Protect","ClearTheMind","BowlingBash+1"],"picked":"SKIP","floor":20.0},{"not_picked":["TalkToTheHand","WheelKick+1"],"picked":"DeusExMachina","floor":24.0},{"not_picked":["EmptyBody","WaveOfTheHand+1","WheelKick"],"picked":"SKIP","floor":25.0},{"not_picked":["EmptyBody","WaveOfTheHand+1","WheelKick"],"picked":"SKIP","floor":25.0},{"not_picked":["Crescendo","JustLucky","Prostrate"],"picked":"SKIP","floor":27.0},{"not_picked":["Prostrate","ClearTheMind+1"],"picked":"EmptyMind","floor":30.0},{"not_picked":["CrushJoints","Crescendo+1","Collect+1"],"picked":"SKIP","floor":31.0},{"not_picked":["Devotion","Alpha+1"],"picked":"Omniscience+1","floor":33.0},{"not_picked":["JustLucky","Weave+1"],"picked":"Evaluate+1","floor":35.0},{"not_picked":["Magnetism","Panache"],"picked":"Madness+1","floor":37.0},{"not_picked":["Mayhem","Madness+1"],"picked":"Impatience+1","floor":37.0},{"not_picked":["Enlightenment+1","PanicButton+1"],"picked":"Impatience+1","floor":37.0},{"not_picked":["SashWhip+1","ClearTheMind+1","CutThroughFate"],"picked":"SKIP","floor":40.0},{"not_picked":["Adaptation","Halt+1"],"picked":"TalkToTheHand+1","floor":42.0},{"not_picked":["SandsOfTime","SignatureMove","Wireheading+1"],"picked":"SKIP","floor":45.0},{"not_picked":["SashWhip+1","Crescendo+1","FlurryOfBlows+1"],"picked":"SKIP","floor":47.0}],"player_experience":224707,"relics_obtained":[{"floor":7.0,"key":"StoneCalendar"},{"floor":12.0,"key":"Letter Opener"},{"floor":24.0,"key":"Juzu Bracelet"},{"floor":26.0,"key":"Happy Flower"},{"floor":31.0,"key":"Toxic Egg 2"},{"floor":40.0,"key":"Potion Belt"},{"floor":42.0,"key":"Mercury Hourglass"},{"floor":43.0,"key":"TeardropLocket"},{"floor":45.0,"key":"Kunai"}],"event_choices":[{"cards_removed":["Strike_P"],"damage_healed":0.0,"max_hp_gain":0.0,"max_hp_loss":0.0,"gold_gain":0.0,"event_name":"The Cleric","player_choice":"Card Removal","floor":5.0,"gold_loss":50.0,"damage_taken":0.0},{"damage_healed":0.0,"max_hp_gain":0.0,"max_hp_loss":0.0,"gold_gain":0.0,"event_name":"Upgrade Shrine","player_choice":"Upgraded","floor":8.0,"gold_loss":0.0,"damage_taken":0.0,"cards_upgraded":["CrushJoints"]},{"damage_healed":0.0,"max_hp_gain":0.0,"max_hp_loss":0.0,"gold_gain":0.0,"event_name":"Tomb of Lord Red Mask","player_choice":"Ignored","floor":36.0,"gold_loss":0.0,"damage_taken":0.0},{"damage_healed":0.0,"max_hp_gain":0.0,"max_hp_loss":0.0,"gold_gain":0.0,"event_name":"SensoryStone","player_choice":"Memory 3","floor":37.0,"gold_loss":0.0,"damage_taken":10.0},{"damage_healed":0.0,"max_hp_gain":0.0,"max_hp_loss":3.0,"gold_gain":0.0,"event_name":"Winding Halls","player_choice":"Max HP","floor":38.0,"gold_loss":0.0,"damage_taken":0.0},{"damage_healed":0.0,"max_hp_gain":0.0,"max_hp_loss":0.0,"gold_gain":0.0,"event_name":"The Woman in Blue","player_choice":"Bought 0 Potions","floor":44.0,"gold_loss":0.0,"damage_taken":0.0}],"is_beta":false,"boss_relics":[{"not_picked":["Busted Crown","Astrolabe"],"picked":"Coffee Dripper"},{"not_picked":["VioletLotus","SlaversCollar"],"picked":"Cursed Key"}],"items_purged_floors":[3,21,39,46],"is_endless":false,"potions_floor_spawned":[2,10,19,20,24,27,40,42],"ascension_level":6}}