{"host":"ohuqxemsk44kggmp","time":1612951233,"event":{"mods":["AchievementEnabler","Act Like it!","BaseMod","CapriCore","Colored Powertips","Minty Spire (QoL Compilation)","Reliquary","Somnambulant","StSLib","The Blue Laboratory","The Dragonkin","The Immortal","The Jungle","TheVacant","Waifu the Spire"],"gold_per_floor":[114,130,145,155,173,198,198,4,29,57,69,69,88,163,163,260,260,279,10,10,10,22,57,57,91,118,17,47,57,72,72,72,177,177,188,238,252,266,266,296,296,306,306,306,336,72,25,25,25,25],"floor_reached":51,"language":"ENG","playtime":3967,"items_purged":["theVacant:VacantStarterDefend","Regret","Writhe","theVacant:VacantStarterStrike"],"score":825,"play_id":"8592db8b-338a-49c8-834f-cee1ff1ffd31","local_time":"20210210110033","is_ascension_mode":false,"campfire_choices":[{"data":"theVacant:PitOfDespair","floor":7.0,"key":"SMITH"},{"data":"theVacant:EmbraceDarkness","floor":15.0,"key":"SMITH"},{"floor":24.0,"key":"REST"},{"data":"theVacant:DarkStrike","floor":32.0,"key":"SMITH"},{"data":"1","floor":44.0,"key":"LIFT"},{"data":"2","floor":49.0,"key":"LIFT"}],"circlet_count":0,"master_deck":["theVacant:VacantStarterStrike","theVacant:VacantStarterStrike","theVacant:VacantStarterStrike","theVacant:VacantStarterDefend","theVacant:VacantStarterDefend","theVacant:VacantStarterDefend","theVacant:Release","theVacant:Crunch","theVacant:Spinshield","theVacant:Return","theVacant:PitOfDespair+1","theVacant:Prevent","theVacant:Recover","theVacant:EmbraceDarkness+1","theVacant:Anguish","theVacant:DarkStrike+1","theVacant:WaitInWrath","theVacant:WhenDarknessComes","theVacant:PitOfDespair+1","Bandage Up","theVacant:SurpriseAttack","theVacant:Reconnect","theVacant:Acceptance","theVacant:Enrage+1","theVacant:Exorcise","theVacant:LichStrike+1","theVacant:Husk","theVacant:BattleScars","theVacant:Carve+1","theVacant:Fortify+1","theVacant:WaitInWrath+1","Writhe","theVacant:Rejection","Bandage Up","Panacea"],"relics":["theVacant:BrassGoblet","reliquary:FeatherDuster","Membership Card","Potion Belt","Akabeko","Oddly Smooth Stone","SacredBark","DollysMirror","theJungle:BirthdayCake","Shovel","Bronze Scales","reliquary:ExpiredCoupon","reliquary:PorcupineQuills","Boot","Cursed Key","Girya","Calipers","Gambling Chip","Vajra","Mango"],"acts_visited":["Exordium","Exordium","TheBeyond"],"potions_floor_usage":[50,50,50,50],"damage_taken":[{"damage":0.0,"enemies":"Cultist","floor":1.0,"turns":3.0},{"damage":0.0,"enemies":"2 Louse","floor":2.0,"turns":3.0},{"damage":0.0,"enemies":"Small Slimes","floor":3.0,"turns":5.0},{"damage":0.0,"enemies":"3 Louse","floor":4.0,"turns":5.0},{"damage":6.0,"enemies":"Exordium Wildlife","floor":5.0,"turns":7.0},{"damage":5.0,"enemies":"Lagavulin","floor":6.0,"turns":8.0},{"damage":19.0,"enemies":"Gremlin Nob","floor":10.0,"turns":5.0},{"damage":2.0,"enemies":"Large Slime","floor":11.0,"turns":7.0},{"damage":3.0,"enemies":"Red Slaver","floor":13.0,"turns":3.0},{"damage":42.0,"enemies":"Hexaghost","floor":16.0,"turns":10.0},{"damage":0.0,"enemies":"theJungle:GiantWrat","floor":18.0,"turns":1.0},{"damage":0.0,"enemies":"Shell Parasite","floor":22.0,"turns":1.0},{"damage":58.0,"enemies":"theJungle:2_Phrogs","floor":23.0,"turns":10.0},{"damage":0.0,"enemies":"theJungle:MamaSnecko","floor":25.0,"turns":2.0},{"damage":16.0,"enemies":"theJungle:Cassacara","floor":28.0,"turns":5.0},{"damage":0.0,"enemies":"Snake Plant","floor":29.0,"turns":3.0},{"damage":8.0,"enemies":"theJungle:SlimyTreeVines","floor":30.0,"turns":3.0},{"damage":88.0,"enemies":"theJungle:TotemBoss","floor":33.0,"turns":9.0},{"damage":45.0,"enemies":"3 Darklings","floor":35.0,"turns":4.0},{"damage":0.0,"enemies":"Mind Bloom Boss Battle","floor":36.0,"turns":1.0},{"damage":11.0,"enemies":"3 Shapes","floor":37.0,"turns":5.0},{"damage":14.0,"enemies":"Sphere and 2 Shapes","floor":38.0,"turns":6.0},{"damage":31.0,"enemies":"Reptomancer","floor":40.0,"turns":6.0},{"damage":0.0,"enemies":"Spire Growth","floor":42.0,"turns":1.0},{"damage":31.0,"enemies":"Giant Head","floor":45.0,"turns":7.0},{"damage":117,"enemies":"Awakened One","floor":50,"turns":12}],"seed_played":"4059777368714001428","potions_obtained":[{"floor":4.0,"key":"EssenceOfSteel"},{"floor":6.0,"key":"Block Potion"},{"floor":13.0,"key":"blueLaboratory:FrostheartPotion"},{"floor":16.0,"key":"Block Potion"},{"floor":22.0,"key":"DuplicationPotion"},{"floor":25.0,"key":"blueLaboratory:FruitPunch"},{"floor":28.0,"key":"blueLaboratory:HorrorPotion"},{"floor":31.0,"key":"blueLaboratory:RememoryPotion"},{"floor":38.0,"key":"Regen Potion"},{"floor":42.0,"key":"PowerPotion"}],"is_trial":false,"path_per_floor":["M","M","M","M","M","E","R","$","T","E","M","?","M","?","R","B",null,"M","$","?","?","M","E","R","E","T","$","E","M","M","?","R","B",null,"M","?","M","M","?","E","?","M","T","R","E","$","$","?","R","B",null],"character_chosen":"THE_VACANT","items_purchased":["Membership Card","theVacant:WhenDarknessComes","DollysMirror","blueLaboratory:FruitPunch","Bandage Up","theVacant:Acceptance","Regen Potion","Mango","Bandage Up"],"campfire_rested":1,"item_purchase_floors":[8,19,19,19,19,27,46,46,47],"current_hp_per_floor":[88,88,88,88,82,77,77,77,77,64,68,68,68,57,57,21,88,88,88,108,108,108,58,91,91,91,91,85,98,90,90,90,12,116,81,81,74,70,70,56,101,101,101,101,74,88,88,88,88,97],"gold":25,"neow_bonus":"TEN_PERCENT_HP_BONUS","is_daily":false,"chose_seed":false,"campfire_upgraded":3,"win_rate":0.0,"timestamp":1612951233,"path_taken":["M","M","M","M","M","E","R","$","T","E","?","?","M","?","R","BOSS","M","$","?","?","M","E","R","E","T","?","E","M","M","?","R","BOSS","M","?","M","M","?","E","?","M","T","R","E","?","$","?","R","BOSS"],"items_purchased_type":["Relic","Card","Relic","Potion","Card","Card","Potion","Relic","Card"],"build_version":"2020-12-22","purchased_purges":4,"victory":true,"max_hp_per_floor":[88,88,88,88,88,88,88,88,88,88,88,88,88,88,88,88,88,88,88,108,108,108,112,112,112,112,112,112,116,116,116,116,116,116,116,116,116,116,116,116,101,101,101,101,101,115,115,115,115,115],"card_choices":[{"not_picked":["theVacant:Fling","theVacant:Soothe"],"picked":"theVacant:Spinshield","floor":1.0},{"not_picked":["theVacant:Dig","theVacant:Whip"],"picked":"theVacant:Return","floor":2.0},{"not_picked":["theVacant:FranticBlow","theVacant:TwistFate"],"picked":"theVacant:PitOfDespair","floor":3.0},{"not_picked":["theVacant:GraveWave","theVacant:Soothe"],"picked":"theVacant:Prevent","floor":4.0},{"not_picked":["theVacant:Soothe","theVacant:Cower","theVacant:Necromancy"],"picked":"SKIP","floor":5.0},{"not_picked":["theVacant:Exorcise","theVacant:GraveDigger"],"picked":"theVacant:Recover","floor":6.0},{"not_picked":["theVacant:ShutAway","theVacant:FranticBlow"],"picked":"theVacant:EmbraceDarkness","floor":10.0},{"not_picked":["theVacant:Enrage","theVacant:CursedBlast"],"picked":"theVacant:Anguish","floor":11.0},{"not_picked":["theVacant:BattleScars","theVacant:GraveWave","theVacant:Fortify"],"picked":"SKIP","floor":13.0},{"not_picked":["theVacant:FiendFrost","theVacant:TheAnvil"],"picked":"theVacant:DarkStrike","floor":16.0},{"not_picked":["theVacant:Cower","theVacant:Spinshield"],"picked":"theVacant:WaitInWrath","floor":18.0},{"not_picked":["theVacant:OnSecondThought","theVacant:Spinshield+1"],"picked":"theVacant:SurpriseAttack","floor":22.0},{"not_picked":["theVacant:Unearth+1","theVacant:ShriekingBlast+1"],"picked":"theVacant:Reconnect","floor":23.0},{"not_picked":["theVacant:Whip","theVacant:BrassMagnet","theVacant:Jab+1"],"picked":"SKIP","floor":25.0},{"not_picked":["theVacant:Dig","theVacant:Whip+1","theVacant:Immaterialize+1"],"picked":"SKIP","floor":28.0},{"not_picked":["theVacant:BattleScars","theVacant:Fling","theVacant:Prevent"],"picked":"SKIP","floor":29.0},{"not_picked":["theVacant:EmptyShield+1","theVacant:CursedBlast"],"picked":"theVacant:Enrage+1","floor":30.0},{"not_picked":["theVacant:TheAnvil","theVacant:Prevent"],"picked":"theVacant:Exorcise","floor":33.0},{"not_picked":["theVacant:Dig+1","theVacant:Whip"],"picked":"theVacant:LichStrike+1","floor":35.0},{"not_picked":["theVacant:FranticBlow","theVacant:Barrage"],"picked":"theVacant:Husk","floor":36.0},{"not_picked":["theVacant:ShutAway+1","theVacant:CursedBlast+1"],"picked":"theVacant:BattleScars","floor":37.0},{"not_picked":["theVacant:BattleScars","theVacant:MindBreak"],"picked":"theVacant:Carve+1","floor":38.0},{"not_picked":["theVacant:Fling+1","theVacant:Enrage+1"],"picked":"theVacant:Fortify+1","floor":40.0},{"not_picked":["theVacant:Enrage","theVacant:Anguish+1"],"picked":"theVacant:WaitInWrath+1","floor":42.0},{"not_picked":["theVacant:BurdenBreak+1","theVacant:Yeet+1"],"picked":"theVacant:Rejection","floor":45.0},{"not_picked":["Dramatic Entrance","Dark Shackles"],"picked":"Panacea","floor":48.0}],"player_experience":574352,"relics_obtained":[{"floor":6.0,"key":"reliquary:FeatherDuster"},{"floor":9.0,"key":"Potion Belt"},{"floor":10.0,"key":"Akabeko"},{"floor":23.0,"key":"Bronze Scales"},{"floor":25.0,"key":"reliquary:ExpiredCoupon"},{"floor":26.0,"key":"reliquary:PorcupineQuills"},{"floor":28.0,"key":"Boot"},{"floor":36.0,"key":"Girya"},{"floor":40.0,"key":"Calipers"},{"floor":43.0,"key":"Gambling Chip"},{"floor":45.0,"key":"Vajra"}],"event_choices":[{"damage_healed":0.0,"max_hp_gain":0.0,"max_hp_loss":0.0,"gold_gain":0.0,"event_name":"Big Fish","player_choice":"Box","floor":12.0,"gold_loss":0.0,"damage_taken":0.0,"relics_obtained":["Oddly Smooth Stone"],"cards_obtained":["Regret"]},{"damage_healed":0.0,"max_hp_gain":0.0,"max_hp_loss":0.0,"gold_gain":75.0,"event_name":"World of Goop","player_choice":"Gather Gold","floor":14.0,"gold_loss":0.0,"damage_taken":11.0},{"damage_healed":0.0,"max_hp_gain":0.0,"max_hp_loss":0.0,"gold_gain":0.0,"event_name":"Lab","player_choice":"Got Potions","floor":31.0,"gold_loss":0.0,"damage_taken":0.0},{"damage_healed":0.0,"max_hp_gain":0.0,"max_hp_loss":0.0,"gold_gain":0.0,"event_name":"MindBloom","player_choice":"Fight","floor":36.0,"gold_loss":0.0,"damage_taken":0.0},{"damage_healed":0.0,"max_hp_gain":0.0,"max_hp_loss":0.0,"gold_gain":0.0,"event_name":"Tomb of Lord Red Mask","player_choice":"Ignored","floor":39.0,"gold_loss":0.0,"damage_taken":0.0},{"damage_healed":101.0,"max_hp_gain":0.0,"max_hp_loss":15.0,"gold_gain":0.0,"event_name":"The Moai Head","player_choice":"Heal","floor":41.0,"gold_loss":0.0,"damage_taken":0.0},{"damage_healed":0.0,"max_hp_gain":0.0,"max_hp_loss":0.0,"gold_gain":0.0,"event_name":"SensoryStone","player_choice":"Memory 1","floor":48.0,"gold_loss":0.0,"damage_taken":0.0}],"is_beta":false,"boss_relics":[{"not_picked":["reliquary:RedPaperclip","reliquary:RedCape"],"picked":"SacredBark"},{"not_picked":["reliquary:WritOfMandamus","reliquary:Craggleroot"],"picked":"Cursed Key"}],"items_purged_floors":[8,19,27,46],"is_endless":false,"potions_floor_spawned":[4,6,13,16,22,25,28,33,38,42],"ascension_level":0}}