{"host":"x5w9zppki4gdwvc7","time":1612915823,"event":{"mods":["AchievementEnabler","BaseMod","Colored Powertips","DeckTracker","Minty Spire (QoL Compilation)","SuperFastMode"],"gold_per_floor":[12,12,23,42,42,76,76,108,135,147,211,211,211],"floor_reached":12,"language":"ENG","playtime":417,"items_purged":[],"score":119,"play_id":"3a6bf587-3c4a-45f0-9e9b-dd46f7e8149b","local_time":"20210210011023","is_ascension_mode":true,"campfire_choices":[{"data":"Body Slam","floor":7,"key":"SMITH"}],"circlet_count":0,"master_deck":["Strike_R","Strike_R","Strike_R","Strike_R","Strike_R","Defend_R","Defend_R","Defend_R","Defend_R","Bash","Perfected Strike+1","Perfected Strike","Body Slam+1","Iron Wave"],"relics":["Burning Blood","Turnip","Happy Flower","Bag of Preparation","Unceasing Top","Orichalcum","Toy Ornithopter"],"acts_visited":["Exordium"],"potions_floor_usage":[11,12],"damage_taken":[{"damage":16,"enemies":"Small Slimes","floor":1,"turns":5},{"damage":2,"enemies":"2 Louse","floor":3,"turns":2},{"damage":0,"enemies":"Cultist","floor":4,"turns":2},{"damage":20,"enemies":"3 Sentries","floor":6,"turns":8},{"damage":16,"enemies":"Gremlin Nob","floor":8,"turns":3},{"damage":30,"enemies":"Gremlin Gang","floor":10,"turns":4},{"damage":14,"enemies":"3 Sentries","floor":11,"turns":8},{"damage":20,"enemies":"Lagavulin","floor":12,"turns":3}],"seed_played":"136541587219414878","potions_obtained":[{"floor":1,"key":"Swift Potion"},{"floor":3,"key":"LiquidBronze"},{"floor":6,"key":"AttackPotion"}],"is_trial":false,"path_per_floor":["M","?","M","M","?","E","R","E","T","M","?","E"],"character_chosen":"IRONCLAD","items_purchased":[],"campfire_rested":0,"item_purchase_floors":[],"current_hp_per_floor":[62,62,66,72,69,55,55,45,45,21,13,0,0],"gold":211,"neow_bonus":"ONE_RARE_RELIC","is_daily":false,"chose_seed":false,"campfire_upgraded":1,"win_rate":0.0,"timestamp":1612915823,"path_taken":["M","?","M","M","?","E","R","E","T","M","?","E"],"items_purchased_type":[],"build_version":"2020-12-22","purchased_purges":0,"victory":false,"max_hp_per_floor":[80,80,80,80,80,80,80,80,80,80,80,80,80],"card_choices":[{"not_picked":["Entrench","Heavy Blade"],"picked":"Perfected Strike","floor":1},{"not_picked":["Dark Embrace","Combust"],"picked":"Perfected Strike","floor":3},{"not_picked":["Burning Pact","Armaments","Thunderclap"],"picked":"SKIP","floor":4},{"not_picked":["Evolve","Clothesline"],"picked":"Body Slam","floor":6},{"not_picked":["Entrench","Body Slam","Headbutt"],"picked":"SKIP","floor":8},{"not_picked":["Rupture","Armaments"],"picked":"Iron Wave","floor":10}],"player_experience":586010,"relics_obtained":[{"floor":6,"key":"Bag of Preparation"},{"floor":8,"key":"Unceasing Top"},{"floor":9,"key":"Orichalcum"},{"floor":11,"key":"Toy Ornithopter"}],"event_choices":[{"damage_healed":0,"gold_gain":0,"player_choice":"Grow","damage_taken":0,"max_hp_gain":0,"max_hp_loss":0,"event_name":"Living Wall","floor":2,"gold_loss":0,"cards_upgraded":["Perfected Strike"]},{"damage_healed":0,"gold_gain":0,"player_choice":"Success","damage_taken":3,"relics_obtained":["Happy Flower"],"max_hp_gain":0,"max_hp_loss":0,"event_name":"Scrap Ooze","floor":5,"gold_loss":0},{"damage_healed":0,"gold_gain":0,"player_choice":"Searched \u00272\u0027 times","damage_taken":0,"max_hp_gain":0,"max_hp_loss":0,"event_name":"Dead Adventurer","floor":11,"gold_loss":0}],"is_beta":false,"boss_relics":[],"items_purged_floors":[],"is_endless":false,"potions_floor_spawned":[1,3,6],"killed_by":"Lagavulin","ascension_level":7}}