{"host":"it04jaz8eul1eh3d","time":1612948370,"event":{"mods":["AchievementEnabler","BaseMod","Colored Map","DeckTracker","Keyboard Shortcuts","Minty Spire (QoL Compilation)","SuperFastMode"],"gold_per_floor":[113,113,188,188,199,226,251,270,270,270,280,55,55,71,71,171,171,181,181,181,181,201,201,201,201],"floor_reached":24,"language":"KOR","playtime":891,"items_purged":["Defend_P"],"score":194,"play_id":"d13bef23-564b-4b58-8176-288dc6877aa5","local_time":"20210210181250","is_ascension_mode":false,"campfire_choices":[{"floor":10,"key":"REST"},{"floor":13,"key":"REST"},{"floor":15,"key":"REST"},{"data":"Fasting2","floor":23,"key":"SMITH"}],"circlet_count":0,"master_deck":["Strike_P","Strike_P","Strike_P","Strike_P","Defend_P","Defend_P+1","Defend_P+1","Eruption","Vigilance","Fasting2+1","ThirdEye","Sanctity","FollowUp","LikeWater","EmptyBody","ClearTheMind","ReachHeaven","DeusExMachina","J.A.X.","FlyingSleeves+1"],"relics":["HolyWater","Tiny Chest","Ancient Tea Set","Happy Flower","Incense Burner","Orrery","Ornamental Fan"],"acts_visited":["Exordium","TheCity"],"potions_floor_usage":[6],"damage_taken":[{"damage":1,"enemies":"Cultist","floor":1,"turns":6},{"damage":0,"enemies":"Jaw Worm","floor":5,"turns":5},{"damage":36,"enemies":"3 Sentries","floor":6,"turns":10},{"damage":1,"enemies":"2 Louse","floor":8,"turns":3},{"damage":1,"enemies":"Exordium Wildlife","floor":11,"turns":6},{"damage":2,"enemies":"Blue Slaver","floor":14,"turns":3},{"damage":55,"enemies":"Hexaghost","floor":16,"turns":13},{"damage":17,"enemies":"3 Byrds","floor":18,"turns":10},{"damage":7,"enemies":"Shell Parasite","floor":22,"turns":7},{"damage":0,"enemies":"Slavers","floor":24,"turns":1}],"seed_played":"-4413875131300161213","potions_obtained":[{"floor":1,"key":"Ambrosia"},{"floor":6,"key":"AttackPotion"},{"floor":8,"key":"FairyPotion"},{"floor":18,"key":"FairyPotion"}],"is_trial":false,"path_per_floor":["M","?","?","?","M","E","T","M","T","R","M","$","R","M","R","B",null,"M","?","?","?","M","R","E"],"character_chosen":"WATCHER","items_purchased":["Orrery"],"campfire_rested":3,"item_purchase_floors":[12],"current_hp_per_floor":[71,57,46,46,46,10,10,9,9,30,29,29,50,48,69,14,72,55,55,55,55,48,48,48,48],"gold":201,"neow_bonus":"RANDOM_COMMON_RELIC","is_daily":false,"chose_seed":false,"campfire_upgraded":1,"win_rate":0.0,"timestamp":1612948370,"path_taken":["M","?","?","?","M","E","?","M","T","R","M","$","R","M","R","BOSS","M","?","?","?","M","R","E"],"items_purchased_type":["Relic"],"build_version":"2020-12-22","purchased_purges":1,"victory":false,"max_hp_per_floor":[72,72,72,72,72,72,72,72,72,72,72,72,72,72,72,72,72,72,72,72,72,72,72,72,72],"card_choices":[{"not_picked":["Study","Crescendo"],"picked":"Fasting2","floor":1},{"not_picked":["Consecrate","Halt"],"picked":"ThirdEye","floor":5},{"not_picked":["CutThroughFate","Evaluate"],"picked":"Sanctity","floor":6},{"not_picked":["CrushJoints","BowlingBash","Evaluate"],"picked":"SKIP","floor":8},{"not_picked":["FlurryOfBlows","BowlingBash","Evaluate"],"picked":"SKIP","floor":11},{"not_picked":["BowlingBash","FearNoEvil"],"picked":"FollowUp","floor":12},{"not_picked":["JustLucky","Evaluate"],"picked":"LikeWater","floor":12},{"not_picked":["JustLucky","DeusExMachina"],"picked":"EmptyBody","floor":12},{"not_picked":["EmptyBody","ThirdEye"],"picked":"ClearTheMind","floor":12},{"not_picked":["Evaluate","PathToVictory"],"picked":"ReachHeaven","floor":14},{"not_picked":["Scrawl","Establishment"],"picked":"DeusExMachina","floor":16},{"not_picked":["FlyingSleeves+1","FollowUp+1","FlurryOfBlows"],"picked":"SKIP","floor":18},{"not_picked":["BowlingBash","Wallop"],"picked":"FlyingSleeves+1","floor":22}],"player_experience":158067,"relics_obtained":[{"floor":6,"key":"Ancient Tea Set"},{"floor":7,"key":"Happy Flower"},{"floor":9,"key":"Incense Burner"}],"event_choices":[{"damage_healed":0,"gold_gain":0,"player_choice":"Entered Light","damage_taken":14,"max_hp_gain":0,"max_hp_loss":0,"event_name":"Shining Light","floor":2,"gold_loss":0,"cards_upgraded":["Defend_P","Defend_P"]},{"damage_healed":0,"gold_gain":75,"player_choice":"Gather Gold","damage_taken":11,"max_hp_gain":0,"max_hp_loss":0,"event_name":"World of Goop","floor":3,"gold_loss":0},{"damage_healed":0,"gold_gain":0,"player_choice":"Ignored","damage_taken":0,"max_hp_gain":0,"max_hp_loss":0,"event_name":"Golden Wing","floor":4,"gold_loss":0},{"damage_healed":0,"gold_gain":0,"player_choice":"Obtain J.A.X.","damage_taken":0,"max_hp_gain":0,"max_hp_loss":0,"event_name":"Drug Dealer","floor":19,"gold_loss":0,"cards_obtained":["J.A.X."]},{"damage_healed":0,"gold_gain":0,"player_choice":"Opened","damage_taken":0,"relics_obtained":["Ornamental Fan"],"max_hp_gain":0,"max_hp_loss":0,"event_name":"The Mausoleum","floor":20,"gold_loss":0},{"damage_healed":0,"gold_gain":0,"player_choice":"Ignored","damage_taken":0,"max_hp_gain":0,"max_hp_loss":0,"event_name":"Vampires","floor":21,"gold_loss":0}],"is_beta":false,"boss_relics":[{"not_picked":["Velvet Choker","Snecko Eye"],"picked":"HolyWater"}],"items_purged_floors":[12],"is_endless":false,"potions_floor_spawned":[1,6,8,18],"killed_by":"Slavers","ascension_level":0}}