{"host":"i09pxcjttd31eh4q","time":1612947590,"event":{"mods":["AchievementEnabler","BaseMod","Colored Map","Keyboard Shortcuts","Minty Spire (QoL Compilation)","StSLib","SuperFastMode"],"gold_per_floor":[119,119,119,41,61,92,52,66,66,66,116,116,11,27,27,27,27],"floor_reached":16,"language":"KOR","playtime":208,"items_purged":["Strike_B"],"score":246,"play_id":"f3ad10a3-245e-4ae4-8763-3faa85b14238","local_time":"20210210175950","is_ascension_mode":true,"campfire_choices":[{"data":"Barrage","floor":10.0,"key":"SMITH"},{"data":"Defragment","floor":12.0,"key":"SMITH"},{"data":"Reinforced Body","floor":15.0,"key":"SMITH"}],"circlet_count":0,"master_deck":["AscendersBane","Strike_B","Strike_B","Defend_B","Defend_B+1","Defend_B","Defend_B","Zap","Dualcast","Barrage+1","Capacitor+1","Defragment+1","Reinforced Body+1","Buffer","Capacitor","Ball Lightning","Sweeping Beam","Turbo"],"relics":["Cracked Core","NeowsBlessing","Symbiotic Virus","Singing Bowl"],"acts_visited":["Exordium"],"potions_floor_usage":[16],"damage_taken":[{"damage":0.0,"enemies":"Small Slimes","floor":1.0,"turns":1.0},{"damage":0.0,"enemies":"2 Louse","floor":5.0,"turns":1.0},{"damage":0.0,"enemies":"3 Sentries","floor":6.0,"turns":1.0},{"damage":11.0,"enemies":"Cultist","floor":8.0,"turns":6.0},{"damage":24.0,"enemies":"Exordium Wildlife","floor":14.0,"turns":4.0},{"damage":0,"enemies":"The Guardian","floor":16,"turns":5}],"seed_played":"-5818985021742438419","potions_obtained":[{"floor":1.0,"key":"Explosive Potion"},{"floor":14.0,"key":"Strength Potion"}],"is_trial":false,"path_per_floor":["M","?","?","$","M","E","$","M","T","R","?","R","$","M","R","B"],"character_chosen":"DEFECT","items_purchased":["Defragment","Capacitor","Sweeping Beam"],"campfire_rested":0,"item_purchase_floors":[4,7,13],"current_hp_per_floor":[64,64,43,43,43,43,43,32,32,32,32,32,32,8,8,8,8],"gold":27,"neow_bonus":"THREE_ENEMY_KILL","is_daily":false,"chose_seed":false,"campfire_upgraded":3,"win_rate":0.0,"timestamp":1612947590,"path_taken":["M","?","?","$","M","E","$","M","T","R","?","R","$","M","R","BOSS"],"items_purchased_type":["Card","Card","Card"],"build_version":"2020-12-22","purchased_purges":1,"victory":false,"max_hp_per_floor":[71,71,71,71,71,71,71,71,71,71,71,71,71,71,71,71,71],"card_choices":[{"not_picked":["Reinforced Body","Ball Lightning"],"picked":"Barrage","floor":1.0},{"not_picked":["Beam Cell","Static Discharge"],"picked":"Reinforced Body","floor":5.0},{"not_picked":["Barrage","Rebound"],"picked":"Buffer","floor":6.0},{"not_picked":["Reprogram","Static Discharge"],"picked":"Ball Lightning","floor":8.0},{"not_picked":["Sweeping Beam","Steam"],"picked":"Turbo","floor":14.0}],"player_experience":900344,"relics_obtained":[{"floor":6.0,"key":"Symbiotic Virus"},{"floor":9.0,"key":"Singing Bowl"}],"event_choices":[{"damage_healed":0.0,"max_hp_gain":0.0,"max_hp_loss":0.0,"gold_gain":0.0,"cards_transformed":["Strike_B"],"event_name":"Living Wall","player_choice":"Change","floor":2.0,"gold_loss":0.0,"damage_taken":0.0,"cards_obtained":["Capacitor"]},{"damage_healed":0.0,"max_hp_gain":0.0,"max_hp_loss":0.0,"gold_gain":0.0,"event_name":"Shining Light","player_choice":"Entered Light","floor":3.0,"gold_loss":0.0,"damage_taken":21.0,"cards_upgraded":["Defend_B","Capacitor"]},{"damage_healed":0.0,"max_hp_gain":0.0,"max_hp_loss":0.0,"gold_gain":50.0,"event_name":"Golden Shrine","player_choice":"Pray","floor":11.0,"gold_loss":0.0,"damage_taken":0.0}],"is_beta":false,"boss_relics":[],"items_purged_floors":[13],"is_endless":false,"potions_floor_spawned":[1,14],"killed_by":"The Guardian","ascension_level":20}}