{"host":"3y2rtlgteqp2nuo3","time":1612963707,"event":{"mods":["2.2 Compatiblity","AchievementEnabler","BaseMod","Colored Map","DeckTracker","Highlight Path","Keyboard Shortcuts","Minty Spire (QoL Compilation)","Permanent Neow","Quick Restart","StSLib","SuperFastMode","everything is the same but u backflip on backflip"],"gold_per_floor":[116,74,94,109,34,34,50,50,132,132,132,143,154,54,54,54,54],"floor_reached":16,"language":"KOR","playtime":241,"items_purged":["Strike_P","Strike_P"],"score":184,"play_id":"652ee793-89bb-4290-894d-60f7126a2ca5","local_time":"20210210222827","is_ascension_mode":true,"campfire_choices":[{"data":"Eruption","floor":6.0,"key":"SMITH"},{"data":"WheelKick","floor":8.0,"key":"SMITH"},{"data":"Indignation","floor":10.0,"key":"SMITH"},{"data":"Vigilance","floor":15.0,"key":"SMITH"}],"circlet_count":0,"master_deck":["AscendersBane","Strike_P","Defend_P","Defend_P","Defend_P","Eruption+1","Vigilance+1","Halt","Indignation+1","WheelKick+1"],"relics":["PureWater","White Beast Statue"],"acts_visited":["Exordium"],"potions_floor_usage":[],"damage_taken":[{"damage":0.0,"enemies":"Cultist","floor":1.0,"turns":3.0},{"damage":0.0,"enemies":"2 Louse","floor":3.0,"turns":3.0},{"damage":2.0,"enemies":"Small Slimes","floor":4.0,"turns":3.0},{"damage":3.0,"enemies":"Blue Slaver","floor":7.0,"turns":3.0},{"damage":8.0,"enemies":"3 Louse","floor":12.0,"turns":2.0},{"damage":0.0,"enemies":"Looter","floor":13.0,"turns":2.0},{"damage":31,"enemies":"Hexaghost","floor":16,"turns":7}],"seed_played":"7392952969612963044","potions_obtained":[{"floor":1.0,"key":"Energy Potion"},{"floor":12.0,"key":"FearPotion"},{"floor":13.0,"key":"BlessingOfTheForge"}],"is_trial":false,"path_per_floor":["M","$","M","M","$","R","M","R","T","R","?","M","M","$","R","B"],"character_chosen":"WATCHER","items_purchased":["WheelKick"],"campfire_rested":0,"item_purchase_floors":[2],"current_hp_per_floor":[43,43,43,41,41,41,38,38,38,38,38,30,30,30,30,0,0],"gold":54,"neow_bonus":"TRANSFORM_TWO_CARDS","is_daily":false,"chose_seed":false,"campfire_upgraded":4,"win_rate":0.0,"timestamp":1612963707,"path_taken":["M","$","M","M","$","R","?","R","T","R","?","M","M","$","R","BOSS"],"items_purchased_type":["Card"],"build_version":"2020-12-22","purchased_purges":2,"victory":false,"max_hp_per_floor":[68,68,68,68,68,68,68,68,68,68,68,68,68,68,68,68,68],"card_choices":[{"not_picked":["WaveOfTheHand","Evaluate","EmptyBody"],"picked":"SKIP","floor":1.0},{"not_picked":["CarveReality","EmptyBody","Evaluate"],"picked":"SKIP","floor":3.0},{"not_picked":["FollowUp","Conclude","ClearTheMind"],"picked":"SKIP","floor":4.0},{"not_picked":["SashWhip","Omniscience","ThirdEye"],"picked":"SKIP","floor":7.0},{"not_picked":["CutThroughFate","Protect","ClearTheMind"],"picked":"SKIP","floor":12.0},{"not_picked":["CutThroughFate","Protect","ClearTheMind"],"picked":"SKIP","floor":12.0},{"not_picked":["PathToVictory","Evaluate","Nirvana"],"picked":"SKIP","floor":13.0}],"player_experience":781874,"relics_obtained":[{"floor":9.0,"key":"White Beast Statue"}],"event_choices":[{"damage_healed":0.0,"max_hp_gain":0.0,"max_hp_loss":0.0,"gold_gain":0.0,"event_name":"Liars Game","player_choice":"Ignored","floor":11.0,"gold_loss":0.0,"damage_taken":0.0}],"is_beta":false,"boss_relics":[],"items_purged_floors":[5,14],"is_endless":false,"potions_floor_spawned":[1,12,13],"killed_by":"Hexaghost","ascension_level":20}}