{"host":"2549600wvy7mxnkj","time":1612916389,"event":{"mods":["BaseMod","Hubris","Infinite Spire","Minty Spire (QoL Compilation)","Replay The Spire","StSLib"],"gold_per_floor":[110,110,125,136,136,136,155,155,171,202,202,219,219,230,230,157,157,157,157],"floor_reached":18,"language":"ENG","playtime":907,"items_purged":[],"score":165,"play_id":"9b2f76e5-3e4e-4d3c-a6ca-a976904e9449","local_time":"20210209191949","is_ascension_mode":true,"campfire_choices":[{"data":"Body Slam","floor":8,"key":"SMITH"},{"data":"Body Slam","floor":13,"key":"SMITH"},{"floor":17,"key":"RECALL"}],"circlet_count":0,"master_deck":["Strike_R","Strike_R","Strike_R","Strike_R","Strike_R","Defend_R","Defend_R","Defend_R","Defend_R","Bash","Body Slam+1","Body Slam+1","Dual Wield","Shrug It Off","Dual Wield","Self Repair+1","Defragment"],"relics":["NeowsBlessing","Shuriken","Gambling Chip","Iron Core"],"acts_visited":["Exordium"],"potions_floor_usage":[7,10,14],"damage_taken":[{"damage":0,"enemies":"2 Louse","floor":1,"turns":1},{"damage":0,"enemies":"Cultist","floor":3,"turns":1},{"damage":0,"enemies":"Small Slimes","floor":4,"turns":1},{"damage":12,"enemies":"Looter","floor":7,"turns":4},{"damage":13,"enemies":"Red Slaver","floor":9,"turns":4},{"damage":68,"enemies":"Gremlin Nob","floor":10,"turns":6},{"damage":6,"enemies":"3 Louse","floor":12,"turns":6},{"damage":8,"enemies":"Exordium Thugs","floor":14,"turns":5},{"damage":6,"enemies":"Hexaghost","floor":18,"turns":4}],"seed_played":"4380679407295070934","potions_obtained":[{"floor":3,"key":"AttackPotion"},{"floor":9,"key":"Fruit Juice"},{"floor":12,"key":"Adrenaline Potion"}],"is_trial":false,"path_per_floor":["M","?","M","M","PTL","PTL","M","R","M","E","T","M","R","M","?","$","R","B"],"character_chosen":"IRONCLAD","items_purchased":["Defragment"],"campfire_rested":0,"item_purchase_floors":[16],"current_hp_per_floor":[78,78,80,80,80,80,74,74,67,10,10,10,10,8,8,8,8,2,2],"gold":157,"neow_bonus":"THREE_ENEMY_KILL","is_daily":false,"chose_seed":false,"campfire_upgraded":2,"win_rate":0.0,"timestamp":1612916389,"path_taken":["M","?","?","M","PTL","PTL","M","R","M","E","T","M","R","M","?","$","R","BOSS"],"items_purchased_type":["Card"],"build_version":"2020-12-22","purchased_purges":0,"victory":false,"max_hp_per_floor":[80,80,80,80,80,80,80,80,80,85,85,85,85,85,85,85,85,85,85],"card_choices":[{"not_picked":["Wild Strike","Heavy Blade"],"picked":"Body Slam","floor":1},{"not_picked":["ReplayTheSpireMod:Strike From Hell","Feel No Pain","Clothesline"],"picked":"SKIP","floor":3},{"not_picked":["Seeing Red","Dual Wield","Entrench"],"picked":"SKIP","floor":4},{"not_picked":["Perfected Strike","Dropkick"],"picked":"Body Slam","floor":7},{"not_picked":["ReplayTheSpireMod:Strike From Hell","Demon Form"],"picked":"Dual Wield","floor":9},{"not_picked":["Disarm","Thunderclap"],"picked":"Shrug It Off","floor":10},{"not_picked":["Heavy Blade","Clothesline"],"picked":"Dual Wield","floor":12},{"not_picked":["Evolve","Rupture","Fire Breathing"],"picked":"SKIP","floor":14}],"player_experience":219833,"relics_obtained":[{"floor":10,"key":"Shuriken"},{"floor":11,"key":"Gambling Chip"}],"event_choices":[{"damage_healed":0,"gold_gain":0,"player_choice":"0 cards matched","damage_taken":0,"max_hp_gain":0,"max_hp_loss":0,"event_name":"Match and Keep!","floor":2,"gold_loss":0,"cards_obtained":[]}],"is_beta":false,"boss_relics":[],"items_purged_floors":[],"is_endless":false,"potions_floor_spawned":[3,9,12],"killed_by":"Hexaghost","ascension_level":9}}