{"host":"Lrdox","time":1612998953,"event":{"mods":["BaseMod","Colored Map","Minty Spire (QoL Compilation)","Relic Stats"],"gold_per_floor":[212,230,230,244,17,17,46,46,73,97,97,97,97,129,129,129,129],"floor_reached":16,"language":"ENG","playtime":878,"items_purged":["Defend_B"],"score":154,"play_id":"4bf4e4c8-555e-49b0-b451-ca86724d31e0","local_time":"20210211001553","is_ascension_mode":true,"campfire_choices":[{"data":"Zap","floor":6,"key":"SMITH"},{"floor":11,"key":"REST"},{"floor":13,"key":"REST"},{"data":"Coolheaded","floor":15,"key":"SMITH"}],"circlet_count":0,"master_deck":["Strike_B","Strike_B","Strike_B","Defend_B","Defend_B","Defend_B","Zap+1","Dualcast","Rebound","Sweeping Beam","Capacitor","Glacier","Conserve Battery","Coolheaded+1"],"relics":["Cracked Core","Orichalcum","Art of War","Bag of Preparation","Odd Mushroom","Centennial Puzzle"],"acts_visited":["Exordium"],"potions_floor_usage":[14,16],"damage_taken":[{"damage":0,"enemies":"Small Slimes","floor":1,"turns":2},{"damage":4,"enemies":"2 Louse","floor":2,"turns":3},{"damage":0,"enemies":"Cultist","floor":4,"turns":3},{"damage":10,"enemies":"3 Sentries","floor":7,"turns":8},{"damage":13,"enemies":"The Mushroom Lair","floor":10,"turns":3},{"damage":27,"enemies":"Gremlin Nob","floor":14,"turns":4},{"damage":34,"enemies":"Hexaghost","floor":16,"turns":16}],"seed_played":"-8897816290517611744","potions_obtained":[{"floor":2,"key":"ColorlessPotion"},{"floor":4,"key":"SpeedPotion"},{"floor":7,"key":"LiquidMemories"}],"is_trial":false,"path_per_floor":["M","M","?","M","$","R","E","?","T","?","R","?","R","E","R","B"],"character_chosen":"DEFECT","items_purchased":["Capacitor","Glacier"],"campfire_rested":2,"item_purchase_floors":[5,5],"current_hp_per_floor":[68,64,57,57,57,57,47,22,22,9,31,36,60,33,33,0,0],"gold":129,"neow_bonus":"HUNDRED_GOLD","is_daily":false,"chose_seed":false,"campfire_upgraded":2,"win_rate":0.0,"timestamp":1612998953,"path_taken":["M","M","?","M","$","R","E","?","T","?","R","?","R","E","R","BOSS"],"items_purchased_type":["Card","Card"],"build_version":"2020-12-18","purchased_purges":1,"victory":false,"max_hp_per_floor":[75,75,75,75,75,75,75,75,75,75,75,80,80,80,80,80,80],"relic_stats":{"Centennial Puzzle":[3],"counters":[7,39],"Art of War":[4],"Bag of Preparation":[6],"Orichalcum":[18],"obtain_stats":[{"Centennial Puzzle":14,"Art of War":8,"Bag of Preparation":9,"Orichalcum":7,"Odd Mushroom":10,"Cracked Core":0},{"Centennial Puzzle":6,"Art of War":4,"Bag of Preparation":4,"Orichalcum":4,"Odd Mushroom":5,"Cracked Core":0},{"Centennial Puzzle":23,"Art of War":16,"Bag of Preparation":16,"Orichalcum":16,"Odd Mushroom":19,"Cracked Core":0}]},"card_choices":[{"not_picked":["Barrage","Tempest","Aggregate"],"picked":"SKIP","floor":1},{"not_picked":["Beam Cell","Streamline"],"picked":"Rebound","floor":2},{"not_picked":["Leap","Aggregate"],"picked":"Sweeping Beam","floor":4},{"not_picked":["Rip and Tear","Storm"],"picked":"Conserve Battery","floor":7},{"not_picked":["BootSequence","Rebound"],"picked":"Coolheaded","floor":14}],"player_experience":247851,"relics_obtained":[{"floor":7,"key":"Orichalcum"},{"floor":9,"key":"Bag of Preparation"},{"floor":10,"key":"Odd Mushroom"},{"floor":14,"key":"Centennial Puzzle"}],"event_choices":[{"cards_removed":["Strike_B"],"damage_healed":0,"gold_gain":0,"player_choice":"Card Removal","damage_taken":7,"max_hp_gain":0,"max_hp_loss":0,"event_name":"Golden Wing","floor":3,"gold_loss":0},{"damage_healed":0,"gold_gain":0,"player_choice":"Success","damage_taken":25,"relics_obtained":["Art of War"],"max_hp_gain":0,"max_hp_loss":0,"event_name":"Scrap Ooze","floor":8,"gold_loss":0},{"damage_healed":0,"gold_gain":0,"player_choice":"Fought Mushrooms","damage_taken":0,"max_hp_gain":0,"max_hp_loss":0,"event_name":"Mushrooms","floor":10,"gold_loss":0},{"damage_healed":0,"gold_gain":0,"player_choice":"Donut","damage_taken":0,"max_hp_gain":5,"max_hp_loss":0,"event_name":"Big Fish","floor":12,"gold_loss":0}],"is_beta":true,"boss_relics":[],"items_purged_floors":[5],"is_endless":false,"potions_floor_spawned":[2,4,7],"killed_by":"Hexaghost","ascension_level":9}}