{"host":"5h6e4l6hpn0p5lap","time":1612918681,"event":{"mods":["AchievementEnabler","BaseMod","Better Altar","Better Match","Better Sensory Stone","Better Skull","Better Third Choice","Colored Map","Filter the Spire","Minty Spire (QoL Compilation)","StSLib"],"gold_per_floor":[113,125,141,141,156,184,184,184,184],"floor_reached":8,"language":"ENG","playtime":272,"items_purged":[],"score":81,"play_id":"02e5da86-be44-4f09-b61a-acaf86b2728d","local_time":"20210209195801","is_ascension_mode":true,"campfire_choices":[{"floor":7,"key":"REST"}],"circlet_count":0,"master_deck":["Strike_B","Strike_B","Strike_B","Strike_B","Defend_B","Defend_B","Defend_B","Defend_B","Zap+1","Dualcast","Rip and Tear","Rebound","Chaos","Stack","Cold Snap"],"relics":["Cracked Core","StrikeDummy","Unceasing Top"],"acts_visited":["Exordium"],"potions_floor_usage":[],"damage_taken":[{"damage":1,"enemies":"Cultist","floor":1,"turns":3},{"damage":0,"enemies":"Small Slimes","floor":2,"turns":3},{"damage":4,"enemies":"2 Louse","floor":3,"turns":2},{"damage":11,"enemies":"Exordium Thugs","floor":5,"turns":5},{"damage":20,"enemies":"Gremlin Nob","floor":6,"turns":4},{"damage":16,"enemies":"3 Sentries","floor":8,"turns":4}],"seed_played":"1938672956513469223","potions_obtained":[{"floor":1,"key":"EssenceOfSteel"},{"floor":6,"key":"Block Potion"}],"is_trial":false,"path_per_floor":["M","M","M","T","M","E","R","E"],"character_chosen":"DEFECT","items_purchased":[],"campfire_rested":1,"item_purchase_floors":[],"current_hp_per_floor":[67,67,63,63,52,32,54,38,38],"gold":184,"neow_bonus":"UPGRADE_CARD","is_daily":false,"chose_seed":false,"campfire_upgraded":0,"win_rate":0.0,"timestamp":1612918681,"path_taken":["M","M","M","?","M","E","R","E"],"items_purchased_type":[],"build_version":"2020-12-22","purchased_purges":0,"victory":false,"max_hp_per_floor":[75,75,75,75,75,75,75,75,75],"card_choices":[{"not_picked":["Coolheaded","Sweeping Beam"],"picked":"Rip and Tear","floor":1},{"not_picked":["Skim","Undo"],"picked":"Rebound","floor":2},{"not_picked":["Beam Cell","Steam"],"picked":"Chaos","floor":3},{"not_picked":["Undo","Heatsinks"],"picked":"Stack","floor":5},{"not_picked":["Conserve Battery","Steam Power"],"picked":"Cold Snap","floor":6}],"player_experience":1090196,"relics_obtained":[{"floor":4,"key":"StrikeDummy"},{"floor":6,"key":"Unceasing Top"}],"event_choices":[],"is_beta":false,"boss_relics":[],"items_purged_floors":[],"is_endless":false,"potions_floor_spawned":[1,6],"killed_by":"3 Sentries","ascension_level":8}}