{"host":"1bzbl1adcbkdzqlf","time":1612931967,"event":{"mods":["BaseMod","Minty Spire (QoL Compilation)","Slay the Relics Exporter"],"gold_per_floor":[109,59,59,75,89,89,117,127,127,143,170,170,170,198,198,198,198],"floor_reached":16,"language":"ENG","playtime":703,"items_purged":[],"score":186,"play_id":"c51bf152-1e4e-4fb1-827e-e8a39e9fca4d","local_time":"20210209223927","is_ascension_mode":true,"campfire_choices":[{"data":"Armaments","floor":6,"key":"SMITH"},{"floor":13,"key":"REST"},{"data":"Carnage","floor":15,"key":"SMITH"}],"circlet_count":0,"master_deck":["AscendersBane","Strike_R","Strike_R","Strike_R","Strike_R","Defend_R","Defend_R","Defend_R","Defend_R","Bash+1","Disarm","Carnage+1","Armaments+1","Cleave","Thunderclap","Shrug It Off","Ghostly Armor","Flex"],"relics":["Burning Blood","Pen Nib","Paper Frog","Turnip","Omamori"],"acts_visited":["Exordium"],"potions_floor_usage":[10,11,14,16,16],"damage_taken":[{"damage":7,"enemies":"2 Louse","floor":1,"turns":3},{"damage":5,"enemies":"Small Slimes","floor":4,"turns":4},{"damage":0,"enemies":"Cultist","floor":5,"turns":2},{"damage":35,"enemies":"3 Sentries","floor":7,"turns":10},{"damage":31,"enemies":"Large Slime","floor":8,"turns":6},{"damage":12,"enemies":"Lots of Slimes","floor":10,"turns":3},{"damage":32,"enemies":"Gremlin Nob","floor":11,"turns":4},{"damage":23,"enemies":"3 Sentries","floor":14,"turns":7},{"damage":57,"enemies":"Slime Boss","floor":16,"turns":6}],"seed_played":"-5986279711940979064","potions_obtained":[{"floor":4,"key":"BloodPotion"},{"floor":5,"key":"Fruit Juice"},{"floor":10,"key":"Dexterity Potion"},{"floor":11,"key":"Weak Potion"},{"floor":14,"key":"BloodPotion"}],"is_trial":false,"path_per_floor":["M","?","?","M","M","R","E","M","T","M","E","?","R","E","R","B"],"character_chosen":"IRONCLAD","items_purchased":[],"campfire_rested":1,"item_purchase_floors":[],"current_hp_per_floor":[79,79,79,80,86,86,57,32,32,31,23,23,50,33,33,0,0],"gold":198,"neow_bonus":"TEN_PERCENT_HP_BONUS","is_daily":false,"chose_seed":false,"campfire_upgraded":2,"win_rate":0.0,"timestamp":1612931967,"path_taken":["M","?","?","M","?","R","E","M","T","M","E","?","R","E","R","BOSS"],"items_purchased_type":[],"build_version":"2020-12-22","purchased_purges":0,"victory":false,"max_hp_per_floor":[88,88,88,88,88,88,88,88,88,93,93,93,93,93,93,93,93],"card_choices":[{"not_picked":["Sword Boomerang","Anger"],"picked":"Disarm","floor":1},{"not_picked":["Sword Boomerang","Anger"],"picked":"Carnage","floor":4},{"not_picked":["Ghostly Armor","Dual Wield"],"picked":"Armaments","floor":5},{"not_picked":["Berserk","Anger"],"picked":"Cleave","floor":7},{"not_picked":["Warcry","Shrug It Off"],"picked":"Thunderclap","floor":8},{"not_picked":["Headbutt","Disarm"],"picked":"Shrug It Off","floor":10},{"not_picked":["Rampage","Clothesline"],"picked":"Ghostly Armor","floor":11},{"not_picked":["Anger","Rampage"],"picked":"Flex","floor":14}],"player_experience":411515,"relics_obtained":[{"floor":7,"key":"Pen Nib"},{"floor":9,"key":"Paper Frog"},{"floor":11,"key":"Turnip"},{"floor":14,"key":"Omamori"}],"event_choices":[{"cards_removed":["Strike_R"],"damage_healed":0,"gold_gain":0,"player_choice":"Card Removal","damage_taken":0,"max_hp_gain":0,"max_hp_loss":0,"event_name":"The Cleric","floor":2,"gold_loss":50},{"damage_healed":0,"gold_gain":0,"player_choice":"Upgraded","damage_taken":0,"max_hp_gain":0,"max_hp_loss":0,"event_name":"Upgrade Shrine","floor":3,"gold_loss":0,"cards_upgraded":["Bash"]},{"damage_healed":0,"gold_gain":0,"player_choice":"Bought 0 Potions","damage_taken":0,"max_hp_gain":0,"max_hp_loss":0,"event_name":"The Woman in Blue","floor":12,"gold_loss":0}],"is_beta":false,"boss_relics":[],"items_purged_floors":[],"is_endless":false,"potions_floor_spawned":[4,5,10,11,14],"killed_by":"Slime Boss","ascension_level":11}}