{"host":"1qhzi8r9ejho5yph","time":1612982019,"event":{"mods":["AchievementEnabler","BaseMod","Colored Map","Colored Powertips","Highlight Path","Minty Spire (QoL Compilation)","Permanent Neow","Quick Restart","Random Character Button","StSLib","SuperFastMode","Synergy Search"],"gold_per_floor":[119,119,119,119,133,166,166,181,181,256,272,272,295,315,315,315,315],"floor_reached":16,"language":"ENG","playtime":354,"items_purged":[],"score":102,"play_id":"a31961b4-8bba-4c7f-9d16-ae671326d473","local_time":"20210211023339","is_ascension_mode":false,"campfire_choices":[{"floor":7,"key":"REST"},{"floor":15,"key":"REST"}],"circlet_count":0,"master_deck":["Strike_R","Strike_R","Strike_R","Strike_R","Strike_R","Defend_R+1","Defend_R","Bash","Whirlwind+1","Sword Boomerang","Pommel Strike","Thunderclap","Perfected Strike","Ghostly Armor","Flex"],"relics":["Burning Blood","Golden Idol","Lantern","Question Card"],"acts_visited":["Exordium"],"potions_floor_usage":[6,16,16],"damage_taken":[{"damage":9,"enemies":"Small Slimes","floor":1,"turns":5},{"damage":3,"enemies":"2 Louse","floor":5,"turns":2},{"damage":52,"enemies":"Lagavulin","floor":6,"turns":8},{"damage":8,"enemies":"Jaw Worm","floor":8,"turns":3},{"damage":11,"enemies":"2 Fungi Beasts","floor":11,"turns":3},{"damage":3,"enemies":"Exordium Wildlife","floor":13,"turns":3},{"damage":1,"enemies":"Large Slime","floor":14,"turns":4},{"damage":39,"enemies":"The Guardian","floor":16,"turns":9}],"seed_played":"-3495463319658898336","potions_obtained":[{"floor":1,"key":"SkillPotion"},{"floor":13,"key":"LiquidMemories"},{"floor":14,"key":"Block Potion"}],"is_trial":false,"path_per_floor":["M","?","?","?","M","E","R","M","T","?","M","?","M","M","R","B"],"character_chosen":"IRONCLAD","items_purchased":[],"campfire_rested":2,"item_purchase_floors":[],"current_hp_per_floor":[77,57,57,57,60,14,38,36,36,25,20,4,7,12,36,0,0],"gold":315,"neow_bonus":"REMOVE_CARD","is_daily":false,"chose_seed":false,"campfire_upgraded":0,"win_rate":0.0,"timestamp":1612982019,"path_taken":["M","?","?","?","M","E","R","M","T","?","M","?","?","M","R","BOSS"],"items_purchased_type":[],"build_version":"2020-12-22","purchased_purges":0,"victory":false,"max_hp_per_floor":[80,80,80,80,80,80,80,80,80,80,80,80,80,80,80,80,80],"card_choices":[{"not_picked":["Fire Breathing","Clash"],"picked":"Whirlwind","floor":1},{"not_picked":["Armaments","Burning Pact"],"picked":"Sword Boomerang","floor":5},{"not_picked":["Body Slam","Flex"],"picked":"Pommel Strike","floor":6},{"not_picked":["Spot Weakness","Clothesline"],"picked":"Thunderclap","floor":8},{"not_picked":["Iron Wave","Sword Boomerang","Brutality"],"picked":"Perfected Strike","floor":11},{"not_picked":["Anger","Clothesline","Evolve"],"picked":"Ghostly Armor","floor":13},{"not_picked":["Headbutt","Clothesline","Body Slam"],"picked":"Flex","floor":14}],"player_experience":377021,"relics_obtained":[{"floor":6,"key":"Lantern"},{"floor":9,"key":"Question Card"}],"event_choices":[{"damage_healed":0,"gold_gain":0,"player_choice":"Take Damage","damage_taken":20,"relics_obtained":["Golden Idol"],"max_hp_gain":0,"max_hp_loss":0,"event_name":"Golden Idol","floor":2,"gold_loss":0},{"damage_healed":0,"gold_gain":0,"player_choice":"Ignored","damage_taken":0,"max_hp_gain":0,"max_hp_loss":0,"event_name":"Liars Game","floor":3,"gold_loss":0},{"cards_removed":["Defend_R"],"damage_healed":0,"gold_gain":0,"player_choice":"Forget","damage_taken":0,"max_hp_gain":0,"max_hp_loss":0,"event_name":"Living Wall","floor":4,"gold_loss":0},{"damage_healed":0,"gold_gain":75,"player_choice":"Gather Gold","damage_taken":11,"max_hp_gain":0,"max_hp_loss":0,"event_name":"World of Goop","floor":10,"gold_loss":0},{"damage_healed":0,"gold_gain":0,"player_choice":"Entered Light","damage_taken":16,"max_hp_gain":0,"max_hp_loss":0,"event_name":"Shining Light","floor":12,"gold_loss":0,"cards_upgraded":["Defend_R","Whirlwind"]}],"is_beta":false,"boss_relics":[],"items_purged_floors":[],"is_endless":false,"potions_floor_spawned":[1,13,14],"killed_by":"The Guardian","ascension_level":0}}