{"host":"dlqyscxstsnu98l1","time":1612929253,"event":{"mods":["AchievementEnabler","BaseMod","Colored Map","Colored Powertips","Downfall","GifTheSpireLib","Highlight Path","Minty Spire (QoL Compilation)","Random Character Button","SacredBarkPlus","StSLib","everything is the same but u backflip on backflip"],"gold_per_floor":[109,109,119,119,129,129,149,168,168,168,201,201,234,244,244,339,339,350,369,60,73,89,89,89,89],"floor_reached":24,"language":"ENG","playtime":1451,"items_purged":["Strike_P"],"score":270,"play_id":"8ee39c72-1278-4c45-94e0-ecca05233335","local_time":"20210209215413","is_ascension_mode":true,"campfire_choices":[{"data":"Wallop","floor":6,"key":"SMITH"},{"data":"Swivel","floor":10,"key":"SMITH"},{"data":"Wish","floor":15,"key":"SMITH"},{"data":"Judgement","floor":23,"key":"SMITH"}],"circlet_count":0,"master_deck":["Strike_P","Strike_P","Strike_P","Defend_P","Defend_P","Defend_P","Defend_P","Eruption+1","Vigilance","Wallop+1","Swivel+1","TalkToTheHand","Wish+1","Meditate","Judgement+1","Establishment","Halt","WaveOfTheHand","WindmillStrike"],"relics":["PureWater","Potion Belt","PreservedInsect","Mercury Hourglass","Blood Vial","SlaversCollar","Vajra"],"acts_visited":["Exordium","TheCity"],"potions_floor_usage":[8,8,11,13,13,16,21,24,24],"damage_taken":[{"damage":0,"enemies":"Small Slimes","floor":1,"turns":2},{"damage":0,"enemies":"Cultist","floor":3,"turns":2},{"damage":0,"enemies":"Jaw Worm","floor":5,"turns":3},{"damage":0,"enemies":"Blue Slaver","floor":7,"turns":2},{"damage":0,"enemies":"Gremlin Gang","floor":8,"turns":2},{"damage":12,"enemies":"Lagavulin","floor":11,"turns":11},{"damage":0,"enemies":"3 Sentries","floor":13,"turns":4},{"damage":7,"enemies":"Exordium Wildlife","floor":14,"turns":4},{"damage":50,"enemies":"The Guardian","floor":16,"turns":16},{"damage":2,"enemies":"3 Byrds","floor":18,"turns":5},{"damage":0,"enemies":"Spheric Guardian","floor":19,"turns":3},{"damage":17,"enemies":"Snake Plant","floor":21,"turns":5},{"damage":11,"enemies":"Centurion and Healer","floor":22,"turns":7},{"damage":58,"enemies":"Book of Stabbing","floor":24,"turns":9}],"seed_played":"1375522740648028713","potions_obtained":[{"floor":3,"key":"SkillPotion"},{"floor":7,"key":"bronze:BurnAndBuffPotion"},{"floor":8,"key":"SpeedPotion"},{"floor":11,"key":"FearPotion"},{"floor":12,"key":"GamblersBrew"},{"floor":12,"key":"BottledMiracle"},{"floor":12,"key":"Ambrosia"},{"floor":18,"key":"Energy Potion"},{"floor":19,"key":"bronze:BurnAndBuffPotion"},{"floor":22,"key":"StancePotion"}],"is_trial":false,"path_per_floor":["M","?","M","?","M","R","M","M","T","R","E","?","E","M","R","B",null,"M","M","$","M","M","R","E"],"character_chosen":"WATCHER","items_purchased":["WindmillStrike","Vajra"],"campfire_rested":0,"item_purchase_floors":[20,20],"current_hp_per_floor":[72,72,72,72,72,72,72,72,72,72,60,60,60,55,55,7,72,70,72,72,55,46,46,0,0],"gold":89,"neow_bonus":"UPGRADE_CARD","is_daily":false,"chose_seed":false,"campfire_upgraded":4,"win_rate":0.0,"timestamp":1612929253,"path_taken":["M","?","?","?","M","R","M","M","T","R","E","?","E","M","R","BOSS","M","M","$","?","M","R","E"],"items_purchased_type":["Card","Relic"],"build_version":"2020-12-22","purchased_purges":1,"victory":false,"max_hp_per_floor":[72,72,72,72,72,72,72,72,72,72,72,72,72,72,72,72,72,72,72,72,72,72,72,72,72],"card_choices":[{"not_picked":["Evaluate","JustLucky"],"picked":"Wallop","floor":1},{"not_picked":["Crescendo","CutThroughFate"],"picked":"Swivel","floor":3},{"not_picked":["Consecrate","ClearTheMind","EmptyFist"],"picked":"SKIP","floor":5},{"not_picked":["JustLucky","Crescendo"],"picked":"TalkToTheHand","floor":7},{"not_picked":["WaveOfTheHand","DeceiveReality"],"picked":"Wish","floor":8},{"not_picked":["FollowUp","CutThroughFate"],"picked":"Meditate","floor":11},{"not_picked":["BowlingBash","ClearTheMind","WindmillStrike"],"picked":"SKIP","floor":13},{"not_picked":["ClearTheMind","CrushJoints"],"picked":"Judgement","floor":14},{"not_picked":["MasterReality","Judgement"],"picked":"Establishment","floor":16},{"not_picked":["ClearTheMind","ThirdEye"],"picked":"Halt","floor":18},{"not_picked":["CrushJoints+1","Protect"],"picked":"WaveOfTheHand","floor":19},{"not_picked":["SandsOfTime","FollowUp+1","JustLucky"],"picked":"SKIP","floor":21},{"not_picked":["WaveOfTheHand","CutThroughFate","Brilliance"],"picked":"SKIP","floor":22}],"player_experience":178257,"relics_obtained":[{"floor":2,"key":"Potion Belt"},{"floor":9,"key":"PreservedInsect"},{"floor":11,"key":"Mercury Hourglass"},{"floor":13,"key":"Blood Vial"}],"event_choices":[{"damage_healed":0,"gold_gain":0,"player_choice":"Relic","damage_taken":0,"max_hp_gain":0,"max_hp_loss":0,"event_name":"Wheel of Change","floor":2,"gold_loss":0},{"damage_healed":0,"gold_gain":0,"player_choice":"Leave","damage_taken":0,"max_hp_gain":0,"max_hp_loss":0,"event_name":"The Cleric","floor":4,"gold_loss":0},{"damage_healed":0,"gold_gain":0,"player_choice":"Got Potions","damage_taken":0,"max_hp_gain":0,"max_hp_loss":0,"event_name":"Lab","floor":12,"gold_loss":0}],"is_beta":false,"boss_relics":[{"not_picked":["Runic Pyramid","Runic Dome"],"picked":"SlaversCollar"}],"items_purged_floors":[20],"is_endless":false,"potions_floor_spawned":[3,7,8,11,18,19,22],"killed_by":"Book of Stabbing","ascension_level":3}}