{"host":"qhbbxt9nia1s4hz5","time":1612997243,"event":{"mods":["2.2 Compatiblity","Act Like it!","AlwaysNeverKeys","BaseMod","Better Altar","Better Note","Better Sensory Stone","Better Skull","Better Third Choice","Better Vampires","BetterRewards","Block Reminder","Booster Modes","Colored Map","Colored Powertips","Energized Spire","Faster Ascension Climbing","Friendly Minions","GifTheSpireLib","Gold Saver","Hallownest","Humility","Infinite Spire","Minty Spire (QoL Compilation)","Permanent Neow","Rare Cards Sparkle","Relic Filter","Reliquary","Replay The Spire","Shop Mod","StSLib","The Ghost of Christmas Present","TheSurvivalist"],"gold_per_floor":[1200,1200,1200,672,691,738,738,1067,1143,1143,1143,1158,904,937,937,1041,1041,1061,1061,708,726,726,726,760,760,760,760,760,780,807,827,827,931,1031,1048,1048,1048,1048,1048,1048,1059,1077,1077,1077,1089,1089,1089,1089,1119,1130,1130,1140,1140,1140,1164,1194,1194],"floor_reached":58,"language":"ENG","playtime":4785,"items_purged":["survmod:Defend","survmod:Defend","survmod:Adaptability","survmod:Strike","survmod:Defend","survmod:Defend","survmod:Strike"],"score":1802,"play_id":"4cb7c310-7727-4739-b259-091570210e5b","local_time":"20210211004723","is_ascension_mode":true,"campfire_choices":[{"data":"survmod:AcidArrow","floor":7.0,"key":"SMITH"},{"data":"Replay:BasicMightCard","floor":11.0,"key":"SMITH"},{"data":"infinitespire:FutureSight","floor":15.0,"key":"SMITH"},{"data":"survmod:HailOfArrows","floor":23.0,"key":"SMITH"},{"data":"survmod:ComplexMutation","floor":25.0,"key":"SMITH"},{"data":"infinitespire:TheBestDefense","floor":32,"key":"SMITH"},{"data":"ReplayTheSpireMod:Chaos Vortex","floor":40,"key":"SMITH"},{"data":"survmod:AcidArrow","floor":44,"key":"SMITH"},{"data":"survmod:MutantForm","floor":48,"key":"SMITH"},{"data":"survmod:MutantForm","floor":51,"key":"SMITH"},{"data":"survmod:BendAndBow","floor":54,"key":"SMITH"}],"circlet_count":0,"master_deck":["survmod:Strike+1","survmod:VersatileOffense+1","survmod:Sprint+1","Dark Shackles","survmod:FocusedFire","infinitespire:FutureSight+1","survmod:AcidArrow+1","survmod:VersatileOffense+1","HandOfGreed","Replay:BasicMightCard+1","survmod:TwinShot","survmod:BendAndBow+1","survmod:MutantForm+1","survmod:HailOfArrows+1","survmod:ComplexMutation+1","infinitespire:TheBestDefense+1","survmod:PiercingShot+1","survmod:AcidArrow+1","survmod:MutantForm+1","ReplayTheSpireMod:Chaos Vortex+1"],"relics":["survmod:InnateMutation","Membership Card","reliquary:Firecrackers","Garlic","ClockworkSouvenir","Bag of Preparation","Onion Ring","Bronze Scales","reliquary:WritOfMandamus","Ginger","MerchantsRug","Bloody Idol","Juzu Bracelet","reliquary:ExpiredCoupon","StoneCalendar","Centennial Puzzle","Replay:Wanted Poster","Black Star","Du-Vu Doll","Incense Burner","reliquary:SilkGlove","ReplayTheSpireMod:TigerMarble","reliquary:JackalopeAntler","Lizard Tail"],"acts_visited":["Exordium","TheCity","TheBeyond","TheEnding"],"potions_floor_usage":[33,33,49,49,52,52,56,57,57],"damage_taken":[{"damage":2.0,"enemies":"Small Slimes","floor":1.0,"turns":4.0},{"damage":0.0,"enemies":"Jaw Worm","floor":5.0,"turns":2.0},{"damage":2.0,"enemies":"Lagavulin","floor":6.0,"turns":4.0},{"damage":2.0,"enemies":"Replay:BlueRogue","floor":8.0,"turns":2.0},{"damage":0.0,"enemies":"2 Louse","floor":12.0,"turns":1.0},{"damage":0.0,"enemies":"Red Slaver","floor":14.0,"turns":1.0},{"damage":9.0,"enemies":"The Guardian","floor":16.0,"turns":7.0},{"damage":0.0,"enemies":"3 Byrds","floor":18.0,"turns":1.0},{"damage":0.0,"enemies":"Spheric Guardian","floor":21.0,"turns":2.0},{"damage":0.0,"enemies":"Replay:Snechameleon","floor":24.0,"turns":3.0},{"damage":0.0,"enemies":"Snake Plant","floor":29.0,"turns":2.0},{"damage":10.0,"enemies":"Book of Stabbing","floor":30.0,"turns":3.0},{"damage":2,"enemies":"Centurion and Healer","floor":31,"turns":3},{"damage":1,"enemies":"Champ","floor":33,"turns":3},{"damage":17,"enemies":"3 Shapes","floor":35,"turns":1},{"damage":0,"enemies":"Orb Walker","floor":41,"turns":1},{"damage":0,"enemies":"Transient","floor":42,"turns":6},{"damage":0,"enemies":"Spire Growth","floor":45,"turns":2},{"damage":0,"enemies":"Giant Head","floor":49,"turns":4},{"damage":0,"enemies":"Jaw Worm Horde","floor":50,"turns":1},{"damage":8,"enemies":"Donu and Deca","floor":52,"turns":6},{"damage":0,"enemies":"Shield and Spear","floor":56,"turns":4},{"damage":47,"enemies":"The Heart","floor":57,"turns":9}],"seed_played":"2273153470715861563","potions_obtained":[{"floor":1.0,"key":"CultistPotion"},{"floor":12.0,"key":"Toxic Potion"},{"floor":14.0,"key":"AttackPotion"},{"floor":18.0,"key":"DuplicationPotion"},{"floor":24.0,"key":"LiquidMemories"},{"floor":31,"key":"GamblersBrew"},{"floor":41,"key":"Explosive Potion"},{"floor":45,"key":"Strength Potion"},{"floor":56,"key":"Swift Potion"}],"is_trial":false,"path_per_floor":["M","?","?","$","M","E","R","E","T","?","R","M","$","M","R","B",null,"M","?","$","M","?","R","E","R","T","AVR","?","M","E","M","R_BF","B",null,"M","?","AVR","?","?","R","M","M","T","R","M","PTL","PTL","R","E","M","R","B",null,"R","$","E","B",null],"character_chosen":"THE_SURVIVOR","items_purchased":["Membership Card","reliquary:Firecrackers","Garlic","ClockworkSouvenir","Bag of Preparation","survmod:FenceTrap+1","Dark Shackles","Mango","Whetstone","survmod:AcidArrow","DollysMirror","HandOfGreed","Replay:BasicMightCard","Lee\u0027s Waffle","Bronze Scales","survmod:BendAndBow","Ginger","MerchantsRug","Fruit Juice","Block Potion","LifebloodPotion","ReplayTheSpireMod:TigerMarble","ColorlessPotion","Block Potion","Venom Potion"],"campfire_rested":0,"item_purchase_floors":[0,0,0,0,0,0,0,4,4,4,4,4,4,13,13,13,20,20,20,20,20,55,55,55,55],"current_hp_per_floor":[48,36,36,50,50,48,48,46,46,39,39,39,71,71,71,62,71,71,71,76,76,38,38,43,43,43,43,43,48,43,46,46,50,76,64,64,64,64,45,45,50,55,55,55,60,60,60,60,65,70,70,67,83,83,83,83,36],"gold":1194,"neow_bonus":"","is_daily":false,"chose_seed":false,"campfire_upgraded":11,"win_rate":0.0,"timestamp":1612997243,"path_taken":["M","?","?","?","M","E","R","E","T","?","R","M","$","M","R","BOSS","M","?","$","M","?","R","E","R","T","AVR","?","M","E","M","R_BF","BOSS","M","?","AVR","?","?","R","M","M","T","R","M","PTL","PTL","R","E","M","R","BOSS","R","$","E","BOSS"],"items_purchased_type":["Relic","Relic","Relic","Relic","Relic","Card","Card","Relic","Relic","Card","Relic","Card","Card","Relic","Relic","Card","Relic","Relic","Potion","Potion","Potion","Relic","Potion","Potion","Potion"],"build_version":"2020-12-22","purchased_purges":7,"victory":true,"max_hp_per_floor":[50,50,50,64,64,64,64,64,64,64,64,64,71,71,71,71,71,71,71,76,76,76,76,76,76,76,76,76,76,76,76,76,76,76,76,76,76,76,83,83,83,83,83,83,83,83,83,83,83,83,83,83,83,83,83,83,83],"card_choices":[{"not_picked":["survmod:UnfortunateEscape","survmod:FlareQuiver"],"picked":"survmod:FocusedFire","floor":1.0},{"not_picked":["infinitespire:UltimateForm","infinitespire:DeathsTouch"],"picked":"infinitespire:FutureSight","floor":2.0},{"not_picked":["survmod:MarkedShot","survmod:GoForFace","survmod:MarkTrap"],"picked":"SKIP","floor":5.0},{"not_picked":["survmod:DuckAndFlare","survmod:FlashbangTrap","survmod:PoisonTrap"],"picked":"SKIP","floor":6.0},{"not_picked":["survmod:TacticalManeuver","survmod:MarkTrap"],"picked":"survmod:TwinShot","floor":8.0},{"not_picked":["survmod:TwinShot","survmod:ExplosiveTrap","survmod:FlashbangTrap"],"picked":"SKIP","floor":12.0},{"not_picked":["survmod:HiddenTactic","survmod:SwiftKick","survmod:TwinShot"],"picked":"SKIP","floor":14.0},{"not_picked":["survmod:CloseCombat","survmod:EscapeMechanism"],"picked":"survmod:MutantForm","floor":16.0},{"not_picked":["survmod:GoForFace","survmod:PersonalMark+1"],"picked":"survmod:HailOfArrows","floor":18.0},{"not_picked":["survmod:AimForTheLiver","survmod:KnowThyEnemy+1","survmod:GoForFace+1"],"picked":"SKIP","floor":21.0},{"not_picked":["survmod:PenetratingShot","survmod:UnfortunateEscape"],"picked":"survmod:ComplexMutation","floor":24.0},{"not_picked":["survmod:ComplexMutation","survmod:UnfortunateEscape"],"picked":"survmod:PiercingShot","floor":29.0},{"not_picked":["survmod:LongShot","survmod:FenceTrap"],"picked":"survmod:AcidArrow","floor":30.0},{"not_picked":["survmod:ComplexMutation","survmod:TwinShot","survmod:PenetratingShot+1"],"picked":"SKIP","floor":31},{"not_picked":["survmod:ExpertSniper","survmod:Detonation"],"picked":"survmod:MutantForm","floor":33},{"not_picked":["survmod:TacticalManeuver+1","survmod:NockAnArrow","survmod:TakeAim"],"picked":"SKIP","floor":35},{"not_picked":["survmod:DuckAndFlare+1","survmod:RejectWeakness","survmod:FenceTrap"],"picked":"SKIP","floor":41},{"not_picked":["survmod:GoForFace","survmod:Adaptability","survmod:AimForTheLiver"],"picked":"SKIP","floor":42},{"not_picked":["survmod:Marksmanship","survmod:SwiftKick","survmod:PinningSnipe"],"picked":"SKIP","floor":45},{"not_picked":["survmod:TwinShot","survmod:PinningSnipe","survmod:Hawkeye+1"],"picked":"SKIP","floor":49},{"not_picked":["survmod:AcidTrap+1","survmod:EscapeMechanism","survmod:DuckAndFlare+1"],"picked":"SKIP","floor":50},{"not_picked":["survmod:AcidTrap","survmod:TrickShot+1","survmod:FenceTrap+1"],"picked":"SKIP","floor":56}],"player_experience":875714,"relics_obtained":[{"floor":6.0,"key":"Potion Belt"},{"floor":8.0,"key":"Old Coin"},{"floor":9.0,"key":"Onion Ring"},{"floor":24.0,"key":"Juzu Bracelet"},{"floor":26.0,"key":"reliquary:ExpiredCoupon"},{"floor":30.0,"key":"Centennial Puzzle"},{"floor":43,"key":"Du-Vu Doll"},{"floor":49,"key":"Incense Burner"},{"floor":49,"key":"reliquary:SilkGlove"},{"floor":56,"key":"reliquary:JackalopeAntler"},{"floor":56,"key":"Lizard Tail"}],"event_choices":[{"damage_healed":0.0,"max_hp_gain":0.0,"max_hp_loss":0.0,"gold_gain":0.0,"event_name":"Living Wall","player_choice":"Grow","floor":3.0,"gold_loss":0.0,"damage_taken":0.0,"cards_upgraded":["survmod:Sprint"]},{"cards_removed":["survmod:Strike"],"damage_healed":0.0,"max_hp_gain":0.0,"max_hp_loss":0.0,"gold_gain":0.0,"event_name":"Golden Wing","player_choice":"Card Removal","floor":10.0,"gold_loss":0.0,"damage_taken":7.0},{"cards_removed":["infinitespire:FutureSight"],"damage_healed":0.0,"max_hp_gain":0.0,"max_hp_loss":0.0,"gold_gain":0.0,"event_name":"betterNote:BetterNote","player_choice":"Give","floor":19.0,"gold_loss":0.0,"damage_taken":0.0,"cards_obtained":["survmod:GoForFace"]},{"damage_healed":0.0,"max_hp_gain":76.0,"max_hp_loss":38.0,"gold_gain":0.0,"event_name":"betterAltar:BetterAltar","player_choice":" Idol ","floor":22.0,"potions_obtained":[],"relics_lost":[],"gold_loss":0.0,"damage_taken":38.0,"relics_obtained":["Bloody Idol"]},{"damage_healed":0.0,"max_hp_gain":0.0,"max_hp_loss":0.0,"gold_gain":0.0,"event_name":"Ghosts","player_choice":"Ignored","floor":28.0,"gold_loss":0.0,"damage_taken":0.0},{"cards_removed":["survmod:FenceTrap"],"damage_healed":0,"gold_gain":0,"player_choice":"Purged","damage_taken":0,"max_hp_gain":0,"max_hp_loss":0,"event_name":"Purifier","floor":36,"gold_loss":0},{"damage_healed":0,"gold_gain":0,"player_choice":"RE UP ","damage_taken":30,"relics_obtained":["Strawberry"],"max_hp_gain":0,"max_hp_loss":0,"event_name":"betterSkull:BetterSkull","floor":39,"gold_loss":0,"cards_upgraded":["survmod:PiercingShot"]}],"is_beta":false,"boss_relics":[{"not_picked":["Kintsugi","Replay:Bronze Core"],"picked":"reliquary:WritOfMandamus"},{"not_picked":["ReplayTheSpireMod:DimensionalGlitch","SacredBark"],"picked":"Replay:Grab Bag"},{"not_picked":["energizedSpire:HugeHouse","reliquary:KinkedSpring"],"picked":"reliquary:Craggleroot"},{"not_picked":["energizedSpire:NeverEndingSparkler","ReplayTheSpireMod:Onyx Gauntlets"],"picked":"Replay:Wanted Poster"},{"not_picked":["Replay:Drink Me","Ring of Chaos"],"picked":"Black Star"}],"items_purged_floors":[0,0,4,13,20,27,55],"is_endless":false,"potions_floor_spawned":[1,12,14,18,24,31,41,45,56],"ascension_level":4,"is_humility":true}}