{"host":"ow66nzv2xecjoor3","time":1612943539,"event":{"mods":["BaseMod","Bestiary","Block Reminder","Colored Powertips","Curses Come First","Highlight Path","Keyboard Shortcuts","Minty Spire (QoL Compilation)","Permanent Neow","Relic Stats","StSLib","UnlockEverythingMod"],"gold_per_floor":[119,135,149,165,165,201,201,234,234,94,109,143,143,143,143,239,239,252,273,188,207,226,226,249,293,293,293,337,353,353,277,277,370,433,446,465,489,507,48,79,412,441,465,483,494,494,511,531,531,531,531,531,531,6,40,40],"floor_reached":57,"language":"ENG","playtime":3628,"items_purged":["Flechettes+1"],"score":2952,"play_id":"7569da02-562f-45d2-918b-da7d3bc0a370","local_time":"20210210015219","is_ascension_mode":true,"campfire_choices":[{"data":"Caltrops","floor":13.0,"key":"SMITH"},{"data":"Wraith Form v2","floor":15.0,"key":"SMITH"},{"data":"Burst","floor":23.0,"key":"SMITH"},{"data":"Noxious Fumes","floor":32.0,"key":"SMITH"},{"data":"Catalyst","floor":46.0,"key":"SMITH"},{"floor":49.0,"key":"RECALL"},{"data":"Burst","floor":53.0,"key":"SMITH"}],"circlet_count":0,"master_deck":["AscendersBane","Survivor","Neutralize","Wraith Form v2+1","Flying Knee","Blur","Crippling Poison","Corpse Explosion","Die Die Die","Deadly Poison","Concentrate","Poisoned Stab","Outmaneuver+1","Blur","Backflip","Acrobatics","Caltrops+1","Acrobatics","Doppelganger","Burst+1","PiercingWail","Escape Plan+1","Prepared+1","Concentrate","Catalyst+1","Heel Hook+1","Adrenaline","Glass Knife+1","Prepared+1","Wraith Form v2+1","Noxious Fumes+1","Burst+1","Dodge and Roll+1","Concentrate+1","Escape Plan+1","Flash of Steel+1","Leg Sweep","Catalyst","Eviscerate+1","Deflect+1","Leg Sweep"],"relics":["Pandora\u0027s Box","Letter Opener","Potion Belt","Nunchaku","Molten Egg 2","Lantern","Runic Pyramid","Shuriken","PreservedInsect","The Specimen","Anchor","Tiny House","White Beast Statue","HornCleat","Mercury Hourglass","CeramicFish","Snake Skull","Frozen Eye","Art of War"],"acts_visited":["Exordium","TheCity","TheBeyond","TheEnding"],"potions_floor_usage":[56,56,56,56],"damage_taken":[{"damage":6.0,"enemies":"Jaw Worm","floor":1.0,"turns":4.0},{"damage":3.0,"enemies":"Small Slimes","floor":2.0,"turns":4.0},{"damage":2.0,"enemies":"2 Louse","floor":3.0,"turns":2.0},{"damage":0.0,"enemies":"Large Slime","floor":4.0,"turns":8.0},{"damage":24.0,"enemies":"Gremlin Nob","floor":6.0,"turns":5.0},{"damage":0.0,"enemies":"Lagavulin","floor":8.0,"turns":8.0},{"damage":0.0,"enemies":"Red Slaver","floor":11.0,"turns":5.0},{"damage":5.0,"enemies":"3 Sentries","floor":12.0,"turns":5.0},{"damage":20.0,"enemies":"Hexaghost","floor":16.0,"turns":8.0},{"damage":4.0,"enemies":"Shell Parasite","floor":18.0,"turns":6.0},{"damage":0.0,"enemies":"3 Byrds","floor":19.0,"turns":3.0},{"damage":0.0,"enemies":"Snake Plant","floor":21.0,"turns":4.0},{"damage":0.0,"enemies":"Snecko","floor":22.0,"turns":5.0},{"damage":2.0,"enemies":"Shelled Parasite and Fungi","floor":24.0,"turns":4.0},{"damage":1.0,"enemies":"Book of Stabbing","floor":25.0,"turns":6.0},{"damage":0.0,"enemies":"Gremlin Leader","floor":28.0,"turns":4.0},{"damage":0.0,"enemies":"Sentry and Sphere","floor":29.0,"turns":3.0},{"damage":6.0,"enemies":"Automaton","floor":33.0,"turns":7.0},{"damage":30.0,"enemies":"3 Darklings","floor":35.0,"turns":3.0},{"damage":0.0,"enemies":"Orb Walker","floor":36.0,"turns":2.0},{"damage":2.0,"enemies":"Transient","floor":38.0,"turns":6.0},{"damage":0.0,"enemies":"Giant Head","floor":40.0,"turns":8.0},{"damage":0.0,"enemies":"Nemesis","floor":42.0,"turns":5.0},{"damage":0.0,"enemies":"Spire Growth","floor":44.0,"turns":5.0},{"damage":0.0,"enemies":"3 Darklings","floor":45.0,"turns":4.0},{"damage":0.0,"enemies":"4 Shapes","floor":47.0,"turns":3.0},{"damage":0.0,"enemies":"Sphere and 2 Shapes","floor":48.0,"turns":5.0},{"damage":3.0,"enemies":"Time Eater","floor":50.0,"turns":7.0},{"damage":12.0,"enemies":"Donu and Deca","floor":51.0,"turns":7.0},{"damage":3.0,"enemies":"Shield and Spear","floor":55.0,"turns":6.0},{"damage":32,"enemies":"The Heart","floor":56,"turns":9}],"seed_played":"-2678438469773859813","potions_obtained":[{"floor":1.0,"key":"AttackPotion"},{"floor":2.0,"key":"DuplicationPotion"},{"floor":12.0,"key":"Regen Potion"},{"floor":21.0,"key":"AttackPotion"},{"floor":22.0,"key":"BlessingOfTheForge"},{"floor":25.0,"key":"Block Potion"},{"floor":33.0,"key":"FearPotion"},{"floor":38.0,"key":"SteroidPotion"},{"floor":42.0,"key":"CultistPotion"},{"floor":48.0,"key":"Regen Potion"},{"floor":55.0,"key":"SkillPotion"}],"is_trial":false,"path_per_floor":["M","M","M","M","?","E","?","E","T","$","M","E","R","T","R","B",null,"M","M","?","M","M","R","M","E","T","?","E","M","?","$","R","B",null,"M","M","T","M","$","E","?","E","T","M","M","R","M","M","R","B","B",null,"R","$","E","B",null],"character_chosen":"THE_SILENT","items_purchased":["Strength Potion","Caltrops","Noxious Fumes","Flash of Steel+1","Leg Sweep","White Beast Statue","Snake Skull","Leg Sweep","Frozen Eye","PowerPotion"],"campfire_rested":0,"item_purchase_floors":[10,10,31,39,39,39,54,54,54,54],"current_hp_per_floor":[53,50,48,48,48,24,44,44,44,44,44,39,39,39,39,19,50,46,46,46,46,46,46,44,43,43,43,43,55,55,55,55,49,62,32,32,32,30,30,30,30,30,30,30,30,30,30,30,30,42,30,56,56,56,53,21],"gold":40,"neow_bonus":"BOSS_RELIC","is_daily":false,"chose_seed":false,"campfire_upgraded":6,"win_rate":0.0,"timestamp":1612943539,"path_taken":["M","M","M","M","?","E","?","E","T","$","M","E","R","?","R","BOSS","M","M","?","M","M","R","M","E","T","?","E","M","?","$","R","BOSS","M","M","?","M","$","E","?","E","T","M","M","R","M","M","R","BOSS","BOSS","R","$","E","BOSS"],"items_purchased_type":["Potion","Card","Card","Card","Card","Relic","Relic","Card","Relic","Potion"],"build_version":"2020-12-22","purchased_purges":1,"victory":true,"max_hp_per_floor":[66,66,66,66,60,60,60,60,60,60,60,60,60,60,60,60,60,60,60,60,60,60,60,60,60,60,60,60,60,60,60,60,60,65,65,65,65,65,65,65,65,65,65,65,65,65,65,65,65,65,65,65,65,65,65,65],"relic_stats":{"Nunchaku":[14],"counters":[31,161],"Shuriken":[10],"CeramicFish":18,"Pandora\u0027s Box":["Wraith Form v2","Flying Knee","Blur","Crippling Poison","Corpse Explosion","Die Die Die","Deadly Poison","Concentrate","Poisoned Stab","Riddle With Holes"],"PreservedInsect":308,"Snake Skull":[22],"Art of War":[4],"Letter Opener":[589],"obtain_stats":[{"Potion Belt":8,"Lantern":14,"Tiny House":34,"The Specimen":26,"Golden Idol":5,"CeramicFish":43,"PreservedInsect":25,"Snake Skull":54,"Letter Opener":6,"White Beast Statue":39,"Mercury Hourglass":42,"Frozen Eye":54,"Nunchaku":9,"Anchor":28,"HornCleat":40,"Shuriken":20,"Pandora\u0027s Box":0,"Molten Egg 2":12,"Art of War":55,"Ring of the Snake":0,"Runic Pyramid":17},{"Potion Belt":6,"Lantern":8,"Tiny House":18,"The Specimen":15,"Golden Idol":4,"CeramicFish":23,"PreservedInsect":15,"Snake Skull":29,"Letter Opener":5,"White Beast Statue":21,"Mercury Hourglass":23,"Frozen Eye":29,"Nunchaku":6,"Anchor":16,"HornCleat":22,"Shuriken":11,"Pandora\u0027s Box":0,"Molten Egg 2":8,"Art of War":30,"Ring of the Snake":0,"Runic Pyramid":9},{"Potion Belt":31,"Lantern":41,"Tiny House":91,"The Specimen":77,"Golden Idol":18,"CeramicFish":115,"PreservedInsect":77,"Snake Skull":146,"Letter Opener":23,"White Beast Statue":102,"Mercury Hourglass":115,"Frozen Eye":146,"Nunchaku":31,"Anchor":81,"HornCleat":110,"Shuriken":58,"Pandora\u0027s Box":0,"Molten Egg 2":41,"Art of War":152,"Ring of the Snake":0,"Runic Pyramid":49}],"Mercury Hourglass":[169]},"card_choices":[{"not_picked":["Caltrops","Prepared"],"picked":"Outmaneuver","floor":1.0},{"not_picked":["Bane","Choke"],"picked":"Blur","floor":2.0},{"not_picked":["Deadly Poison","Concentrate"],"picked":"Backflip","floor":3.0},{"not_picked":["Dagger Spray","Calculated Gamble"],"picked":"Dash","floor":4.0},{"not_picked":["Envenom","Cloak And Dagger"],"picked":"Acrobatics","floor":6.0},{"not_picked":["Dagger Throw","Cloak And Dagger","Sucker Punch"],"picked":"SKIP","floor":8.0},{"not_picked":["Bane","Cloak And Dagger"],"picked":"Acrobatics","floor":11.0},{"not_picked":["Masterful Stab+1","Riddle With Holes+1"],"picked":"Doppelganger","floor":12.0},{"not_picked":["Malaise","Phantasmal Killer"],"picked":"Burst","floor":16.0},{"not_picked":["Deadly Poison","Deflect"],"picked":"PiercingWail","floor":18.0},{"not_picked":["Underhanded Strike+1","Sucker Punch+1"],"picked":"Escape Plan+1","floor":19.0},{"not_picked":["Deflect+1","Dagger Spray+1"],"picked":"Prepared+1","floor":21.0},{"not_picked":["Blade Dance","Sucker Punch+1"],"picked":"Concentrate","floor":22.0},{"not_picked":["Heel Hook+1","Prepared","Sucker Punch+1"],"picked":"SKIP","floor":24.0},{"not_picked":["Riddle With Holes+1","Unload+1"],"picked":"Catalyst","floor":25.0},{"not_picked":["Caltrops","Riddle With Holes+1"],"picked":"Glass Knife+1","floor":28.0},{"not_picked":["Expertise","PiercingWail"],"picked":"Prepared+1","floor":29.0},{"not_picked":["A Thousand Cuts","Unload+1"],"picked":"Burst","floor":33.0},{"not_picked":["Quick Slash+1","Blade Dance"],"picked":"Dodge and Roll+1","floor":34.0},{"not_picked":["Quick Slash+1","Caltrops"],"picked":"Concentrate+1","floor":35.0},{"not_picked":["Slice+1","Outmaneuver"],"picked":"Escape Plan+1","floor":36.0},{"not_picked":["Quick Slash+1","Slice+1"],"picked":"Flechettes+1","floor":38.0},{"not_picked":["Unload+1","Terror"],"picked":"Catalyst","floor":40.0},{"not_picked":["Riddle With Holes+1","Blade Dance"],"picked":"Eviscerate+1","floor":42.0},{"not_picked":["Cloak And Dagger","Heel Hook+1","Blur"],"picked":"SKIP","floor":44.0},{"not_picked":["Sucker Punch+1","Dagger Spray+1","Backstab+1"],"picked":"SKIP","floor":45.0},{"not_picked":["Dodge and Roll","Expertise","Dagger Spray+1"],"picked":"SKIP","floor":47.0},{"not_picked":["Flying Knee+1","Endless Agony+1"],"picked":"Deflect+1","floor":48.0},{"not_picked":["Expertise","Dagger Throw+1","Blade Dance"],"picked":"SKIP","floor":55.0}],"player_experience":2835036,"relics_obtained":[{"floor":6.0,"key":"Letter Opener"},{"floor":8.0,"key":"Potion Belt"},{"floor":9.0,"key":"Nunchaku"},{"floor":12.0,"key":"Molten Egg 2"},{"floor":14.0,"key":"Lantern"},{"floor":25.0,"key":"PreservedInsect"},{"floor":26.0,"key":"The Specimen"},{"floor":28.0,"key":"Anchor"},{"floor":40.0,"key":"HornCleat"},{"floor":42.0,"key":"Mercury Hourglass"},{"floor":43.0,"key":"CeramicFish"},{"floor":55.0,"key":"Art of War"}],"event_choices":[{"damage_healed":0.0,"max_hp_gain":0.0,"max_hp_loss":6.0,"gold_gain":0.0,"event_name":"Golden Idol","player_choice":"Lose Max HP","floor":5.0,"gold_loss":0.0,"damage_taken":0.0,"relics_obtained":["Golden Idol"]},{"damage_healed":20.0,"max_hp_gain":0.0,"max_hp_loss":0.0,"gold_gain":0.0,"event_name":"Big Fish","player_choice":"Banana","floor":7.0,"gold_loss":0.0,"damage_taken":0.0},{"damage_healed":0.0,"max_hp_gain":0.0,"max_hp_loss":0.0,"gold_gain":0.0,"event_name":"Addict","player_choice":"Obtained Relic","floor":20.0,"gold_loss":85.0,"damage_taken":0.0,"relics_obtained":["Shuriken"]},{"damage_healed":0.0,"max_hp_gain":0.0,"max_hp_loss":0.0,"gold_gain":0.0,"cards_transformed":["Riddle With Holes","Dash"],"event_name":"Drug Dealer","player_choice":"Became Test Subject","floor":27.0,"gold_loss":0.0,"damage_taken":0.0,"cards_obtained":["Heel Hook","Adrenaline"]},{"damage_healed":0.0,"max_hp_gain":0.0,"max_hp_loss":0.0,"gold_gain":0.0,"event_name":"Duplicator","player_choice":"Copied","floor":30.0,"gold_loss":0.0,"damage_taken":0.0,"cards_obtained":["Wraith Form v2"]},{"damage_healed":0.0,"max_hp_gain":0.0,"max_hp_loss":0.0,"gold_gain":333.0,"event_name":"The Moai Head","player_choice":"Gave Idol","floor":41.0,"relics_lost":["Golden Idol"],"gold_loss":0.0,"damage_taken":0.0}],"is_beta":false,"boss_relics":[{"not_picked":["HoveringKite","SlaversCollar"],"picked":"Runic Pyramid"},{"not_picked":["WristBlade","Snecko Eye"],"picked":"Tiny House"}],"items_purged_floors":[54],"is_endless":false,"potions_floor_spawned":[1,2,12,21,22,25,33,38,40,42,44,45,47,48,55],"ascension_level":20}}