{"host":"s24sb66hw4a4sfft","time":1612943430,"event":{"mods":["AchievementEnabler","BaseMod","Colored Map","Colored Powertips","Googly Eyes","Hermit","Hubris","Minty Spire (QoL Compilation)","Quick Restart","Shop Mod","StSLib"],"gold_per_floor":[113,113,38,3,21,52,66,106,153,171,192,92,108,133,133,258,258,271,271,271,114,133,153,188,188,212,212,226,244,244,268,268,268,268],"floor_reached":33,"language":"ENG","playtime":1548,"items_purged":["Injury","hermit:Strike_Hermit"],"score":356,"play_id":"9524bfea-8aa9-4874-a0c4-f73727058430","local_time":"20210210025030","is_ascension_mode":false,"campfire_choices":[{"floor":15,"key":"REST"},{"floor":25,"key":"RECALL"},{"floor":27,"key":"REST"},{"data":"hermit:Quickdraw","floor":30,"key":"SMITH"},{"floor":32,"key":"REST"}],"circlet_count":0,"master_deck":["hermit:Strike_Hermit+1","hermit:Strike_Hermit+1","hermit:Strike_Hermit+1","hermit:Defend_Hermit+1","hermit:Defend_Hermit+1","hermit:Defend_Hermit+1","hermit:Defend_Hermit+1","hermit:Snapshot","hermit:Covet","hermit:Quickdraw+1","hermit:Quickdraw","hermit:HighCaliber","hermit:PistolWhip","hermit:RoundhouseKick","hermit:Quickdraw","hermit:Shortfuse","hermit:Horror","hermit:Enervate","CurseOfTheBell","hermit:Shortfuse","hermit:Desperado+1"],"relics":["hermit:Momento","NeowsBlessing","Golden Idol","InkBottle","Bag of Preparation","Calling Bell","Strawberry","hubris:PeanutButter","WingedGreaves","Lantern","Bronze Scales","Akabeko"],"acts_visited":["Exordium","TheCity"],"potions_floor_usage":[16,29,33],"damage_taken":[{"damage":0,"enemies":"Small Slimes","floor":1,"turns":1},{"damage":0,"enemies":"Jaw Worm","floor":5,"turns":1},{"damage":0,"enemies":"Gremlin Nob","floor":6,"turns":1},{"damage":0,"enemies":"Cultist","floor":7,"turns":2},{"damage":53,"enemies":"Lagavulin","floor":8,"turns":7},{"damage":6,"enemies":"Lots of Slimes","floor":10,"turns":2},{"damage":0,"enemies":"2 Fungi Beasts","floor":11,"turns":2},{"damage":0,"enemies":"Large Slime","floor":13,"turns":4},{"damage":4,"enemies":"Blue Slaver","floor":14,"turns":2},{"damage":0,"enemies":"Slime Boss","floor":16,"turns":3},{"damage":11,"enemies":"Shell Parasite","floor":18,"turns":5},{"damage":14,"enemies":"3 Byrds","floor":22,"turns":5},{"damage":1,"enemies":"Shelled Parasite and Fungi","floor":23,"turns":3},{"damage":20,"enemies":"Book of Stabbing","floor":24,"turns":5},{"damage":0,"enemies":"Snake Plant","floor":28,"turns":3},{"damage":4,"enemies":"Centurion and Healer","floor":29,"turns":3},{"damage":0,"enemies":"Snecko","floor":31,"turns":2},{"damage":52,"enemies":"Champ","floor":33,"turns":8}],"seed_played":"7207155836331334580","potions_obtained":[{"floor":8,"key":"Energy Potion"},{"floor":10,"key":"Ancient Potion"},{"floor":11,"key":"DistilledChaos"},{"floor":22,"key":"GamblersBrew"},{"floor":23,"key":"Explosive Potion"}],"is_trial":false,"path_per_floor":["M","?","$","?","M","E","M","E","T","M","M","$","M","M","R","B",null,"M","?","?","$","M","M","E","R","T","R","M","M","R","M","R","B"],"character_chosen":"HERMIT","items_purchased":["Lantern"],"campfire_rested":3,"item_purchase_floors":[21],"current_hp_per_floor":[75,75,75,75,75,75,75,22,22,16,16,16,16,12,34,34,82,71,71,71,71,57,56,36,36,36,60,60,56,56,56,80,28,28],"gold":268,"neow_bonus":"THREE_ENEMY_KILL","is_daily":false,"chose_seed":false,"campfire_upgraded":1,"win_rate":0.0,"timestamp":1612943430,"path_taken":["M","?","$","?","M","E","M","E","T","?","M","$","M","M","R","BOSS","M","?","?","?","M","M","E","R","T","R","M","?","R","M","R","BOSS"],"items_purchased_type":["Relic"],"build_version":"2020-12-22","purchased_purges":2,"victory":false,"max_hp_per_floor":[75,75,75,75,75,75,75,75,75,75,75,75,75,75,75,75,82,82,82,82,82,82,82,82,82,82,82,82,82,82,82,82,82,82],"card_choices":[{"not_picked":["hermit:Misfire","hermit:Roulette"],"picked":"hermit:Quickdraw","floor":1},{"not_picked":["hermit:Coalescence","hermit:LowProfile"],"picked":"hermit:Quickdraw","floor":5},{"not_picked":["hermit:Roulette","hermit:Dive"],"picked":"hermit:HighCaliber","floor":6},{"not_picked":["hermit:BlackWind","hermit:Coalescence"],"picked":"hermit:PistolWhip","floor":7},{"not_picked":["hermit:Coalescence","hermit:HighCaliber"],"picked":"hermit:RoundhouseKick","floor":8},{"not_picked":["hermit:Glare","hermit:Snipe"],"picked":"hermit:Quickdraw","floor":10},{"not_picked":["hermit:Misfire","hermit:Maintenance"],"picked":"hermit:Shortfuse","floor":11},{"not_picked":["hermit:WideOpen","hermit:Misfire"],"picked":"hermit:Horror","floor":13},{"not_picked":["hermit:TakeAim","hermit:Magnum"],"picked":"hermit:Enervate","floor":14},{"not_picked":["hermit:Feint","hermit:TrackingShot"],"picked":"hermit:Shortfuse","floor":18},{"not_picked":["hermit:Vantage","hermit:Coalescence","hermit:Cheat+1"],"picked":"SKIP","floor":22},{"not_picked":["hermit:HoleUp+1","hermit:Snipe"],"picked":"hermit:Desperado+1","floor":23},{"not_picked":["hermit:HighNoon","hermit:LowProfile","hermit:Scavenge"],"picked":"SKIP","floor":24},{"not_picked":["hermit:LowProfile","hermit:ItchyTrigger","hermit:Cheat+1"],"picked":"SKIP","floor":28},{"not_picked":["hermit:Misfire","hermit:Dive","hermit:Ricochet"],"picked":"SKIP","floor":29},{"not_picked":["hermit:Headshot","hermit:Misfire","hermit:Manifest"],"picked":"SKIP","floor":31}],"player_experience":601373,"relics_obtained":[{"floor":6,"key":"InkBottle"},{"floor":8,"key":"Bag of Preparation"},{"floor":17,"key":"Strawberry"},{"floor":17,"key":"hubris:PeanutButter"},{"floor":17,"key":"WingedGreaves"},{"floor":24,"key":"Bronze Scales"},{"floor":26,"key":"Akabeko"}],"event_choices":[{"damage_healed":0,"gold_gain":0,"player_choice":"Take Wound","damage_taken":0,"relics_obtained":["Golden Idol"],"max_hp_gain":0,"max_hp_loss":0,"event_name":"Golden Idol","floor":2,"gold_loss":0,"cards_obtained":["Injury"]},{"damage_healed":18,"gold_gain":0,"player_choice":"Healed","damage_taken":0,"max_hp_gain":0,"max_hp_loss":0,"event_name":"The Cleric","floor":4,"gold_loss":35},{"damage_healed":0,"gold_gain":0,"player_choice":"Simplicity","damage_taken":0,"max_hp_gain":0,"max_hp_loss":0,"event_name":"Back to Basics","floor":19,"gold_loss":0,"cards_upgraded":["hermit:Strike_Hermit","hermit:Strike_Hermit","hermit:Strike_Hermit","hermit:Defend_Hermit","hermit:Defend_Hermit","hermit:Defend_Hermit","hermit:Defend_Hermit"]},{"damage_healed":0,"gold_gain":0,"player_choice":"Ignored","damage_taken":0,"max_hp_gain":0,"max_hp_loss":0,"event_name":"Ghosts","floor":20,"gold_loss":0}],"is_beta":false,"boss_relics":[{"not_picked":["SacredBark","hubris:HollowSoul"],"picked":"Calling Bell"}],"items_purged_floors":[3,12],"is_endless":false,"potions_floor_spawned":[8,10,11,22,23,28],"killed_by":"Champ","ascension_level":0}}