{"host":"j9610sde00vfp93k","time":1612952543,"event":{"mods":["AchievementEnabler","BaseMod","Koishi","Minty Spire (QoL Compilation)","Permanent Neow","Rare Cards Sparkle","Spire Arcade","StSLib","SuperFastMode"],"gold_per_floor":[112,131,143,143,93,124,124,143,143,158,158,158],"floor_reached":11,"language":"ENG","playtime":421,"items_purged":[],"score":75,"play_id":"42ebfffd-2db1-486e-bfc5-66db13edad7e","local_time":"20210210182223","is_ascension_mode":false,"campfire_choices":[],"circlet_count":0,"master_deck":["Koishi:BasicStrike","Koishi:BasicStrike","Koishi:BasicStrike","Koishi:BasicStrike","Koishi:BasicDefend","Koishi:BasicDefend","Koishi:BasicDefend","Koishi:BasicDefend","Koishi:Provoke","Koishi:HauntingSlash+1","Koishi:MassHysteria","Koishi:BramblyRoseGarden","Koishi:PredatoryInstincts","Koishi:SubconsciousSweep","Koishi:FleetingPhantom","Koishi:CatchAndRose"],"relics":["Koishi:ImaginaryFriend","Golden Idol","Mercury Hourglass","Akabeko","Bottled Tornado"],"acts_visited":["Exordium"],"potions_floor_usage":[6,11,11,11],"damage_taken":[{"damage":4,"enemies":"Small Slimes","floor":1,"turns":5},{"damage":12,"enemies":"Jaw Worm","floor":2,"turns":4},{"damage":7,"enemies":"Cultist","floor":3,"turns":4},{"damage":33,"enemies":"Gremlin Nob","floor":6,"turns":6},{"damage":0,"enemies":"Exordium Wildlife","floor":8,"turns":2},{"damage":13,"enemies":"Gremlin Gang","floor":10,"turns":2},{"damage":18,"enemies":"Lagavulin","floor":11,"turns":2}],"seed_played":"5647213620146502031","potions_obtained":[{"floor":2,"key":"SkillPotion"},{"floor":3,"key":"Ancient Potion"},{"floor":8,"key":"Swift Potion"},{"floor":10,"key":"CultistPotion"}],"is_trial":false,"path_per_floor":["M","M","M","?","?","E","T","M","T","M","E"],"character_chosen":"KOISHI","items_purchased":[],"campfire_rested":0,"item_purchase_floors":[],"current_hp_per_floor":[58,48,43,43,43,18,18,22,22,9,0,0],"gold":158,"neow_bonus":"UPGRADE_CARD","is_daily":false,"chose_seed":false,"campfire_upgraded":0,"win_rate":0.0,"timestamp":1612952543,"path_taken":["M","M","M","?","?","E","?","M","T","M","E"],"items_purchased_type":[],"build_version":"2020-12-22","purchased_purges":0,"victory":false,"max_hp_per_floor":[60,60,60,60,60,60,60,60,60,60,60,60],"card_choices":[{"not_picked":["Koishi:EmbryosDream","Koishi:DanmakuParanoia"],"picked":"Koishi:MassHysteria","floor":1},{"not_picked":["Koishi:Vanish","Koishi:HeartfeltFancy"],"picked":"Koishi:BramblyRoseGarden","floor":2},{"not_picked":["Koishi:ReflexRadar","Koishi:Jaunt"],"picked":"Koishi:PredatoryInstincts","floor":3},{"not_picked":["Koishi:ReleaseOfTheId","Koishi:HeartfeltFancy"],"picked":"Koishi:SubconsciousSweep","floor":6},{"not_picked":["Koishi:UnconsciousUprising","Koishi:EmbryosDream"],"picked":"Koishi:FleetingPhantom","floor":8},{"not_picked":["Koishi:ReflexRadar","Koishi:ParalyzingFear"],"picked":"Koishi:CatchAndRose","floor":10}],"player_experience":213242,"relics_obtained":[{"floor":6,"key":"Mercury Hourglass"},{"floor":7,"key":"Akabeko"},{"floor":9,"key":"Bottled Tornado"}],"event_choices":[{"damage_healed":0,"gold_gain":0,"player_choice":"Take Wound","damage_taken":0,"relics_obtained":["Golden Idol"],"max_hp_gain":0,"max_hp_loss":0,"event_name":"Golden Idol","floor":4,"gold_loss":0,"cards_obtained":["Injury"]},{"cards_removed":["Injury"],"damage_healed":0,"gold_gain":0,"player_choice":"Card Removal","damage_taken":0,"max_hp_gain":0,"max_hp_loss":0,"event_name":"The Cleric","floor":5,"gold_loss":50}],"is_beta":false,"boss_relics":[],"items_purged_floors":[],"is_endless":false,"potions_floor_spawned":[2,3,8,10],"killed_by":"Lagavulin","ascension_level":0}}