{"host":"pm6tps78s2qrawcb","time":1612970760,"event":{"mods":["BaseMod","BetterRewards","Colored Map","DeckTracker","Downfall","Hubris","Infinite Spire","Mimic Mod","Minty Spire (QoL Compilation)","Reliquary","Shop Mod","StSLib"],"gold_per_floor":[116,116,132,144,156,184,184,218,245,245,266,293,293,306,306,410,410,430,444,444,444,444,474,474,502,502,502,529,529,545,555,555,652,702,718,718,718,731,458,458,458,491,491,491,104,120,147,165,165,165,165,165,9,42,42],"floor_reached":56,"language":"ENG","playtime":3598,"items_purged":["Slimebound:Tackle+1","downfall:Haunted"],"score":1514,"play_id":"f02f365f-5d80-4d51-a556-90f65f8fedcd","local_time":"20210210152600","is_ascension_mode":true,"campfire_choices":[{"data":"infinitespire:Neurotoxin","floor":7,"key":"SMITH"},{"floor":13,"key":"REST"},{"data":"Blur","floor":15,"key":"SMITH"},{"data":"RitualDagger","floor":24,"key":"SMITH"},{"data":"Calculated Gamble","floor":29,"key":"SMITH"},{"floor":32,"key":"REST"},{"data":"infinitespire:TheBestDefense","floor":40,"key":"SMITH"},{"floor":44,"key":"RECALL"},{"data":"Reflex","floor":49,"key":"SMITH"},{"data":"Storm of Steel","floor":52,"key":"SMITH"}],"circlet_count":0,"master_deck":["Defend_G","Defend_G","Defend_G","Defend_G","Defend_G","Survivor+1","Neutralize","Sucker Punch","infinitespire:Neurotoxin+1","Blade Dance+1","Poisoned Stab","Prepared","Backflip","Underhanded Strike","Blur+1","Dagger Spray","Storm of Steel+1","Prepared+1","Blur","Cloak And Dagger","RitualDagger+1","Slimebound:Tackle+1","Slimebound:Tackle+1","Blade Dance+1","Reflex+1","Calculated Gamble+1","Acrobatics+1","infinitespire:TheBestDefense+1","downfall:Haunted","Corpse Explosion","Backstab","Accuracy+1","Backstab","Outmaneuver+1","Accuracy","Blade Dance","Cloak And Dagger+1"],"relics":["Ring of the Snake","NeowsBlessing","reliquary:TridentHead","Vajra","infinitespire:Satchel","Odd Mushroom","Blood Vial","reliquary:RedCape","Question Card","reliquary:JackalopeAntler","Gremlin Horn","Bottled Lightning","infinitespire:Bottled Soul","WristBlade","MerchantsRug","Pen Nib","hubris:Teleporter","Meat on the Bone","Calipers","Membership Card","Bird Faced Urn"],"acts_visited":["Exordium","TheCity","TheBeyond","TheEnding"],"potions_floor_usage":[12,12,16,23,33,33,46,48,48,50,50,50,55],"damage_taken":[{"damage":0,"enemies":"Small Slimes","floor":1,"turns":1},{"damage":0,"enemies":"Cultist","floor":3,"turns":1},{"damage":0,"enemies":"Jaw Worm","floor":4,"turns":2},{"damage":3,"enemies":"Looter","floor":5,"turns":3},{"damage":18,"enemies":"Gremlin Nob","floor":6,"turns":4},{"damage":20,"enemies":"Lagavulin","floor":8,"turns":7},{"damage":0,"enemies":"The Mushroom Lair","floor":11,"turns":2},{"damage":0,"enemies":"Gremlin Nob","floor":12,"turns":3},{"damage":0,"enemies":"2 Fungi Beasts","floor":14,"turns":1},{"damage":10,"enemies":"The Guardian","floor":16,"turns":7},{"damage":0,"enemies":"Chosen","floor":18,"turns":2},{"damage":0,"enemies":"Spheric Guardian","floor":19,"turns":3},{"damage":9,"enemies":"Slavers","floor":23,"turns":4},{"damage":8,"enemies":"Book of Stabbing","floor":25,"turns":4},{"damage":0,"enemies":"Gremlin Leader","floor":28,"turns":4},{"damage":0,"enemies":"Chosen and Byrds","floor":30,"turns":1},{"damage":0,"enemies":"Snecko","floor":31,"turns":2},{"damage":23,"enemies":"Champ","floor":33,"turns":7},{"damage":0,"enemies":"Orb Walker","floor":35,"turns":1},{"damage":0,"enemies":"3 Shapes","floor":38,"turns":1},{"damage":0,"enemies":"Nemesis","floor":42,"turns":3},{"damage":0,"enemies":"Writhing Mass","floor":46,"turns":2},{"damage":0,"enemies":"Reptomancer","floor":47,"turns":2},{"damage":3,"enemies":"Transient","floor":48,"turns":5},{"damage":28,"enemies":"Donu and Deca","floor":50,"turns":3},{"damage":10,"enemies":"Shield and Spear","floor":54,"turns":3},{"damage":87,"enemies":"The Heart","floor":55,"turns":5}],"seed_played":"7230375874345692014","potions_obtained":[{"floor":3,"key":"CunningPotion"},{"floor":11,"key":"Guardian:BlockOnCardUsePotion"},{"floor":12,"key":"BlessingOfTheForge"},{"floor":14,"key":"ColorlessPotion"},{"floor":18,"key":"PowerPotion"},{"floor":25,"key":"BlessingOfTheForge"},{"floor":30,"key":"SpeedPotion"},{"floor":31,"key":"hexamod:SoulburnPotion"},{"floor":33,"key":"FearPotion"},{"floor":34,"key":"Poison Potion"},{"floor":47,"key":"SpeedPotion"},{"floor":48,"key":"EntropicBrew"}],"is_trial":false,"path_per_floor":["M","?","M","M","M","E","R","E","T","?","?","E","R","M","R","B",null,"M","M","?","?","?","E","R","E","T","?","E","R","M","M","R","B",null,"M","?","AVR","M","$","R","?","E","T","R","$","M","E","M","R","B",null,"R","$","E","B",null],"character_chosen":"THE_SILENT","items_purchased":["MerchantsRug","Pen Nib","Meat on the Bone","Backstab","Membership Card","Accuracy","Blade Dance"],"campfire_rested":2,"item_purchase_floors":[39,39,45,45,53,53,53],"current_hp_per_floor":[70,70,70,70,67,49,49,29,29,29,29,29,50,52,52,44,70,70,70,70,64,64,57,57,51,51,38,40,40,42,44,66,45,80,80,80,80,80,80,80,92,92,92,92,92,92,92,89,89,63,92,92,92,82,13],"gold":42,"neow_bonus":"THREE_ENEMY_KILL","is_daily":false,"chose_seed":false,"campfire_upgraded":7,"win_rate":0.0,"timestamp":1612970760,"path_taken":["M","?","?","M","M","E","R","E","T","?","?","E","R","M","R","BOSS","M","M","?","?","?","E","R","E","T","?","E","R","M","M","R","BOSS","M","?","AVR","M","?","R","?","E","T","R","$","M","E","?","R","BOSS","R","$","E","BOSS"],"items_purchased_type":["Relic","Relic","Relic","Card","Relic","Card","Card"],"build_version":"2020-12-22","purchased_purges":2,"victory":true,"max_hp_per_floor":[70,70,70,70,70,70,70,70,70,70,70,70,70,70,70,70,70,70,70,70,70,70,70,70,70,70,75,75,75,75,75,75,75,80,80,80,80,80,80,80,92,92,92,92,92,92,92,92,92,92,92,92,92,92,92],"card_choices":[{"not_picked":["hubris:SlightOfHand","hubris:TrickCloak"],"picked":"Sucker Punch","floor":1},{"not_picked":["Quick Slash","Acrobatics"],"picked":"Blade Dance","floor":3},{"not_picked":["Dodge and Roll","Underhanded Strike"],"picked":"Poisoned Stab","floor":4},{"not_picked":["Tactician","Dodge and Roll"],"picked":"Prepared","floor":5},{"not_picked":["Prepared","Escape Plan"],"picked":"Backflip","floor":6},{"not_picked":["Bane","infinitespire:Neurotoxin"],"picked":"Underhanded Strike","floor":8},{"not_picked":["All Out Attack","Slice"],"picked":"Blur","floor":12},{"not_picked":["All Out Attack","Riddle With Holes"],"picked":"Dagger Spray","floor":14},{"not_picked":["Corpse Explosion","Envenom"],"picked":"Storm of Steel","floor":16},{"not_picked":["Slice","Dagger Spray"],"picked":"Prepared+1","floor":18},{"not_picked":["Escape Plan","Acrobatics"],"picked":"Blur","floor":19},{"not_picked":["Underhanded Strike","Reflex"],"picked":"Blade Dance+1","floor":23},{"not_picked":["Grand Finale","Poisoned Stab","Deadly Poison"],"picked":"Reflex","floor":25},{"not_picked":["Malaise","hubris:TrickCloak","Deflect"],"picked":"Calculated Gamble","floor":28},{"not_picked":["Outmaneuver","Deflect","Dodge and Roll","Sucker Punch"],"picked":"SKIP","floor":30},{"not_picked":["Flying Knee","Predator","hubris:Counter","Cloak And Dagger"],"picked":"SKIP","floor":31},{"not_picked":["Backflip","hubris:SlightOfHand","Dagger Throw"],"picked":"Acrobatics+1","floor":35},{"not_picked":["hubris:TrickCloak+1","Acrobatics+1","Dodge and Roll+1","Bouncing Flask"],"picked":"SKIP","floor":38},{"not_picked":["Dagger Throw+1","Deadly Poison+1","Sucker Punch"],"picked":"Corpse Explosion","floor":42},{"not_picked":["Dagger Throw","Calculated Gamble","Backflip"],"picked":"Accuracy+1","floor":46},{"not_picked":["Storm of Steel","PiercingWail","A Thousand Cuts"],"picked":"Backstab","floor":47},{"not_picked":["Finisher","Caltrops+1","Choke+1"],"picked":"Outmaneuver+1","floor":48},{"not_picked":["Setup+1","Slice+1","hubris:TrickCloak"],"picked":"Cloak And Dagger+1","floor":54}],"player_experience":288971,"relics_obtained":[{"floor":6,"key":"reliquary:TridentHead"},{"floor":8,"key":"Vajra"},{"floor":9,"key":"infinitespire:Satchel"},{"floor":11,"key":"Odd Mushroom"},{"floor":12,"key":"Blood Vial"},{"floor":23,"key":"Question Card"},{"floor":25,"key":"reliquary:JackalopeAntler"},{"floor":26,"key":"Gremlin Horn"},{"floor":28,"key":"Bottled Lightning"},{"floor":42,"key":"hubris:Teleporter"},{"floor":47,"key":"Calipers"},{"floor":54,"key":"Bird Faced Urn"}],"event_choices":[{"damage_healed":0,"gold_gain":0,"cards_transformed":["Strike_G"],"player_choice":"Transformed","damage_taken":0,"max_hp_gain":0,"max_hp_loss":0,"event_name":"Transmorgrifier","floor":2,"gold_loss":0,"cards_obtained":["infinitespire:Neurotoxin"]},{"damage_healed":0,"gold_gain":0,"player_choice":"Grow","damage_taken":0,"max_hp_gain":0,"max_hp_loss":0,"event_name":"Living Wall","floor":10,"gold_loss":0,"cards_upgraded":["Blade Dance"]},{"damage_healed":0,"gold_gain":0,"player_choice":"Fought Mushrooms","damage_taken":0,"max_hp_gain":0,"max_hp_loss":0,"event_name":"Mushrooms","floor":11,"gold_loss":0},{"damage_healed":0,"gold_gain":0,"player_choice":"Read","damage_taken":0,"max_hp_gain":0,"max_hp_loss":0,"event_name":"The Library","floor":20,"gold_loss":0,"cards_obtained":["Cloak And Dagger"]},{"damage_healed":0,"gold_gain":0,"player_choice":"Joined the Cult","damage_taken":6,"max_hp_gain":0,"max_hp_loss":0,"event_name":"Nest","floor":21,"gold_loss":0,"cards_obtained":["RitualDagger"]},{"damage_healed":0,"gold_gain":0,"player_choice":"Shed Blood","damage_taken":18,"max_hp_gain":5,"max_hp_loss":0,"event_name":"Forgotten Altar","floor":27,"gold_loss":0}],"is_beta":false,"boss_relics":[{"not_picked":["reliquary:KinkedSpring","reliquary:Craggleroot"],"picked":"reliquary:RedCape"},{"not_picked":["reliquary:RedPaperclip","Runic Pyramid"],"picked":"Tiny House"}],"items_purged_floors":[37,45],"is_endless":false,"potions_floor_spawned":[3,11,12,14,18,25,30,31,33,38,42,47,48],"ascension_level":2}}