{"host":"khkox7sggahain0a","time":1612957590,"event":{"mods":["100% Spire Juice","Act Like it!","Arknights","BaseMod","Downfall","Gensokyo","Lobotomy","LobotomyExtend","Marisa£®ÏF”Í°°ƒß¿Ì…≥£©","Minty Spire (QoL Compilation)","Quick Restart","StSLib","The Animator","Waifu the Spire","°æ“≈ŒÔø®≈∆°øREMEMod"],"gold_per_floor":[285,306,306,329,369,369,47,47,47,87,132,132,132],"floor_reached":12,"language":"ZHS","playtime":593,"items_purged":["animator:Strike"],"score":72,"play_id":"108fec93-463d-4124-a83f-b5698ea80ca3","local_time":"20210210194630","is_ascension_mode":false,"campfire_choices":[{"floor":6.0,"key":"RECALL"},{"data":"animator:Shiro","floor":8.0,"key":"SMITH"}],"circlet_count":0,"master_deck":["animator:Strike_Kancolle","animator:Defend_Kancolle","animator:Strike","animator:Defend","animator:Defend","animator:Defend","animator:Shimakaze+1","Reboot","animator:Tatsumaki","animator:Sonic","animator:Rimuru","animator:Chris","animator:MumenRider","animator:Shiro+1","animator:Shimakaze","animator:Genos","animator:MetalKnight"],"relics":["animator:LivingPicture","animator:TheMissingPiece","REME_ComplimentaryCards","animator:PurgingStone","LetterFromLob"],"acts_visited":["Exordium"],"potions_floor_usage":[12],"damage_taken":[{"damage":5.0,"enemies":"Small Slimes","floor":1.0,"turns":4.0},{"damage":6.0,"enemies":"Cultist","floor":2.0,"turns":5.0},{"damage":9.0,"enemies":"ats:Genji","floor":4.0,"turns":4.0},{"damage":13.0,"enemies":"3 Louse","floor":5.0,"turns":3.0},{"damage":8.0,"enemies":"Blue Slaver","floor":10.0,"turns":4.0},{"damage":16.0,"enemies":"Lots of Slimes","floor":11.0,"turns":2.0},{"damage":0,"enemies":"3 Sentries","floor":12,"turns":2}],"seed_played":"-2942999115449398423","potions_obtained":[{"floor":1.0,"key":"Energy Potion"},{"floor":2.0,"key":"Fire Potion"}],"is_trial":false,"path_per_floor":["M","M","?","M","M","R","$","R","T","M","M","E"],"character_chosen":"THE_ANIMATOR","items_purchased":["animator:Shiro","animator:Shimakaze"],"campfire_rested":0,"item_purchase_floors":[7,7],"current_hp_per_floor":[61,56,56,47,34,34,34,34,34,27,11,11,11],"gold":132,"neow_bonus":"UPGRADE_CARD","is_daily":false,"chose_seed":false,"campfire_upgraded":1,"win_rate":0.0,"timestamp":1612957590,"path_taken":["M","M","?","?","M","R","$","R","T","M","?","E"],"items_purchased_type":["Card","Card"],"build_version":"2020-12-22","purchased_purges":1,"victory":false,"max_hp_per_floor":[66,67,67,67,67,67,67,67,67,68,68,68,68],"card_choices":[{"not_picked":["animator:Sonic","animator:MumenRider"],"picked":"animator:Tatsumaki","floor":1.0},{"not_picked":["animator:UneriGinkaku","animator:FielNirvalen"],"picked":"animator:Sonic","floor":2.0},{"not_picked":["animator:HiiragiShinya","animator:Cocytus"],"picked":"animator:Chris","floor":4.0},{"not_picked":["animator:Tatsumaki","animator:Geryuganshoop"],"picked":"animator:MumenRider","floor":5.0},{"not_picked":["animator:NarberalGamma","animator:Ciel"],"picked":"animator:Genos","floor":10.0},{"not_picked":["animator:Emonzaemon","animator:KyokoSakura"],"picked":"animator:MetalKnight","floor":11.0}],"player_experience":333192,"relics_obtained":[{"floor":1.0,"key":"LetterFromLob"}],"event_choices":[{"damage_healed":0.0,"max_hp_gain":0.0,"max_hp_loss":0.0,"gold_gain":0.0,"cards_transformed":["animator:Strike"],"event_name":"Transmorgrifier","player_choice":"Transformed","floor":3.0,"gold_loss":0.0,"damage_taken":0.0,"cards_obtained":["animator:Rimuru"]}],"is_beta":false,"boss_relics":[],"items_purged_floors":[7],"is_endless":false,"potions_floor_spawned":[1,2],"killed_by":"3 Sentries","ascension_level":0}}