{"host":"Sylvester","time":1612941161,"event":{"mods":["AchievementEnabler","BaseMod","Filter the Spire","Lobotomy","Minty Spire (QoL Compilation)","Replay The Spire","StSLib"],"gold_per_floor":[114,57,71,71,82,115,115,126,126,126,206,224,234,259,278,278,356,356,370,420,436,450,466,493,517,549,549,559,171,197,217,37,37,37,37],"floor_reached":34,"language":"ENG","playtime":1153,"items_purged":["Hallucinations"],"score":727,"play_id":"3b9188bf-37fd-4108-91c9-77de29dca79f","local_time":"20210209231241","is_ascension_mode":true,"campfire_choices":[{"floor":7.0,"key":"REST"},{"floor":16.0,"key":"REST"},{"floor":33,"key":"REST"}],"circlet_count":0,"master_deck":["AscendersBane","Strike_B","Strike_B","Strike_B","Strike_B","Defend_B","Defend_B","Defend_B","Defend_B","Zap","Streamline","Streamline","Sweeping Beam","Leap","Beam Cell","Rebound","Auto Shields","Hyperbeam","Hyperbeam","Rebound+1","Steam","Conserve Battery","Conserve Battery+1","BootSequence","ReplayTheSpireMod:Faulty Equipment","Undo","Go for the Eyes+1","ReplayUltimateDefense"],"relics":["ReplayTheSpireMod:DimensionalGlitch","Replay:WaspNest","White Beast Statue","Carrot","Cursed Key","Smiling Mask","Emotion Chip","Matryoshka","Mango","Gremlin Food"],"acts_visited":["Exordium","TheCity"],"potions_floor_usage":[30,30,34,34],"damage_taken":[{"damage":6.0,"enemies":"Jaw Worm","floor":1.0,"turns":5.0},{"damage":0.0,"enemies":"2 Louse","floor":3.0,"turns":1.0},{"damage":0.0,"enemies":"Cultist","floor":5.0,"turns":3.0},{"damage":44.0,"enemies":"Gremlin Nob","floor":6.0,"turns":5.0},{"damage":8.0,"enemies":"Exordium Thugs","floor":8.0,"turns":5.0},{"damage":1.0,"enemies":"2 Fungi Beasts","floor":12.0,"turns":3.0},{"damage":6.0,"enemies":"Blue Slaver","floor":13.0,"turns":3.0},{"damage":16.0,"enemies":"3 Sentries","floor":14.0,"turns":8.0},{"damage":0.0,"enemies":"Large Slime","floor":15.0,"turns":3.0},{"damage":23.0,"enemies":"Fading Forest","floor":17.0,"turns":13.0},{"damage":0.0,"enemies":"Spheric Guardian","floor":19.0,"turns":3.0},{"damage":11.0,"enemies":"2 Thieves","floor":21.0,"turns":2.0},{"damage":0.0,"enemies":"3 Cultists","floor":22.0,"turns":2.0},{"damage":19.0,"enemies":"Snake Plant","floor":23.0,"turns":3.0},{"damage":11.0,"enemies":"Replay:Snechameleon","floor":24.0,"turns":5.0},{"damage":19.0,"enemies":"Slavers","floor":26.0,"turns":2.0},{"damage":0.0,"enemies":"Centurion and Healer","floor":28.0,"turns":4.0},{"damage":0,"enemies":"Gremlin Leader","floor":30,"turns":4},{"damage":12,"enemies":"Sentry and Sphere","floor":31,"turns":4},{"damage":46,"enemies":"Collector","floor":34,"turns":7}],"seed_played":"-9145180103130687689","potions_obtained":[{"floor":1.0,"key":"Weak Potion"},{"floor":6.0,"key":"LiquidBronze"},{"floor":8.0,"key":"PotionOfCapacity"},{"floor":12.0,"key":"DistilledChaos"},{"floor":13.0,"key":"Cursed Concoction"},{"floor":14.0,"key":"SkillPotion"},{"floor":15.0,"key":"Elixir"},{"floor":17.0,"key":"AttackPotion"},{"floor":19.0,"key":"Adrenaline Potion"},{"floor":21.0,"key":"SkillPotion"},{"floor":23.0,"key":"Regen Potion"},{"floor":24.0,"key":"EssenceOfDarkness"},{"floor":28.0,"key":"Adrenaline Potion"},{"floor":30,"key":"Fruit Juice"},{"floor":31,"key":"Fire Potion"}],"is_trial":false,"path_per_floor":["M","$","M","?","M","E","R","M","T","T","?","M","M","E","M","R","B",null,"M","?","M","M","M","E","T","E","T","M","$","E","M","$","R","B"],"character_chosen":"DEFECT","items_purchased":["Streamline","Mango","ReplayUltimateDefense"],"campfire_rested":3,"item_purchase_floors":[2,29,32],"current_hp_per_floor":[58,58,58,58,58,14,35,27,27,27,27,26,20,4,4,25,6,55,55,55,44,44,25,22,22,3,3,3,17,22,10,10,37,0,0],"gold":37,"neow_bonus":"BOSS_RELIC","is_daily":false,"chose_seed":false,"campfire_upgraded":0,"win_rate":0.0,"timestamp":1612941161,"path_taken":["M","$","M","?","M","E","R","M","T","T","?","M","?","E","M","R","BOSS","M","?","M","M","?","E","?","E","T","M","$","E","M","?","R","BOSS"],"items_purchased_type":["Card","Relic","Card"],"build_version":"2020-11-17","purchased_purges":1,"victory":false,"max_hp_per_floor":[71,71,71,71,71,71,71,71,71,71,71,71,71,71,71,71,71,71,71,71,71,71,71,71,71,71,71,71,85,90,90,90,90,90,90],"card_choices":[{"not_picked":["Auto Shields","Consume"],"picked":"Streamline","floor":1.0},{"not_picked":["Hologram","BasicCrystalCard"],"picked":"Sweeping Beam","floor":3.0},{"not_picked":["Cold Snap","Streamline"],"picked":"Beam Cell","floor":5.0},{"not_picked":["Lockon","Consume","ReplayTheSpireMod:Repulse"],"picked":"SKIP","floor":6.0},{"not_picked":["Sweeping Beam","Time Bomb"],"picked":"Rebound","floor":8.0},{"not_picked":["Streamline","Self Repair","ReplayTheSpireMod:System Scan"],"picked":"SKIP","floor":12.0},{"not_picked":["Static Discharge","Redo"],"picked":"Auto Shields","floor":13.0},{"not_picked":["Coolheaded","Streamline"],"picked":"Hyperbeam","floor":14.0},{"not_picked":["Stack","ReplayTheSpireMod:System Scan","BasicCrystalCard"],"picked":"SKIP","floor":15.0},{"not_picked":["Machine Learning","Core Surge"],"picked":"Hyperbeam","floor":17.0},{"not_picked":["BasicCrystalCard","Steam"],"picked":"Rebound","floor":19.0},{"not_picked":["White Noise","Panic Button"],"picked":"Steam","floor":21.0},{"not_picked":["Tempest","Steam Power"],"picked":"Conserve Battery","floor":22.0},{"not_picked":["Coolheaded","Rebound"],"picked":"Conserve Battery+1","floor":23.0},{"not_picked":["Darkness","Leap"],"picked":"BootSequence","floor":24.0},{"not_picked":["Rebound","Loop"],"picked":"Undo","floor":26.0},{"not_picked":["Go for the Eyes+1","Leap","Compile Driver"],"picked":"SKIP","floor":28.0},{"not_picked":["Leap","Compile Driver"],"picked":"Go for the Eyes+1","floor":28.0},{"not_picked":["Rainbow","Storm","BootSequence"],"picked":"SKIP","floor":30},{"not_picked":["Steam+1","Coolheaded","Redo"],"picked":"SKIP","floor":31}],"player_experience":233056,"relics_obtained":[{"floor":6.0,"key":"Replay:WaspNest"},{"floor":10.0,"key":"White Beast Statue"},{"floor":14.0,"key":"Carrot"},{"floor":24.0,"key":"Smiling Mask"},{"floor":26.0,"key":"Emotion Chip"},{"floor":27.0,"key":"Matryoshka"},{"floor":30,"key":"Gremlin Food"}],"event_choices":[{"damage_healed":0.0,"max_hp_gain":0.0,"max_hp_loss":0.0,"gold_gain":0.0,"cards_transformed":["Dualcast"],"event_name":"Living Wall","player_choice":"Change","floor":4.0,"gold_loss":0.0,"damage_taken":0.0,"cards_obtained":["Leap"]},{"damage_healed":0.0,"max_hp_gain":0.0,"max_hp_loss":0.0,"gold_gain":80.0,"event_name":"Golden Wing","player_choice":"Gained Gold","floor":11.0,"gold_loss":0.0,"damage_taken":0.0},{"damage_healed":0.0,"max_hp_gain":0.0,"max_hp_loss":0.0,"gold_gain":100.0,"event_name":"The Joust","player_choice":"Bet on Murderer","floor":20.0,"gold_loss":50.0,"damage_taken":0.0}],"is_beta":true,"boss_relics":[{"not_picked":["Replay:Bronze Core","Calling Bell"],"picked":"Cursed Key"}],"items_purged_floors":[29],"is_endless":false,"potions_floor_spawned":[1,6,8,12,13,14,15,17,19,21,22,23,24,26,28,30,31],"killed_by":"Collector","ascension_level":20}}