{"host":"2qv44oxt58ptq59r","time":1612974320,"event":{"mods":["AchievementEnabler","BaseMod","Colored Powertips","Highlight Path","Minty Spire (QoL Compilation)","Permanent Neow","StSLib"],"gold_per_floor":[117,117,19,119,129,129,143,154,177,193,223,223,234,234,234,339,389,404,418,443,443,42,42,71,88,88,107,107,107],"floor_reached":28,"language":"ENG","playtime":3492,"items_purged":["Strike_R","Strike_R"],"score":324,"play_id":"809a462c-ab9f-4825-8949-b4733bce93fa","local_time":"20210210162520","is_ascension_mode":true,"campfire_choices":[{"data":"Blood for Blood","floor":6,"key":"SMITH"},{"floor":12,"key":"REST"},{"data":"Fire Breathing","floor":15,"key":"SMITH"},{"floor":23,"key":"REST"}],"circlet_count":0,"master_deck":["Strike_R","Strike_R","Defend_R","Defend_R","Defend_R","Defend_R","Bash","Dark Shackles","Whirlwind","Warcry","Blood for Blood+1","Headbutt","Seeing Red","Fire Breathing+1","Wild Strike+1","Double Tap","Pommel Strike","Feed","Flame Barrier","Power Through","Fire Breathing+1","Feel No Pain","Carnage+1","Body Slam+1","Shrug It Off"],"relics":["Burning Blood","Happy Flower","Tiny House","Pen Nib","DollysMirror","Omamori","PreservedInsect"],"acts_visited":["Exordium","TheCity"],"potions_floor_usage":[8,13,19,19,24,28],"damage_taken":[{"damage":8,"enemies":"Small Slimes","floor":1,"turns":3},{"damage":0,"enemies":"2 Louse","floor":5,"turns":2},{"damage":1,"enemies":"Cultist","floor":7,"turns":3},{"damage":0,"enemies":"3 Louse","floor":8,"turns":1},{"damage":14,"enemies":"Red Slaver","floor":10,"turns":4},{"damage":36,"enemies":"Gremlin Nob","floor":11,"turns":4},{"damage":18,"enemies":"Large Slime","floor":13,"turns":3},{"damage":24,"enemies":"Slime Boss","floor":16,"turns":7},{"damage":21,"enemies":"2 Thieves","floor":18,"turns":5},{"damage":12,"enemies":"Chosen","floor":19,"turns":4},{"damage":82,"enemies":"Book of Stabbing","floor":24,"turns":7},{"damage":3,"enemies":"Centurion and Healer","floor":25,"turns":5},{"damage":9,"enemies":"Cultist and Chosen","floor":27,"turns":6},{"damage":15,"enemies":"3 Cultists","floor":28,"turns":2}],"seed_played":"6782903502729961067","potions_obtained":[{"floor":5,"key":"BlessingOfTheForge"},{"floor":11,"key":"Explosive Potion"},{"floor":17,"key":"Ancient Potion"},{"floor":18,"key":"LiquidMemories"},{"floor":27,"key":"Energy Potion"}],"is_trial":false,"path_per_floor":["M","?","$","?","M","R","M","M","T","M","E","R","M","?","R","B",null,"M","M","T","?","$","R","E","M","T","M","M"],"character_chosen":"IRONCLAD","items_purchased":["Warcry","DollysMirror","Feel No Pain","Regen Potion"],"campfire_rested":2,"item_purchase_floors":[3,22,22,22],"current_hp_per_floor":[70,70,70,70,76,76,80,80,80,72,42,66,54,54,54,36,74,59,56,56,56,56,82,11,14,14,14,0,0],"gold":107,"neow_bonus":"RANDOM_COLORLESS","is_daily":false,"chose_seed":false,"campfire_upgraded":2,"win_rate":0.0,"timestamp":1612974320,"path_taken":["M","?","$","?","M","R","M","?","T","M","E","R","M","?","R","BOSS","M","M","?","?","$","R","E","M","T","?","M"],"items_purchased_type":["Card","Relic","Card","Potion"],"build_version":"2020-12-22","purchased_purges":2,"victory":false,"max_hp_per_floor":[80,80,80,80,80,80,80,80,80,80,80,80,80,80,80,80,85,85,88,88,88,88,88,88,88,88,91,91,91],"card_choices":[{"not_picked":["Dramatic Entrance","Swift Strike"],"picked":"Dark Shackles","floor":0},{"not_picked":["Clash","Thunderclap"],"picked":"Whirlwind","floor":1},{"not_picked":["Twin Strike","Cleave"],"picked":"Blood for Blood","floor":5},{"not_picked":["Perfected Strike","Hemokinesis"],"picked":"Headbutt","floor":7},{"not_picked":["Havoc","True Grit","Wild Strike"],"picked":"SKIP","floor":8},{"not_picked":["Thunderclap","Heavy Blade"],"picked":"Seeing Red","floor":10},{"not_picked":["Sword Boomerang","Searing Blow"],"picked":"Fire Breathing","floor":11},{"not_picked":["Combust","Armaments"],"picked":"Wild Strike","floor":13},{"not_picked":["Reaper","Corruption"],"picked":"Feed","floor":16},{"not_picked":["Hemokinesis","Headbutt"],"picked":"Flame Barrier","floor":17},{"not_picked":["Burning Pact","Twin Strike","Havoc"],"picked":"SKIP","floor":18},{"not_picked":["Perfected Strike+1","Bloodletting"],"picked":"Power Through","floor":19},{"not_picked":["Headbutt","Searing Blow+1"],"picked":"Carnage+1","floor":24},{"not_picked":["Dual Wield+1","Pommel Strike"],"picked":"Body Slam+1","floor":25},{"not_picked":["Warcry+1","Infernal Blade"],"picked":"Shrug It Off","floor":27}],"player_experience":5655817,"relics_obtained":[{"floor":11,"key":"Happy Flower"},{"floor":20,"key":"Pen Nib"},{"floor":24,"key":"Omamori"},{"floor":26,"key":"PreservedInsect"}],"event_choices":[{"damage_healed":0,"gold_gain":0,"player_choice":"Ignored","damage_taken":0,"max_hp_gain":0,"max_hp_loss":0,"event_name":"Liars Game","floor":2,"gold_loss":0},{"damage_healed":0,"gold_gain":100,"player_choice":"Pray","damage_taken":0,"max_hp_gain":0,"max_hp_loss":0,"event_name":"Golden Shrine","floor":4,"gold_loss":0},{"damage_healed":0,"gold_gain":0,"player_choice":"2 cards matched","damage_taken":0,"max_hp_gain":0,"max_hp_loss":0,"event_name":"Match and Keep!","floor":14,"gold_loss":0,"cards_obtained":["Double Tap","Pommel Strike"]},{"cards_removed":["Strike_R"],"damage_healed":0,"gold_gain":0,"player_choice":"Offered Basic","damage_taken":0,"max_hp_gain":0,"max_hp_loss":0,"event_name":"Bonfire Elementals","floor":21,"gold_loss":0}],"is_beta":false,"boss_relics":[{"not_picked":["Snecko Eye","Cursed Key"],"picked":"Tiny House"}],"items_purged_floors":[3,22],"is_endless":false,"potions_floor_spawned":[5,11,18,27],"killed_by":"3 Cultists","ascension_level":7}}