{"host":"it04jaz8eul1eh3d","time":1612947463,"event":{"mods":["AchievementEnabler","BaseMod","Colored Map","DeckTracker","Keyboard Shortcuts","Minty Spire (QoL Compilation)","SuperFastMode"],"gold_per_floor":[119,119,136,38,38,69,69,85,158,179,179,132,145,145,145,244,244,256,52,52,52,67,67,67],"floor_reached":23,"language":"KOR","playtime":814,"items_purged":["Pain"],"score":187,"play_id":"0d77120d-5f5e-4c0c-a745-7b6515063fa8","local_time":"20210210175743","is_ascension_mode":false,"campfire_choices":[{"data":"Fasting2","floor":7,"key":"SMITH"},{"floor":11,"key":"REST"},{"data":"ClearTheMind","floor":15,"key":"SMITH"}],"circlet_count":0,"master_deck":["Strike_P","Strike_P","Defend_P","Defend_P","Eruption+1","Vigilance","CutThroughFate","Fasting2+1","SandsOfTime","ThirdEye","Worship","ClearTheMind+1","InnerPeace","Judgement","MasterReality+1","Vault+1","Nirvana+1","EmptyFist+1","Apotheosis","Nirvana","J.A.X.","Pray"],"relics":["PureWater","Orichalcum","Pear","Odd Mushroom","Astrolabe"],"acts_visited":["Exordium","TheCity"],"potions_floor_usage":[],"damage_taken":[{"damage":0,"enemies":"2 Louse","floor":1,"turns":2},{"damage":4,"enemies":"Cultist","floor":3,"turns":3},{"damage":14,"enemies":"Gremlin Nob","floor":6,"turns":4},{"damage":1,"enemies":"Jaw Worm","floor":8,"turns":3},{"damage":42,"enemies":"The Mushroom Lair","floor":10,"turns":6},{"damage":6,"enemies":"Blue Slaver","floor":13,"turns":4},{"damage":29,"enemies":"Slime Boss","floor":16,"turns":6},{"damage":11,"enemies":"Shell Parasite","floor":18,"turns":5},{"damage":15,"enemies":"3 Byrds","floor":22,"turns":5},{"damage":51,"enemies":"Gremlin Leader","floor":23,"turns":5}],"seed_played":"-6351452439860726595","potions_obtained":[{"floor":8,"key":"LiquidBronze"},{"floor":13,"key":"Strength Potion"},{"floor":22,"key":"Ancient Potion"}],"is_trial":false,"path_per_floor":["M","?","M","$","?","E","R","M","T","?","R","?","M","?","R","B",null,"M","$","?","?","M","E"],"character_chosen":"WATCHER","items_purchased":["ThirdEye","Apotheosis","Nirvana"],"campfire_rested":1,"item_purchase_floors":[4,19,19],"current_hp_per_floor":[72,72,68,68,68,54,54,53,63,21,45,45,39,66,66,37,82,71,71,71,71,56,5,5],"gold":67,"neow_bonus":"UPGRADE_CARD","is_daily":false,"chose_seed":false,"campfire_upgraded":2,"win_rate":0.0,"timestamp":1612947463,"path_taken":["M","?","?","$","?","E","R","M","T","?","R","?","M","?","R","BOSS","M","$","?","?","M","E"],"items_purchased_type":["Card","Card","Card"],"build_version":"2020-12-22","purchased_purges":1,"victory":false,"max_hp_per_floor":[72,72,72,72,72,72,72,72,82,82,82,82,82,82,82,82,82,82,82,82,82,82,82,82],"card_choices":[{"not_picked":["Crescendo","EmptyFist"],"picked":"CutThroughFate","floor":1},{"not_picked":["EmptyBody","DeusExMachina"],"picked":"SandsOfTime","floor":3},{"not_picked":["ThirdEye","FlyingSleeves","Halt"],"picked":"SKIP","floor":6},{"not_picked":["Tantrum","CutThroughFate"],"picked":"Worship","floor":8},{"not_picked":["Evaluate","BowlingBash"],"picked":"ClearTheMind","floor":10},{"not_picked":["PathToVictory","Nirvana"],"picked":"InnerPeace","floor":13},{"not_picked":["Scrawl","Establishment"],"picked":"Judgement","floor":16},{"not_picked":["FlyingSleeves","PathToVictory+1"],"picked":"EmptyFist+1","floor":18},{"not_picked":["Protect","SignatureMove"],"picked":"Pray","floor":22}],"player_experience":157253,"relics_obtained":[{"floor":6,"key":"Orichalcum"},{"floor":9,"key":"Pear"},{"floor":10,"key":"Odd Mushroom"}],"event_choices":[{"damage_healed":0,"gold_gain":0,"player_choice":"2 cards matched","damage_taken":0,"max_hp_gain":0,"max_hp_loss":0,"event_name":"Match and Keep!","floor":2,"gold_loss":0,"cards_obtained":["Pain","Fasting2"]},{"cards_removed":["Defend_P"],"damage_healed":0,"gold_gain":0,"player_choice":"Forget","damage_taken":0,"max_hp_gain":0,"max_hp_loss":0,"event_name":"Living Wall","floor":5,"gold_loss":0},{"damage_healed":0,"gold_gain":0,"player_choice":"Fought Mushrooms","damage_taken":0,"max_hp_gain":0,"max_hp_loss":0,"event_name":"Mushrooms","floor":10,"gold_loss":0},{"damage_healed":0,"gold_gain":0,"player_choice":"Left Gold","damage_taken":0,"max_hp_gain":0,"max_hp_loss":0,"event_name":"World of Goop","floor":12,"gold_loss":47},{"damage_healed":27,"gold_gain":0,"player_choice":"Banana","damage_taken":0,"max_hp_gain":0,"max_hp_loss":0,"event_name":"Big Fish","floor":14,"gold_loss":0},{"damage_healed":0,"gold_gain":0,"player_choice":"Ignored","damage_taken":0,"max_hp_gain":0,"max_hp_loss":0,"event_name":"Cursed Tome","floor":20,"gold_loss":0},{"damage_healed":0,"gold_gain":0,"player_choice":"Obtain J.A.X.","damage_taken":0,"max_hp_gain":0,"max_hp_loss":0,"event_name":"Drug Dealer","floor":21,"gold_loss":0,"cards_obtained":["J.A.X."]}],"is_beta":false,"boss_relics":[{"not_picked":["Ectoplasm","Fusion Hammer"],"picked":"Astrolabe"}],"items_purged_floors":[4],"is_endless":false,"potions_floor_spawned":[8,13,22],"killed_by":"Gremlin Leader","ascension_level":0}}