{"host":"ve5hox67eka4rdnb","time":1612960453,"event":{"mods":["ATMod(∞¢Ë™Mod)","AchievementEnabler","Act Like it!","BaseMod","Downfall","Gensokyo","Hermit","Koishi","Lobotomy","LobotomyExtend","Marisa£®ÏF”Í°°ƒß¿Ì…≥£©","Minty Spire (QoL Compilation)","Reimu£®≤©¿ˆ¡È√Œ£©","Remilia£®¿Ÿ√◊¿Ú—«£©","Replay The Spire","Shop Mod","StSLib","The Construct","The Cursed","The Servant 0.9.4"],"gold_per_floor":[112,127,127,46,46,46,61,61,61,89,89,123,140,154,154,154,154],"floor_reached":16,"language":"ZHS","playtime":609,"items_purged":[],"score":110,"play_id":"0f7a4903-4430-41ca-b7a5-1c3afd7c3f8e","local_time":"20210210203413","is_ascension_mode":false,"campfire_choices":[{"floor":15,"key":"DIG"}],"circlet_count":0,"master_deck":["SpecialBullet","SpecialBullet","SpecialBullet","SpecialBullet","SpecialBullet","SpecialBullet","SpecialBullet","ControlCode","InformationCode","TrainingCode","AT_FamilyPortrait","GreenStem","MeatLantern","WristCuter","OldLady","Ecstasy","LaLuna","Penitence","TT2Protocol","Diffraction","Mercenary","Logging","SpiderBud","InTheNameOfLoveAndHate"],"relics":["CogitoBucket","AT_ATBox","LetterFromLob","CultistMask","Darkstone Periapt","AT_BellDemon","Gremlin Food","BehaviorAdjustment","Replay:WaspNest"],"acts_visited":["Exordium"],"potions_floor_usage":[14],"damage_taken":[{"damage":11.0,"enemies":"Jaw Worm","floor":1.0,"turns":3.0},{"damage":0.0,"enemies":"2 Louse","floor":2.0,"turns":1.0},{"damage":0,"enemies":"Cultist","floor":7,"turns":2},{"damage":21,"enemies":"Lagavulin","floor":10,"turns":4},{"damage":9,"enemies":"Gremlin Nob","floor":12,"turns":3},{"damage":12,"enemies":"2 Fungi Beasts","floor":13,"turns":11},{"damage":3,"enemies":"Red Slaver","floor":14,"turns":2},{"damage":24,"enemies":"The Guardian","floor":16,"turns":4}],"seed_played":"4113075092789521753","potions_obtained":[{"floor":10,"key":"Energy Potion"},{"floor":14,"key":"Fruit Juice"}],"is_trial":false,"path_per_floor":["M","M","?","$","?","R","M","?","T","E","R","E","M","M","R","B"],"character_chosen":"Angela","items_purchased":["Ecstasy"],"campfire_rested":0,"item_purchase_floors":[4],"current_hp_per_floor":[59,59,59,59,64,64,64,64,64,43,43,34,22,24,24,0,0],"gold":154,"neow_bonus":"TRANSFORM_CARD","is_daily":false,"chose_seed":false,"campfire_upgraded":0,"win_rate":0.0,"timestamp":1612960453,"path_taken":["M","M","?","$","?","R","M","?","T","E","R","E","M","M","R","BOSS"],"items_purchased_type":["Card"],"build_version":"2020-12-22","purchased_purges":0,"victory":false,"max_hp_per_floor":[70,70,70,70,75,75,75,75,75,75,75,75,75,80,80,80,80],"card_choices":[{"not_picked":["Wellcheers","WallGazer"],"picked":"MeatLantern","floor":1.0},{"not_picked":["TodaysExpression"],"picked":"WristCuter","floor":1.0},{"not_picked":["Murderer","LongBird"],"picked":"OldLady","floor":2.0},{"not_picked":["Penitence","LifeForTheDareDevil"],"picked":"SKIP","floor":2.0},{"not_picked":["LittleHelper","OSAHOGD"],"picked":"LaLuna","floor":7},{"not_picked":["CherryBlossom","FourthMatchFlame"],"picked":"SKIP","floor":7},{"not_picked":["CrimsonScar"],"picked":"Penitence","floor":10},{"not_picked":["RedEyes"],"picked":"Diffraction","floor":12},{"not_picked":["Scarecrow","Porccubus"],"picked":"Mercenary","floor":13},{"not_picked":["Wingbeat"],"picked":"Logging","floor":13},{"not_picked":["BeautyBeast","Murderer"],"picked":"SpiderBud","floor":14},{"not_picked":["TodaysExpression"],"picked":"InTheNameOfLoveAndHate","floor":14}],"player_experience":213836,"relics_obtained":[{"floor":1.0,"key":"LetterFromLob"},{"floor":9,"key":"Darkstone Periapt"},{"floor":10,"key":"AT_BellDemon"},{"floor":12,"key":"Gremlin Food"},{"floor":15,"key":"Replay:WaspNest"}],"event_choices":[{"damage_healed":0,"gold_gain":0,"player_choice":"Donut","damage_taken":0,"max_hp_gain":5,"max_hp_loss":0,"event_name":"Big Fish","floor":5,"gold_loss":0},{"damage_healed":0,"gold_gain":0,"player_choice":"Trade","damage_taken":0,"relics_obtained":["CultistMask"],"max_hp_gain":0,"max_hp_loss":0,"event_name":"FaceTrader","floor":8,"gold_loss":0}],"is_beta":false,"boss_relics":[],"items_purged_floors":[],"is_endless":false,"potions_floor_spawned":[10,14],"killed_by":"The Guardian","ascension_level":0}}