{"host":"80x1ozqd5wpd4nvo","time":1612977830,"event":{"mods":["100% Spire Juice","2.2 Compatiblity","Aspiration","BaseMod","Better Altar","Better Match","Better Note","Better Sensory Stone","Better Skull","Better Third Choice","BetterRewards","Card Forge","Custom Start","DNKmod","Defuse TimeMaze Blight","Dota2Spire","Energized Spire","Friendly Minions","GifTheSpireLib","Hubris","Infinite Spire","Jedi Mod","Minty Spire (QoL Compilation)","MostiFishMod","Permanent Neow","Poor People Problems","Shop Mod","Spicy Shops","StSLib","The Blue Laboratory","??????REMEMod"],"gold_per_floor":[978,978,633,650,663,679,679,554,606,622,642,742,762,762,762,861,861,872,672,672,672,688,716,716,745,795,795,808,808,819,819,819,920,920,931,931,947,947,947,980,980,500,570,570,570,595,606,673,673,673,673],"floor_reached":50,"language":"ENG","playtime":2164,"items_purged":["Moonworks:Defend","Moonworks:Strike","Moonworks:Defend","Moonworks:Strike","Moonworks:Defend","Moonworks:Strike","Moonworks:Defend"],"score":812,"play_id":"a185a898-6d5b-4068-8ddc-74891befa950","local_time":"20210210182350","is_ascension_mode":false,"campfire_choices":[{"data":"Moonworks:LeapThroughSpace","floor":7,"key":"SMITH"},{"data":"Moonworks:RagingMadness","floor":15,"key":"SMITH"},{"data":"Moonworks:AnotherUltimateWeapon","floor":24,"key":"SMITH"},{"data":"Moonworks:MixPhenomenon","floor":27,"key":"SMITH"},{"data":"REME_FirmDetermination","floor":32,"key":"SMITH"},{"floor":41,"key":"DIG"},{"floor":44,"key":"DIG"},{"floor":49,"key":"RECALL"}],"circlet_count":0,"master_deck":["Moonworks:Ambush","Moonworks:LongDistanceShot","Perseverance","Moonworks:IndiscriminateFireSupport","Moonworks:CloudOfSeagulls","REME_FirmDetermination+1","Moonworks:EvilSpyWorkPreparation","Moonworks:CloudOfSeagulls+1","Moonworks:LeapThroughSpace+1","Moonworks:JonathanRush+1","Moonworks:NicePresent","Moonworks:LulusLuckyEgg","Moonworks:WindyEnchantment","Moonworks:RocketCannon","Moonworks:RagingMadness+1","Moonworks:CookingTime","Moonworks:AnotherUltimateWeapon+1","Moonworks:RedAndBlue","Moonworks:BigBangBell","Moonworks:Flamethrower+1","Moonworks:MixPhenomenon+1","Necronomicurse","Moonworks:Dash+1","Moonworks:PlushieMaster+1","Moonworks:NicePresent+1","Moonworks:LuckyCharm","Moonworks:FullSpeedAlicianrone","Moonworks:TacticalRetreat+1","hubris:InfiniteBlow+10","Moonworks:GoAway","Sadistic Nature","Moonworks:AnotherUltimateWeapon","Moonworks:SealedMemories"],"relics":["Moonworks:BrokenBomb","Moonworks:Homemark","Hammer of Thor","Seething Fire","Anvil of the Gods","REME_ComplimentaryCards","DaveBox","DiscerningMonocle","SynthV:TestCard","Medical Kit","Moonworks:LittleGull","Dota2Spire:Dagon","Dota2Spire:Dagon","MostiFishMod:AdaptiveDefenses","hubris:FunFungus","Whetstone","aspiration:TomeofQuesting","BirthdayGift-Tetrahedron","Unceasing Top","Akabeko","TimeFreeze","RhineFirstAidKit","Dota2Spire:PhaseBoots","Blood Vial","Dota2Spire:PowerTreads","Red Mask","jedi:arcanewood","Necronomicon","hubris:Towel","Busted Crown","Civilization","Vajra","Dota2Spire:BattleFury","Strawberry","Shovel","hubris:SphereOfDissonance","InkBottle","ThornShield","aspiration:Nostalgia","Ring of the Snake","hubris:MobiusCoin","MealTicket","aspiration:HatOfInfinitePower","Dota2Spire:LinkenSphere"],"acts_visited":["Exordium","TheCity","TheBeyond"],"potions_floor_usage":[10,16,22,33],"damage_taken":[{"damage":0,"enemies":"Small Slimes","floor":1,"turns":2},{"damage":0,"enemies":"Cultist","floor":3,"turns":2},{"damage":0,"enemies":"Jaw Worm","floor":4,"turns":2},{"damage":10,"enemies":"3 Louse","floor":5,"turns":2},{"damage":0,"enemies":"2 Fungi Beasts","floor":6,"turns":1},{"damage":0,"enemies":"Gremlin Gang","floor":10,"turns":2},{"damage":2,"enemies":"Large Slime","floor":11,"turns":2},{"damage":0,"enemies":"2 Fungi Beasts","floor":13,"turns":1},{"damage":4,"enemies":"Slime Boss","floor":16,"turns":3},{"damage":8,"enemies":"Shell Parasite","floor":18,"turns":2},{"damage":2,"enemies":"2 Thieves","floor":22,"turns":2},{"damage":4,"enemies":"REME_1_Revenger","floor":23,"turns":3},{"damage":4,"enemies":"Masked Bandits","floor":25,"turns":2},{"damage":3,"enemies":"Chosen and Byrds","floor":28,"turns":2},{"damage":4,"enemies":"Snake Plant","floor":30,"turns":3},{"damage":4,"enemies":"Automaton","floor":33,"turns":3},{"damage":28,"enemies":"3 Shapes","floor":35,"turns":3},{"damage":0,"enemies":"3 Darklings","floor":37,"turns":2},{"damage":2,"enemies":"Reptomancer","floor":40,"turns":2},{"damage":0,"enemies":"Giant Head","floor":46,"turns":4},{"damage":0,"enemies":"Writhing Mass","floor":47,"turns":1},{"damage":8,"enemies":"Transient","floor":48,"turns":3},{"damage":18,"enemies":"Awakened One","floor":50,"turns":8}],"seed_played":"4575892186429906782","potions_obtained":[{"floor":3,"key":"Dota2Spire:Clarity"},{"floor":4,"key":"blueLaboratory:RecallPotion"},{"floor":10,"key":"Swift Potion"},{"floor":22,"key":"blueLaboratory:NullPotion"},{"floor":25,"key":"LiquidBronze"},{"floor":47,"key":"blueLaboratory:ForbiddenFruitJuice"}],"is_trial":false,"path_per_floor":["M","$","M","M","M","M","R","$","T","M","M","?","M","$","R","B",null,"M","$","?","?","M","E","R","?","T","R","M","?","M","?","R","B",null,"M","?","M","$","?","E","R","?","T","R","$","E","M","M","R","B"],"character_chosen":"THE_STARBREAKER","items_purchased":["Medical Kit","Moonworks:LittleGull","Moonworks:CloudOfSeagulls","Dota2Spire:Dagon","Dota2Spire:Dagon","MostiFishMod:AdaptiveDefenses","REME_FirmDetermination","Moonworks:EvilSpyWorkPreparation","Block Potion","hubris:FunFungus","Whetstone","aspiration:TomeofQuesting","Moonworks:Wanted","BirthdayGift-Tetrahedron","Unceasing Top","Akabeko","Moonworks:RagingMadness","Moonworks:CookingTime","TimeFreeze","Dota2Spire:PhaseBoots","Blood Vial","Civilization","Vajra","Dota2Spire:BattleFury","Strawberry","Shovel","Moonworks:FullSpeedAlicianrone","aspiration:Nostalgia","hubris:MobiusCoin","MealTicket","Moonworks:GoAway","Sadistic Nature","aspiration:HatOfInfinitePower"],"campfire_rested":0,"item_purchase_floors":[2,2,2,2,2,2,2,2,2,8,8,8,8,14,14,14,14,14,14,19,19,38,38,38,38,38,38,45,45,45,45,45,45],"current_hp_per_floor":[100,100,100,100,90,90,90,90,90,90,90,90,90,90,90,92,100,98,98,98,110,108,106,106,104,104,104,103,87,88,88,88,88,110,82,82,84,91,117,116,116,116,116,116,116,120,123,125,125,127,127],"gold":673,"neow_bonus":"REMOVE_CARD","is_daily":false,"chose_seed":false,"campfire_upgraded":5,"win_rate":0.0,"timestamp":1612977830,"path_taken":["M","$","M","M","M","M","R","$","T","M","M","?","?","$","R","BOSS","M","$","?","?","?","E","R","?","T","R","M","?","M","?","R","BOSS","M","?","M","$","?","E","R","?","T","R","$","E","?","M","R","BOSS"],"items_purchased_type":["Relic","Relic","Card","Relic","Relic","Relic","Card","Card","Potion","Relic","Relic","Relic","Card","Relic","Relic","Relic","Card","Card","Relic","Relic","Relic","Relic","Relic","Relic","Relic","Relic","Card","Relic","Relic","Relic","Card","Card","Relic"],"build_version":"2020-12-22","purchased_purges":7,"victory":false,"max_hp_per_floor":[100,100,100,100,100,100,100,100,100,100,100,100,100,100,100,100,100,100,100,100,110,110,110,110,110,110,110,110,110,110,110,110,110,110,110,110,110,117,117,118,118,118,118,118,118,120,123,127,127,127,127],"card_choices":[{"not_picked":["Moonworks:DeployBits","Moonworks:SakisCookie"],"picked":"Moonworks:IndiscriminateFireSupport","floor":1},{"not_picked":["Moonworks:ImOnFire","Moonworks:ForcedRevival","Moonworks:BigMagnum","Moonworks:DeployBits"],"picked":"Moonworks:CloudOfSeagulls","floor":3},{"not_picked":["Moonworks:NicePresent","Moonworks:UnluckyCharm","Moonworks:Assault","Moonworks:CloudOfSeagulls"],"picked":"Moonworks:LeapThroughSpace","floor":4},{"not_picked":["Moonworks:FinalSurgery","Moonworks:Bloodlust","Moonworks:BigBangBell","Moonworks:StiffCrystal"],"picked":"Moonworks:JonathanRush","floor":5},{"not_picked":["Moonworks:IndiscriminateFireSupport","Moonworks:MiracleWalker","Moonworks:MixPhenomenon","Moonworks:Assault"],"picked":"Moonworks:NicePresent","floor":6},{"not_picked":["Moonworks:NicePresent","Moonworks:DeployBits","Moonworks:EvilSpyWorkPreparation","Moonworks:Dinner"],"picked":"Moonworks:LulusLuckyEgg","floor":10},{"not_picked":["Moonworks:AngelHand","Moonworks:DevilHand","Moonworks:BigMagnum","Moonworks:JonathanRush"],"picked":"Moonworks:WindyEnchantment","floor":11},{"not_picked":["Moonworks:MixPhenomenon","Moonworks:BindingChains","Moonworks:JonathanRush","Moonworks:CompletionReward"],"picked":"Moonworks:RocketCannon","floor":13},{"not_picked":["Moonworks:SubspaceTunnel","Moonworks:WeAreWaruda","Moonworks:Blazing","Moonworks:AccelHyper"],"picked":"Moonworks:AnotherUltimateWeapon","floor":16},{"not_picked":["Moonworks:LulusLuckyEgg","Moonworks:SakisCookie","Moonworks:IndiscriminateFireSupport","Moonworks:CloudOfSeagulls"],"picked":"Moonworks:RedAndBlue","floor":18},{"not_picked":["Moonworks:Bloodlust","Moonworks:SakisCookie","Moonworks:NicePresent","Moonworks:UnluckyCharm+1"],"picked":"Moonworks:BigBangBell","floor":22},{"not_picked":["Moonworks:ForcedRevival","Moonworks:Gamble","Moonworks:Dinner+1","Moonworks:ImOnFire"],"picked":"Moonworks:Flamethrower+1","floor":23},{"not_picked":["Moonworks:Assault","Moonworks:EvilSpyWorkPreparation+1","Moonworks:MiracleWalker","Moonworks:BindingChains"],"picked":"Moonworks:MixPhenomenon","floor":25},{"not_picked":["Moonworks:SakisCookie","Moonworks:ImmovableObject","Moonworks:NicePresent+1","Moonworks:Dinner+1","Moonworks:JonathanRush"],"picked":"SKIP","floor":28},{"not_picked":["Moonworks:NicePresent","Moonworks:CloudOfSeagulls+1","Moonworks:Assault","Moonworks:DevilHand"],"picked":"Moonworks:Dash+1","floor":30},{"not_picked":["Moonworks:OutOfAmmo","Moonworks:SubspaceTunnel","Moonworks:MetallicMonocoque","Moonworks:Encore"],"picked":"Moonworks:PlushieMaster","floor":33},{"not_picked":["Moonworks:LulusLuckyEgg","Moonworks:DeployBits+1"],"picked":"Moonworks:NicePresent+1","floor":35},{"not_picked":["Moonworks:BigMagnum+1","Moonworks:JonathanRush"],"picked":"Moonworks:LuckyCharm","floor":37},{"not_picked":["Moonworks:IndiscriminateFireSupport","Moonworks:ForcedRevival+1"],"picked":"Moonworks:TacticalRetreat+1","floor":40},{"not_picked":["infinitespire:Menacing","hubris:Fate"],"picked":"hubris:InfiniteBlow+10","floor":42},{"not_picked":["Moonworks:JonathanRush+1","Moonworks:BindingChains"],"picked":"Moonworks:AnotherUltimateWeapon","floor":46},{"not_picked":["Moonworks:AngelHand","Moonworks:NicePresent+1"],"picked":"Moonworks:SealedMemories","floor":47},{"not_picked":["Moonworks:TacticalRetreat+1","Moonworks:EvilSpyWorkPreparation","Moonworks:IndiscriminateFireSupport+1"],"picked":"SKIP","floor":48},{"not_picked":["Moonworks:TacticalRetreat+1","Moonworks:EvilSpyWorkPreparation","Moonworks:IndiscriminateFireSupport+1"],"picked":"SKIP","floor":48}],"player_experience":256424,"relics_obtained":[{"floor":1,"key":"SynthV:TestCard"},{"floor":23,"key":"Dota2Spire:PowerTreads"},{"floor":25,"key":"Red Mask"},{"floor":26,"key":"jedi:arcanewood"},{"floor":29,"key":"Necronomicon"},{"floor":40,"key":"hubris:SphereOfDissonance"},{"floor":43,"key":"InkBottle"},{"floor":44,"key":"ThornShield"},{"floor":46,"key":"Dota2Spire:LinkenSphere"}],"event_choices":[{"damage_healed":0,"gold_gain":100,"player_choice":"Gold","damage_taken":0,"max_hp_gain":0,"max_hp_loss":0,"event_name":"Wheel of Change","floor":12,"gold_loss":0},{"cards_removed":["Moonworks:Defend"],"damage_healed":0,"gold_gain":0,"player_choice":"Give","damage_taken":0,"max_hp_gain":0,"max_hp_loss":0,"event_name":"betterNote:BetterNote","floor":20,"gold_loss":0,"cards_obtained":["None"]},{"cards_removed":["Moonworks:Wanted"],"damage_healed":2,"gold_gain":0,"player_choice":"Offered Rare","damage_taken":0,"max_hp_gain":10,"max_hp_loss":0,"event_name":"Bonfire Elementals","floor":21,"gold_loss":0},{"damage_healed":0,"gold_gain":0,"player_choice":"Fought Bandits","damage_taken":0,"max_hp_gain":0,"max_hp_loss":0,"event_name":"Masked Bandits","floor":25,"gold_loss":0},{"damage_healed":0,"gold_gain":0,"player_choice":"Obtained Book","damage_taken":16,"max_hp_gain":0,"max_hp_loss":0,"event_name":"Cursed Tome","floor":29,"gold_loss":0},{"damage_healed":29,"gold_gain":0,"player_choice":"Writhe","damage_taken":0,"max_hp_gain":0,"max_hp_loss":0,"event_name":"Winding Halls","floor":39,"gold_loss":0,"cards_obtained":["Writhe"]}],"is_beta":false,"boss_relics":[{"not_picked":["REME_DuelDisc","energizedSpire:CursedPentagram"],"picked":"RhineFirstAidKit"},{"not_picked":["xbg","hubris:TerracottaHorce"],"picked":"Busted Crown"}],"items_purged_floors":[2,8,8,14,19,19,38],"is_endless":false,"potions_floor_spawned":[3,4,10,11,13,18,22,25,28,46,47],"killed_by":"Awakened One","ascension_level":0}}