{"host":"epc8efk9vrywpcsw","time":1612961538,"event":{"mods":["BaseMod","Minty Spire (QoL Compilation)","Relic Stats","StSLib"],"gold_per_floor":[113,188,188,206,171,201,201,216,241,241,241,241,241,266,266,339,339,358,52,52,72,72,106,106,124,174,190,105,105,118,150,150,225,225,235,235,47,47,65,95,95,107,134,169,187,221,235,235,235,235,235],"floor_reached":52,"language":"ENG","playtime":1639,"items_purged":["Reflex"],"score":2247,"play_id":"61e6f001-5205-4425-b443-9f3eebb6374a","local_time":"20210210135218","is_ascension_mode":true,"campfire_choices":[{"data":"Neutralize","floor":7.0,"key":"SMITH"},{"data":"Terror","floor":10.0,"key":"SMITH"},{"data":"Predator","floor":13.0,"key":"SMITH"},{"data":"All Out Attack","floor":15.0,"key":"SMITH"},{"data":"Malaise","floor":24.0,"key":"SMITH"},{"floor":32.0,"key":"REST"},{"data":"Adrenaline","floor":41.0,"key":"SMITH"},{"floor":49,"key":"REST"}],"circlet_count":0,"master_deck":["AscendersBane","Survivor+1","Neutralize+1","Flying Knee+1","Endless Agony+1","Predator+1","Terror+1","All Out Attack+1","Adrenaline+1","Malaise+1","PiercingWail+1","Adrenaline+1","Heel Hook+1","Deflect+1","All Out Attack+1","Flying Knee+1","Malaise+1","PiercingWail+1","Blade Dance+1","Blade Dance+1","Adrenaline+1","Writhe","Dash+1","Die Die Die+1","Backflip+1","Panache+1","Finisher+1","Riddle With Holes+1","Glass Knife+1","Backflip+1"],"relics":["Ring of the Snake","NeowsBlessing","Nunchaku","Vajra","Ginger","MealTicket","Pandora\u0027s Box","DollysMirror","Mango","Ice Cream","Bag of Preparation","Letter Opener","Boot","InkBottle","WristBlade","Akabeko","Toy Ornithopter","Omamori","Singing Bowl","Mark of the Bloom"],"acts_visited":["Exordium","TheCity","TheBeyond"],"potions_floor_usage":[50,50],"damage_taken":[{"damage":0.0,"enemies":"Small Slimes","floor":1.0,"turns":1.0},{"damage":0.0,"enemies":"2 Louse","floor":4.0,"turns":1.0},{"damage":0.0,"enemies":"Gremlin Nob","floor":6.0,"turns":1.0},{"damage":4.0,"enemies":"Jaw Worm","floor":8.0,"turns":3.0},{"damage":4.0,"enemies":"Lagavulin","floor":14.0,"turns":6.0},{"damage":0.0,"enemies":"Slime Boss","floor":16.0,"turns":3.0},{"damage":0.0,"enemies":"Chosen","floor":18.0,"turns":2.0},{"damage":0.0,"enemies":"3 Byrds","floor":21.0,"turns":3.0},{"damage":21.0,"enemies":"Book of Stabbing","floor":23.0,"turns":4.0},{"damage":0.0,"enemies":"Snake Plant","floor":25.0,"turns":3.0},{"damage":16.0,"enemies":"Sentry and Sphere","floor":27.0,"turns":4.0},{"damage":0.0,"enemies":"Shelled Parasite and Fungi","floor":30.0,"turns":1.0},{"damage":1.0,"enemies":"Slavers","floor":31.0,"turns":3.0},{"damage":25.0,"enemies":"Collector","floor":33.0,"turns":7.0},{"damage":0.0,"enemies":"3 Darklings","floor":35.0,"turns":2.0},{"damage":12.0,"enemies":"3 Shapes","floor":39.0,"turns":4.0},{"damage":0.0,"enemies":"Reptomancer","floor":40.0,"turns":2.0},{"damage":7.0,"enemies":"Sphere and 2 Shapes","floor":42.0,"turns":2.0},{"damage":0.0,"enemies":"Giant Head","floor":44.0,"turns":2.0},{"damage":12,"enemies":"Jaw Worm Horde","floor":45,"turns":2},{"damage":0,"enemies":"Reptomancer","floor":46,"turns":3},{"damage":0,"enemies":"3 Darklings","floor":47,"turns":2},{"damage":27,"enemies":"Time Eater","floor":50,"turns":6},{"damage":30,"enemies":"Donu and Deca","floor":51,"turns":5}],"seed_played":"-6936307528107184926","potions_obtained":[{"floor":4.0,"key":"CunningPotion"},{"floor":6.0,"key":"FearPotion"},{"floor":14.0,"key":"SteroidPotion"},{"floor":23.0,"key":"Fruit Juice"},{"floor":27.0,"key":"AttackPotion"},{"floor":31.0,"key":"SteroidPotion"},{"floor":33.0,"key":"Fruit Juice"},{"floor":40.0,"key":"Fruit Juice"},{"floor":45,"key":"Dexterity Potion"}],"is_trial":false,"path_per_floor":["M","?","?","M","?","E","R","M","T","R","T","$","R","E","R","B",null,"M","$","?","M","?","E","R","M","T","M","?","T","M","E","R","B",null,"M","?","$","?","M","E","R","M","T","E","M","E","M","?","R","B","B",null],"character_chosen":"THE_SILENT","items_purchased":["Blade Dance","DollysMirror","Panache"],"campfire_rested":2,"item_purchase_floors":[19,19,37],"current_hp_per_floor":[59,48,28,28,44,44,44,40,40,40,40,40,40,36,36,36,59,59,66,80,80,80,59,59,59,64,48,48,48,48,47,72,47,81,81,81,90,90,78,78,78,71,71,81,69,71,73,73,73,46,16],"gold":235,"neow_bonus":"THREE_ENEMY_KILL","is_daily":false,"chose_seed":false,"campfire_upgraded":6,"win_rate":0.0,"timestamp":1612961538,"path_taken":["M","?","?","M","?","E","R","M","T","R","?","?","R","E","R","BOSS","M","$","?","M","?","E","R","M","T","M","?","?","?","E","R","BOSS","M","?","$","?","M","E","R","M","T","E","M","E","?","?","R","BOSS","BOSS"],"items_purchased_type":["Card","Relic","Card"],"build_version":"2020-12-22","purchased_purges":1,"victory":true,"max_hp_per_floor":[66,66,66,66,66,66,66,66,66,66,66,66,66,66,66,66,66,66,66,80,80,80,80,80,80,85,85,85,85,85,85,85,85,90,90,90,90,90,90,90,90,90,90,95,95,97,99,99,99,99,99],"relic_stats":{"Mark of the Bloom":39,"Singing Bowl":4,"counters":[24,72],"Bag of Preparation":[30],"Ginger":[10],"Letter Opener":[204],"Boot":[13],"Nunchaku":[27],"MealTicket":16,"Pandora\u0027s Box":["Malaise","PiercingWail","Adrenaline","Heel Hook","Deflect","All Out Attack","Flying Knee","Malaise","PiercingWail","Reflex"],"obtain_stats":[{"Ice Cream":23,"Mark of the Bloom":48,"NeowsBlessing":0,"Singing Bowl":46,"Vajra":9,"Mango":20,"Bag of Preparation":26,"Omamori":44,"Ginger":11,"Letter Opener":28,"Boot":29,"Akabeko":40,"Nunchaku":6,"WristBlade":34,"DollysMirror":19,"MealTicket":14,"Pandora\u0027s Box":17,"InkBottle":31,"Toy Ornithopter":43,"Ring of the Snake":0},{"Ice Cream":9,"Mark of the Bloom":22,"NeowsBlessing":0,"Singing Bowl":21,"Vajra":4,"Mango":7,"Bag of Preparation":10,"Omamori":19,"Ginger":4,"Letter Opener":11,"Boot":11,"Akabeko":17,"Nunchaku":3,"WristBlade":14,"DollysMirror":7,"MealTicket":5,"Pandora\u0027s Box":6,"InkBottle":13,"Toy Ornithopter":18,"Ring of the Snake":0},{"Ice Cream":24,"Mark of the Bloom":61,"NeowsBlessing":0,"Singing Bowl":59,"Vajra":6,"Mango":17,"Bag of Preparation":27,"Omamori":54,"Ginger":6,"Letter Opener":31,"Boot":31,"Akabeko":50,"Nunchaku":3,"WristBlade":42,"DollysMirror":17,"MealTicket":12,"Pandora\u0027s Box":15,"InkBottle":35,"Toy Ornithopter":52,"Ring of the Snake":0}],"InkBottle":[26],"Toy Ornithopter":5,"Ring of the Snake":[50]},"card_choices":[{"not_picked":["Cloak And Dagger","Expertise"],"picked":"Flying Knee","floor":1.0},{"not_picked":["Acrobatics","Underhanded Strike"],"picked":"Endless Agony","floor":4.0},{"not_picked":["Blur","Distraction"],"picked":"Predator","floor":6.0},{"not_picked":["Bane","Dodge and Roll"],"picked":"Terror","floor":8.0},{"not_picked":["Choke","Riddle With Holes"],"picked":"All Out Attack","floor":14.0},{"not_picked":["Tools of the Trade","A Thousand Cuts"],"picked":"Adrenaline","floor":16.0},{"not_picked":["Concentrate","Deflect"],"picked":"Blade Dance+1","floor":18.0},{"not_picked":["Prepared","Outmaneuver","Poisoned Stab+1"],"picked":"SKIP","floor":21.0},{"not_picked":["Underhanded Strike","Catalyst"],"picked":"Dash","floor":23.0},{"not_picked":["Caltrops","Dagger Spray","Poisoned Stab"],"picked":"SKIP","floor":25.0},{"not_picked":["Flying Knee+1","Dodge and Roll","Well Laid Plans"],"picked":"SKIP","floor":27.0},{"not_picked":["Blade Dance","Dagger Spray","PiercingWail"],"picked":"SKIP","floor":30.0},{"not_picked":["PiercingWail","Distraction"],"picked":"A Thousand Cuts","floor":31.0},{"not_picked":["Storm of Steel","Malaise"],"picked":"Die Die Die","floor":33.0},{"not_picked":["Underhanded Strike+1","Blade Dance"],"picked":"Backflip+1","floor":35.0},{"not_picked":["Caltrops+1","Calculated Gamble"],"picked":"Finisher","floor":39.0},{"not_picked":["Prepared","Leg Sweep","Reflex"],"picked":"SKIP","floor":40.0},{"not_picked":["Dagger Spray","Dagger Throw"],"picked":"Riddle With Holes","floor":42.0},{"not_picked":["Prepared+1","Well Laid Plans"],"picked":"Glass Knife","floor":44.0},{"not_picked":["Deflect","Crippling Poison"],"picked":"Backflip","floor":45},{"not_picked":["Dagger Spray","Catalyst+1","Endless Agony"],"picked":"Singing Bowl","floor":46},{"not_picked":["Sucker Punch+1","Quick Slash","Poisoned Stab+1"],"picked":"Singing Bowl","floor":47}],"player_experience":508163,"relics_obtained":[{"floor":6.0,"key":"Nunchaku"},{"floor":9.0,"key":"Vajra"},{"floor":11.0,"key":"Ginger"},{"floor":14.0,"key":"MealTicket"},{"floor":23.0,"key":"Ice Cream"},{"floor":26.0,"key":"Bag of Preparation"},{"floor":29.0,"key":"Boot"},{"floor":31.0,"key":"InkBottle"},{"floor":40.0,"key":"Akabeko"},{"floor":43.0,"key":"Toy Ornithopter"},{"floor":44.0,"key":"Omamori"},{"floor":46,"key":"Singing Bowl"}],"event_choices":[{"damage_healed":0.0,"max_hp_gain":0.0,"max_hp_loss":0.0,"gold_gain":75.0,"event_name":"World of Goop","player_choice":"Gather Gold","floor":2.0,"gold_loss":0.0,"damage_taken":11.0},{"damage_healed":0.0,"max_hp_gain":0.0,"max_hp_loss":0.0,"gold_gain":0.0,"event_name":"Shining Light","player_choice":"Entered Light","floor":3.0,"gold_loss":0.0,"damage_taken":20.0,"cards_upgraded":["Strike_G","Defend_G"]},{"damage_healed":16.0,"max_hp_gain":0.0,"max_hp_loss":0.0,"gold_gain":0.0,"event_name":"The Cleric","player_choice":"Healed","floor":5.0,"gold_loss":35.0,"damage_taken":0.0},{"damage_healed":0.0,"max_hp_gain":0.0,"max_hp_loss":0.0,"gold_gain":0.0,"event_name":"The Mausoleum","player_choice":"Opened","floor":20.0,"gold_loss":0.0,"damage_taken":0.0,"relics_obtained":["Mango"],"cards_obtained":["Writhe"]},{"damage_healed":0.0,"max_hp_gain":0.0,"max_hp_loss":0.0,"gold_gain":0.0,"event_name":"Ghosts","player_choice":"Ignored","floor":22.0,"gold_loss":0.0,"damage_taken":0.0},{"damage_healed":0.0,"max_hp_gain":0.0,"max_hp_loss":0.0,"gold_gain":0.0,"event_name":"Addict","player_choice":"Obtained Relic","floor":28.0,"gold_loss":85.0,"damage_taken":0.0,"relics_obtained":["Letter Opener"]},{"cards_removed":["A Thousand Cuts"],"damage_healed":0.0,"max_hp_gain":0.0,"max_hp_loss":0.0,"gold_gain":0.0,"event_name":"Falling","player_choice":"Removed Power","floor":36.0,"gold_loss":0.0,"damage_taken":0.0},{"damage_healed":0.0,"max_hp_gain":0.0,"max_hp_loss":0.0,"gold_gain":0.0,"event_name":"Upgrade Shrine","player_choice":"Upgraded","floor":38.0,"gold_loss":0.0,"damage_taken":0.0,"cards_upgraded":["Adrenaline"]},{"damage_healed":0,"gold_gain":0,"player_choice":"Upgrade","damage_taken":0,"relics_obtained":["Mark of the Bloom"],"max_hp_gain":0,"max_hp_loss":0,"event_name":"MindBloom","floor":48,"gold_loss":0,"cards_upgraded":["Survivor","Flying Knee","Endless Agony","Adrenaline","Malaise","PiercingWail","Heel Hook","Deflect","All Out Attack","Flying Knee","PiercingWail","Blade Dance","Dash","Die Die Die","Panache","Finisher","Riddle With Holes","Glass Knife","Backflip"]}],"is_beta":false,"boss_relics":[{"not_picked":["Philosopher\u0027s Stone","Ectoplasm"],"picked":"Pandora\u0027s Box"},{"not_picked":["SlaversCollar","Tiny House"],"picked":"WristBlade"}],"items_purged_floors":[19],"is_endless":false,"potions_floor_spawned":[4,6,14,23,27,30,31,33,40,45,46,47],"ascension_level":20}}