{"host":"msfr2axb1w9025n0","time":1612927153,"event":{"mods":["BaseMod","Bestiary","Block Reminder","Colored Map","DeckTracker","Minty Spire (QoL Compilation)","Relic Stats","Weighted Paths"],"gold_per_floor":[110,124,144,160,170,170,202,202,202,202,202,232,197,197,197,296,296,313,313,133,146,146,146,146,146],"floor_reached":24,"language":"ENG","playtime":616,"items_purged":[],"score":406,"play_id":"8d00fd1c-f445-4636-b3dd-024870e74eae","local_time":"20210210101913","is_ascension_mode":true,"campfire_choices":[{"data":"Consume","floor":6.0,"key":"SMITH"},{"data":"Defragment","floor":8.0,"key":"SMITH"},{"data":"Redo","floor":10.0,"key":"SMITH"},{"data":"Electrodynamics","floor":15.0,"key":"SMITH"},{"data":"Creative AI","floor":23,"key":"SMITH"}],"circlet_count":0,"master_deck":["AscendersBane","Strike_B","Strike_B","Strike_B","Strike_B","Defend_B","Defend_B","Defend_B","Defend_B","Zap","Dualcast+1","Consume+1","Redo+1","Melter+1","Glacier","Defragment+1","Coolheaded","Sunder","Electrodynamics+1","Steam","Creative AI+1","Heatsinks","Defragment+1"],"relics":["Cracked Core","NeowsBlessing","Meat on the Bone","Darkstone Periapt","Juzu Bracelet","Sozu","DollysMirror","Singing Bowl"],"acts_visited":["Exordium","TheCity"],"potions_floor_usage":[],"damage_taken":[{"damage":0.0,"enemies":"2 Louse","floor":1.0,"turns":1.0},{"damage":0.0,"enemies":"Small Slimes","floor":2.0,"turns":1.0},{"damage":0.0,"enemies":"Cultist","floor":3.0,"turns":1.0},{"damage":4.0,"enemies":"Red Slaver","floor":4.0,"turns":4.0},{"damage":23.0,"enemies":"Lots of Slimes","floor":5.0,"turns":7.0},{"damage":25.0,"enemies":"Lagavulin","floor":7.0,"turns":7.0},{"damage":6.0,"enemies":"3 Sentries","floor":12.0,"turns":10.0},{"damage":0.0,"enemies":"Slime Boss","floor":16.0,"turns":6.0},{"damage":31.0,"enemies":"Chosen","floor":18.0,"turns":5.0},{"damage":17,"enemies":"2 Thieves","floor":21,"turns":2},{"damage":51,"enemies":"Slavers","floor":24,"turns":3}],"seed_played":"4769766491540196565","potions_obtained":[{"floor":5.0,"key":"Regen Potion"},{"floor":7.0,"key":"EssenceOfSteel"},{"floor":12.0,"key":"LiquidBronze"}],"is_trial":false,"path_per_floor":["M","M","M","M","M","R","E","R","T","R","?","E","?","?","R","B",null,"M","?","$","M","T","R","E"],"character_chosen":"DEFECT","items_purchased":["Heatsinks","DollysMirror"],"campfire_rested":0,"item_purchase_floors":[20,20],"current_hp_per_floor":[68,68,68,64,41,41,31,31,31,31,16,22,40,40,40,40,66,47,47,47,42,42,42,0,0],"gold":146,"neow_bonus":"THREE_ENEMY_KILL","is_daily":false,"chose_seed":false,"campfire_upgraded":5,"win_rate":0.0,"timestamp":1612927153,"path_taken":["M","M","M","M","M","R","E","R","T","R","?","E","?","?","R","BOSS","M","?","$","M","?","R","E"],"items_purchased_type":["Card","Relic"],"build_version":"2020-12-22","purchased_purges":0,"victory":false,"max_hp_per_floor":[75,75,75,75,75,75,75,75,75,75,75,75,75,75,75,75,75,75,75,75,75,75,75,75,75],"relic_stats":{"Darkstone Periapt":0,"Sozu":0,"Singing Bowl":0,"counters":[11,47],"Juzu Bracelet":1,"obtain_stats":[{"Darkstone Periapt":9,"Sozu":17,"NeowsBlessing":0,"Singing Bowl":22,"DollysMirror":20,"Juzu Bracelet":12,"Cracked Core":0,"Meat on the Bone":7},{"Darkstone Periapt":6,"Sozu":8,"NeowsBlessing":0,"Singing Bowl":10,"DollysMirror":9,"Juzu Bracelet":7,"Cracked Core":0,"Meat on the Bone":6},{"Darkstone Periapt":21,"Sozu":37,"NeowsBlessing":0,"Singing Bowl":44,"DollysMirror":42,"Juzu Bracelet":31,"Cracked Core":0,"Meat on the Bone":21}],"Meat on the Bone":36},"card_choices":[{"not_picked":["Beam Cell","Steam"],"picked":"Consume","floor":1.0},{"not_picked":["Recycle","Undo"],"picked":"Redo","floor":2.0},{"not_picked":["Go for the Eyes","Sweeping Beam"],"picked":"Melter","floor":3.0},{"not_picked":["Cold Snap","Beam Cell"],"picked":"Glacier","floor":4.0},{"not_picked":["Darkness","Doom and Gloom"],"picked":"Defragment","floor":5.0},{"not_picked":["Biased Cognition","Force Field"],"picked":"Coolheaded","floor":7.0},{"not_picked":["Coolheaded","Loop"],"picked":"Sunder","floor":12.0},{"not_picked":["Meteor Strike","All For One"],"picked":"Creative AI","floor":16.0},{"not_picked":["Barrage+1","Recycle","Consume"],"picked":"SKIP","floor":18.0},{"not_picked":["Rebound","Stack","Streamline"],"picked":"SKIP","floor":21}],"player_experience":310214,"relics_obtained":[{"floor":7.0,"key":"Meat on the Bone"},{"floor":9.0,"key":"Darkstone Periapt"},{"floor":12.0,"key":"Juzu Bracelet"},{"floor":22,"key":"Singing Bowl"}],"event_choices":[{"damage_healed":0.0,"max_hp_gain":0.0,"max_hp_loss":0.0,"gold_gain":0.0,"event_name":"Shining Light","player_choice":"Entered Light","floor":11.0,"gold_loss":0.0,"damage_taken":15.0,"cards_upgraded":["Dualcast","Melter"]},{"damage_healed":18.0,"max_hp_gain":0.0,"max_hp_loss":0.0,"gold_gain":0.0,"event_name":"The Cleric","player_choice":"Healed","floor":13.0,"gold_loss":35.0,"damage_taken":0.0},{"damage_healed":0.0,"max_hp_gain":0.0,"max_hp_loss":0.0,"gold_gain":0.0,"event_name":"Match and Keep!","player_choice":"2 cards matched","floor":14.0,"gold_loss":0.0,"damage_taken":0.0,"cards_obtained":["Electrodynamics","Steam"]},{"damage_healed":0,"gold_gain":0,"player_choice":"Got Potions","damage_taken":0,"max_hp_gain":0,"max_hp_loss":0,"event_name":"Lab","floor":19,"gold_loss":0}],"is_beta":false,"boss_relics":[{"not_picked":["Nuclear Battery","Coffee Dripper"],"picked":"Sozu"}],"items_purged_floors":[],"is_endless":false,"potions_floor_spawned":[5,7,12],"killed_by":"Slavers","ascension_level":12}}