{"host":"65rm4qqaiasr6gs9","time":1612968753,"event":{"mods":["AchievementEnabler","Aspiration","BaseMod","Better Note","BetterRewards","Block Reminder","Colored Powertips","Conspire","Defuse TimeMaze Blight","Displayed Cursed Tome","Highlight Path","Hubris","Infinite Spire","Mimic Mod","Minty Spire (QoL Compilation)","Relic Sorter","Relic Stats","Replay The Spire","Shop Mod","StSLib","The Construct","The Jungle","The Runesmith"],"gold_per_floor":[115,132,132,1,1,31,31,31,31,31,63,63,63,91,91,106,106,202,202,222,222,222,222,239,239,239],"floor_reached":25,"language":"ENG","playtime":2363,"items_purged":["Strike_R","Strike_R"],"score":262,"play_id":"e836431a-babf-4872-a46f-95ae89cef936","local_time":"20210210145233","is_ascension_mode":true,"campfire_choices":[{"data":"Run Through","floor":8,"key":"SMITH"},{"data":"Defend_R","floor":15,"key":"SMITH"},{"data":"Defend_R","floor":17,"key":"SMITH"}],"circlet_count":0,"master_deck":["Strike_R","Strike_R","Strike_R","Defend_R+1","Defend_R+1","Defend_R","Defend_R","Bash","Run Through+1","Entrench+1","Iron Wave","Pot Of Greed+1","Iron Wave","Pot Of Greed+1","Shrug It Off+1","Pot Of Greed+1","hubris:Gluttony"],"relics":["Burning Blood","Membership Card","hubris:Potato","Counterbalance","Toxic Egg 2","Pear","aspiration:SeaSaltIceCream","hubris:Backtick","Calipers","Pet Ghost","Strawberry","Grinning Jar","Ring of Chaos"],"acts_visited":["Exordium","TheCity"],"potions_floor_usage":[6,11,11,14,18,18,25],"damage_taken":[{"damage":8,"enemies":"Jaw Worm","floor":1,"turns":4},{"damage":1,"enemies":"Cultist","floor":2,"turns":4},{"damage":34,"enemies":"3 Sentries","floor":6,"turns":14},{"damage":25,"enemies":"Lagavulin","floor":11,"turns":8},{"damage":17,"enemies":"3 Sentries","floor":14,"turns":12},{"damage":2,"enemies":"2 Louse","floor":16,"turns":3},{"damage":13,"enemies":"Hexaghost","floor":18,"turns":23},{"damage":53,"enemies":"Shell Parasite","floor":20,"turns":13},{"damage":12,"enemies":"Spheric Guardian","floor":24,"turns":5},{"damage":48,"enemies":"Book of Stabbing","floor":25,"turns":8}],"seed_played":"877409674408676377","potions_obtained":[{"floor":2,"key":"LiquidBronze"},{"floor":5,"key":"CultistPotion"},{"floor":5,"key":"Fire Potion"},{"floor":6,"key":"Energy Potion"},{"floor":14,"key":"Languid Potion"},{"floor":16,"key":"Weak Potion"},{"floor":24,"key":"EssenceOfSteel"}],"is_trial":false,"path_per_floor":["M","M","?","$","?","E","$","R","T","$","E","PTL","PTL","E","R","M","R","B",null,"M","?","?","?","M","E"],"character_chosen":"IRONCLAD","items_purchased":["Membership Card","Shrug It Off","Toxic Egg 2","Pear"],"campfire_rested":0,"item_purchase_floors":[0,0,0,4],"current_hp_per_floor":[78,80,80,90,90,62,62,62,62,62,50,50,50,39,39,43,43,36,97,50,50,50,50,44,0,0],"gold":239,"neow_bonus":"","is_daily":false,"chose_seed":false,"campfire_upgraded":3,"win_rate":0.0,"timestamp":1612968753,"path_taken":["M","M","?","?","?","E","$","R","T","$","E","PTL","PTL","E","E","R","M","R","BOSS","M","?","?","?","?","E"],"items_purchased_type":["Relic","Card","Relic","Relic"],"build_version":"2020-12-22","purchased_purges":2,"victory":false,"max_hp_per_floor":[80,80,80,90,90,90,90,90,90,90,97,97,97,97,97,97,97,97,97,97,97,97,97,97,97,97],"relic_stats":{"counters":[123,452],"obtain_stats":[{"Pear":4,"Calipers":6,"Counterbalance":0,"Ring of Chaos":19,"Juzu Bracelet":9,"aspiration:SeaSaltIceCream":6,"Burning Blood":0,"Pet Ghost":9,"hubris:Backtick":6,"Strawberry":11,"Membership Card":0,"Toxic Egg 2":0,"Grinning Jar":14,"hubris:Potato":0},{"Pear":115,"Calipers":116,"Counterbalance":113,"Ring of Chaos":120,"Juzu Bracelet":109,"aspiration:SeaSaltIceCream":116,"Burning Blood":0,"Pet Ghost":116,"hubris:Backtick":116,"Strawberry":117,"Membership Card":113,"Toxic Egg 2":113,"Grinning Jar":118,"hubris:Potato":113},{"Pear":366,"Calipers":380,"Counterbalance":358,"Ring of Chaos":426,"Juzu Bracelet":340,"aspiration:SeaSaltIceCream":380,"Burning Blood":0,"Pet Ghost":380,"hubris:Backtick":380,"Strawberry":388,"Membership Card":358,"Toxic Egg 2":358,"Grinning Jar":400,"hubris:Potato":358}],"Burning Blood":93},"card_choices":[{"not_picked":["Life Link","Cleave","hubris:ReadiedAction+1"],"picked":"SKIP","floor":1},{"not_picked":["ReplayTheSpireMod:Strike From Hell","Pommel Strike"],"picked":"Entrench+1","floor":2},{"not_picked":["Shockwave+1","Armaments+1","ReplayReversal+1"],"picked":"SKIP","floor":6},{"not_picked":["Shockwave+1","Armaments+1","ReplayReversal+1"],"picked":"SKIP","floor":6},{"not_picked":["Pommel Strike","Reckless Charge"],"picked":"Iron Wave","floor":11},{"not_picked":["hubris:ReadiedAction+1","Wild Strike"],"picked":"Iron Wave","floor":14},{"not_picked":["ReplayTheSpireMod:LeadingStrike","Burning Pact+1","Havoc+1"],"picked":"SKIP","floor":16},{"not_picked":["ReplayTheSpireMod:Corrosion Curse+1","Cleave+1"],"picked":"Shrug It Off+1","floor":20},{"not_picked":["Clothesline+1","Perfected Strike","Flex+1"],"picked":"SKIP","floor":24}],"player_experience":394121,"relics_obtained":[{"floor":6,"key":"aspiration:SeaSaltIceCream"},{"floor":9,"key":"Pet Ghost"},{"floor":11,"key":"Strawberry"},{"floor":14,"key":"Grinning Jar"}],"event_choices":[{"damage_healed":0,"gold_gain":0,"player_choice":"Got Potions","damage_taken":0,"max_hp_gain":0,"max_hp_loss":0,"event_name":"Lab","floor":5,"gold_loss":0},{"cards_removed":["Run Through"],"damage_healed":0,"gold_gain":0,"player_choice":"Take \u0026 Give","damage_taken":0,"max_hp_gain":0,"max_hp_loss":0,"event_name":"betterNote:BetterNote","floor":21,"gold_loss":0,"cards_obtained":["Pot Of Greed"]},{"damage_healed":0,"gold_gain":0,"player_choice":"1 cards matched","damage_taken":0,"max_hp_gain":0,"max_hp_loss":0,"event_name":"Match and Keep!","floor":23,"gold_loss":0,"cards_obtained":["hubris:Gluttony"]}],"is_beta":false,"boss_relics":[{"not_picked":["aspiration:RunesmithSkillbook","hubris:CrackedHourglass"],"picked":"Ring of Chaos"}],"items_purged_floors":[0,0],"is_endless":false,"potions_floor_spawned":[2,6,14,16,24],"killed_by":"Book of Stabbing","ascension_level":2}}