{"host":"2wfkxmfk74kgfdwc","time":1612976903,"event":{"mods":["BaseMod","Colored Map","Colored Powertips","Minty Spire (QoL Compilation)","Permanent Neow","Quick Restart","Relic Filter Mod","Relic Stats","Reliquary","Spire Arcade","StSLib","óô»ðÖ¸ÄÏ"],"gold_per_floor":[115,115,129,129,139,172,133,143,143,143,143,158,172,192,192,192,192],"floor_reached":16,"language":"ZHS","playtime":492,"items_purged":[],"score":146,"play_id":"083eb902-6b38-4ec0-b441-0bd7b3df4505","local_time":"20210211010823","is_ascension_mode":true,"campfire_choices":[{"floor":11.0,"key":"REST"},{"floor":15.0,"key":"REST"}],"circlet_count":0,"master_deck":["Strike_R","Strike_R","Strike_R","Strike_R","Strike_R","Defend_R","Defend_R","Defend_R","Defend_R","Bash","Purity","Clash","Intimidate","Dark Embrace","Pommel Strike","Demon Form","Reaper","Rage"],"relics":["Burning Blood","reliquary:Sideboard","reliquary:NewFriend","Darkstone Periapt"],"acts_visited":["Exordium"],"potions_floor_usage":[16,16],"damage_taken":[{"damage":2.0,"enemies":"2 Louse","floor":1.0,"turns":3.0},{"damage":12.0,"enemies":"Small Slimes","floor":3.0,"turns":3.0},{"damage":4.0,"enemies":"Cultist","floor":5.0,"turns":3.0},{"damage":40.0,"enemies":"3 Sentries","floor":6.0,"turns":10.0},{"damage":10.0,"enemies":"Red Slaver","floor":8.0,"turns":3.0},{"damage":19.0,"enemies":"Large Slime","floor":12.0,"turns":6.0},{"damage":30.0,"enemies":"Gremlin Gang","floor":13.0,"turns":6.0},{"damage":0.0,"enemies":"2 Fungi Beasts","floor":14.0,"turns":3.0},{"damage":39,"enemies":"The Guardian","floor":16,"turns":7}],"seed_played":"-6610096651348896999","potions_obtained":[{"floor":5.0,"key":"FearPotion"},{"floor":12.0,"key":"BlessingOfTheForge"},{"floor":13.0,"key":"Ancient Potion"}],"is_trial":false,"path_per_floor":["M","?","M","?","M","E","$","M","T","$","R","M","M","M","R","B"],"character_chosen":"IRONCLAD","items_purchased":["Dark Embrace"],"campfire_rested":2,"item_purchase_floors":[7],"current_hp_per_floor":[76,64,58,58,60,26,26,22,22,22,46,33,9,15,39,0,0],"gold":192,"neow_bonus":"RANDOM_COLORLESS","is_daily":false,"chose_seed":false,"campfire_upgraded":0,"win_rate":0.0,"timestamp":1612976903,"path_taken":["M","?","M","?","?","E","?","M","T","$","R","M","M","M","R","BOSS"],"items_purchased_type":["Card"],"build_version":"2020-12-22","purchased_purges":0,"victory":false,"max_hp_per_floor":[80,80,80,80,80,80,80,80,80,80,80,80,80,80,80,80,80],"relic_stats":{"Darkstone Periapt":0,"counters":[9,44],"obtain_stats":[{"Darkstone Periapt":9,"reliquary:Sideboard":2,"reliquary:NewFriend":6,"Burning Blood":0},{"Darkstone Periapt":5,"reliquary:Sideboard":1,"reliquary:NewFriend":4,"Burning Blood":0},{"Darkstone Periapt":22,"reliquary:Sideboard":3,"reliquary:NewFriend":19,"Burning Blood":0}],"Burning Blood":48},"card_choices":[{"not_picked":["Deep Breath","Good Instincts"],"picked":"Purity","floor":0.0},{"not_picked":["Clothesline","Havoc"],"picked":"Clash","floor":1.0},{"not_picked":["Twin Strike","Body Slam"],"picked":"Intimidate","floor":3.0},{"not_picked":["Metallicize","Thunderclap","Flex"],"picked":"SKIP","floor":5.0},{"not_picked":["True Grit","Cleave"],"picked":"Demon Form","floor":6.0},{"not_picked":["Body Slam","Perfected Strike"],"picked":"Pommel Strike","floor":8.0},{"not_picked":["Metallicize","Armaments","Thunderclap"],"picked":"SKIP","floor":12.0},{"not_picked":["Clothesline","Disarm"],"picked":"Rage","floor":13.0},{"not_picked":["Headbutt","Perfected Strike"],"picked":"Reaper","floor":14.0}],"player_experience":19997,"relics_obtained":[{"floor":6.0,"key":"reliquary:NewFriend"},{"floor":9.0,"key":"Darkstone Periapt"}],"event_choices":[{"damage_healed":0.0,"max_hp_gain":0.0,"max_hp_loss":0.0,"gold_gain":0.0,"event_name":"Scrap Ooze","player_choice":"Success","floor":2.0,"gold_loss":0.0,"damage_taken":12.0,"relics_obtained":["reliquary:Sideboard"]},{"damage_healed":0.0,"max_hp_gain":0.0,"max_hp_loss":0.0,"gold_gain":0.0,"event_name":"The Woman in Blue","player_choice":"Bought 0 Potions","floor":4.0,"gold_loss":0.0,"damage_taken":0.0}],"is_beta":false,"boss_relics":[],"items_purged_floors":[],"is_endless":false,"potions_floor_spawned":[5,12,13],"killed_by":"The Guardian","ascension_level":8}}