{"host":"x5w9zppki4gdwvc7","time":1612923342,"event":{"mods":["AchievementEnabler","BaseMod","Colored Powertips","DeckTracker","Minty Spire (QoL Compilation)","SuperFastMode"],"gold_per_floor":[109,18,28,28,28,28,66,66,91,4,27,46,89,105,105,231,231,247,247,247,272,288,327,327,350,350,374,397,397,428,444,444,444,444],"floor_reached":33,"language":"ENG","playtime":1428,"items_purged":[],"score":404,"play_id":"f0be6831-c1a1-42b9-9918-28b0053bd88a","local_time":"20210210031542","is_ascension_mode":true,"campfire_choices":[{"data":"Bludgeon","floor":6,"key":"SMITH"},{"data":"Ghostly Armor","floor":8,"key":"SMITH"},{"floor":15,"key":"REST"},{"data":"Enlightenment","floor":24,"key":"SMITH"},{"data":"Shockwave","floor":29,"key":"SMITH"},{"data":"True Grit","floor":32,"key":"SMITH"}],"circlet_count":0,"master_deck":["Strike_R","Strike_R","Strike_R","Strike_R","Defend_R","Defend_R","Defend_R","Defend_R","Bash","Bludgeon+1","PanicButton","Impervious","Ghostly Armor+1","Enlightenment+1","Reaper","Shockwave+1","Juggernaut","Pummel","Anger","Warcry+1","True Grit+1","Impervious","Clumsy","Iron Wave+1","Impervious"],"relics":["Burning Blood","Golden Idol","Potion Belt","Boot","Ancient Tea Set","Cursed Key","Matryoshka","Centennial Puzzle","Charon\u0027s Ashes","Blood Vial"],"acts_visited":["Exordium","TheCity"],"potions_floor_usage":[23,28,28],"damage_taken":[{"damage":0,"enemies":"Cultist","floor":1,"turns":2},{"damage":7,"enemies":"Jaw Worm","floor":3,"turns":3},{"damage":25,"enemies":"3 Sentries","floor":7,"turns":9},{"damage":14,"enemies":"Small Slimes","floor":11,"turns":4},{"damage":11,"enemies":"Looter","floor":12,"turns":2},{"damage":20,"enemies":"Lagavulin","floor":13,"turns":6},{"damage":0,"enemies":"Exordium Thugs","floor":14,"turns":5},{"damage":51,"enemies":"The Guardian","floor":16,"turns":13},{"damage":11,"enemies":"Chosen","floor":18,"turns":5},{"damage":23,"enemies":"Shell Parasite","floor":21,"turns":4},{"damage":25,"enemies":"Centurion and Healer","floor":22,"turns":6},{"damage":27,"enemies":"Book of Stabbing","floor":23,"turns":4},{"damage":19,"enemies":"Shelled Parasite and Fungi","floor":25,"turns":5},{"damage":4,"enemies":"Cultist and Chosen","floor":27,"turns":5},{"damage":7,"enemies":"3 Cultists","floor":28,"turns":4},{"damage":1,"enemies":"Gremlin Leader","floor":30,"turns":7},{"damage":39,"enemies":"Sentry and Sphere","floor":31,"turns":6},{"damage":47,"enemies":"Champ","floor":33,"turns":14}],"seed_played":"3229258007853645837","potions_obtained":[{"floor":7,"key":"EssenceOfSteel"},{"floor":13,"key":"Explosive Potion"},{"floor":16,"key":"DuplicationPotion"},{"floor":18,"key":"LiquidMemories"},{"floor":23,"key":"EssenceOfSteel"},{"floor":25,"key":"PowerPotion"},{"floor":27,"key":"Fruit Juice"},{"floor":28,"key":"DuplicationPotion"}],"is_trial":false,"path_per_floor":["M","$","M","?","?","R","E","R","T","$","M","M","E","M","R","B",null,"M","?","?","M","M","E","R","M","T","M","M","R","E","M","R","B"],"character_chosen":"IRONCLAD","items_purchased":["PanicButton","Enlightenment"],"campfire_rested":1,"item_purchase_floors":[2,10],"current_hp_per_floor":[72,72,71,76,57,57,38,38,38,38,30,25,11,27,50,10,60,61,61,61,50,43,27,27,14,14,28,38,38,53,27,27,0,0],"gold":444,"neow_bonus":"THREE_RARE_CARDS","is_daily":false,"chose_seed":false,"campfire_upgraded":5,"win_rate":0.0,"timestamp":1612923342,"path_taken":["M","$","M","?","?","R","E","R","T","$","M","M","E","M","R","BOSS","M","?","?","M","M","E","R","M","T","?","M","R","E","M","R","BOSS"],"items_purchased_type":["Card","Card"],"build_version":"2020-12-22","purchased_purges":0,"victory":false,"max_hp_per_floor":[72,72,72,77,77,77,77,77,77,77,77,77,77,77,77,77,77,77,77,77,77,77,77,77,77,77,77,82,82,82,82,82,82,82],"card_choices":[{"not_picked":["Corruption","Demon Form"],"picked":"Bludgeon","floor":0},{"not_picked":["Sword Boomerang","Feel No Pain","Metallicize"],"picked":"SKIP","floor":1},{"not_picked":["True Grit","Pommel Strike"],"picked":"Impervious","floor":3},{"not_picked":["Body Slam","Heavy Blade"],"picked":"Ghostly Armor","floor":7},{"not_picked":["Havoc","True Grit","Pommel Strike"],"picked":"SKIP","floor":11},{"not_picked":["True Grit","Heavy Blade","Headbutt"],"picked":"SKIP","floor":12},{"not_picked":["Cleave","Clash"],"picked":"Reaper","floor":13},{"not_picked":["Spot Weakness","Rupture"],"picked":"Shockwave","floor":14},{"not_picked":["Reaper","Berserk"],"picked":"Juggernaut","floor":16},{"not_picked":["Perfected Strike","Warcry","Clothesline"],"picked":"SKIP","floor":18},{"not_picked":["Pommel Strike","Battle Trance"],"picked":"Anger","floor":21},{"not_picked":["Body Slam","Thunderclap"],"picked":"Warcry+1","floor":22},{"not_picked":["Headbutt","Fire Breathing"],"picked":"True Grit","floor":23},{"not_picked":["Twin Strike+1","Anger"],"picked":"Impervious","floor":25},{"not_picked":["Inflame","Anger","Flex"],"picked":"SKIP","floor":27},{"not_picked":["Brutality","Armaments+1"],"picked":"Iron Wave+1","floor":28},{"not_picked":["Havoc+1","Spot Weakness","Sword Boomerang"],"picked":"SKIP","floor":30},{"not_picked":["Cleave","Pummel"],"picked":"Impervious","floor":31}],"player_experience":592175,"relics_obtained":[{"floor":7,"key":"Potion Belt"},{"floor":9,"key":"Boot"},{"floor":13,"key":"Ancient Tea Set"},{"floor":23,"key":"Matryoshka"},{"floor":26,"key":"Centennial Puzzle"},{"floor":26,"key":"Charon\u0027s Ashes"},{"floor":30,"key":"Blood Vial"}],"event_choices":[{"damage_healed":0,"gold_gain":0,"player_choice":"Donut","damage_taken":0,"max_hp_gain":5,"max_hp_loss":0,"event_name":"Big Fish","floor":4,"gold_loss":0},{"damage_healed":0,"gold_gain":0,"player_choice":"Take Damage","damage_taken":19,"relics_obtained":["Golden Idol"],"max_hp_gain":0,"max_hp_loss":0,"event_name":"Golden Idol","floor":5,"gold_loss":0},{"damage_healed":0,"gold_gain":0,"player_choice":"Read","damage_taken":0,"max_hp_gain":0,"max_hp_loss":0,"event_name":"The Library","floor":19,"gold_loss":0,"cards_obtained":["Pummel"]},{"cards_removed":["Strike_R"],"damage_healed":0,"gold_gain":0,"player_choice":"Card Removal","damage_taken":0,"max_hp_gain":0,"max_hp_loss":0,"event_name":"Wheel of Change","floor":20,"gold_loss":0}],"is_beta":false,"boss_relics":[{"not_picked":["Black Star","Runic Dome"],"picked":"Cursed Key"}],"items_purged_floors":[],"is_endless":false,"potions_floor_spawned":[7,13,16,18,23,25,27,28],"killed_by":"Champ","ascension_level":7}}