{"host":"p9vmbvw2hh2n16dn","time":1612979553,"event":{"mods":["AchievementEnabler","BaseMod","Block Reminder","Minty Spire (QoL Compilation)","Relic Stats","SuperFastMode"],"gold_per_floor":[117,128,108,120,131,131,165,184,207,238,238,238,304,318,318,318,318],"floor_reached":16,"language":"ENG","playtime":518,"items_purged":[],"score":300,"play_id":"a34b3a70-2fdd-4cfb-b487-1e31bbcdaefa","local_time":"20210210185233","is_ascension_mode":true,"campfire_choices":[{"data":"Whirlwind","floor":6.0,"key":"SMITH"},{"data":"Shockwave","floor":11.0,"key":"SMITH"},{"data":"Armaments","floor":15.0,"key":"SMITH"}],"circlet_count":0,"master_deck":["AscendersBane","Strike_R","Strike_R","Strike_R","Strike_R","Strike_R","Defend_R","Defend_R","Defend_R","Defend_R","Bash","Cleave","Whirlwind+1","Shockwave+1","Dual Wield","Immolate","Armaments+1","Disarm"],"relics":["Burning Blood","Dream Catcher","Mango","Tiny Chest","Anchor","PreservedInsect"],"acts_visited":["Exordium"],"potions_floor_usage":[16],"damage_taken":[{"damage":7.0,"enemies":"2 Louse","floor":1.0,"turns":4.0},{"damage":12.0,"enemies":"Cultist","floor":2.0,"turns":4.0},{"damage":14.0,"enemies":"Jaw Worm","floor":4.0,"turns":5.0},{"damage":13.0,"enemies":"Gremlin Gang","floor":5.0,"turns":3.0},{"damage":25.0,"enemies":"Gremlin Nob","floor":7.0,"turns":4.0},{"damage":11.0,"enemies":"Red Slaver","floor":8.0,"turns":4.0},{"damage":10.0,"enemies":"3 Sentries","floor":10.0,"turns":5.0},{"damage":0.0,"enemies":"3 Louse","floor":14.0,"turns":2.0},{"damage":34,"enemies":"Slime Boss","floor":16,"turns":9}],"seed_played":"7123809349088796550","potions_obtained":[{"floor":2.0,"key":"EssenceOfSteel"},{"floor":3.0,"key":"Ancient Potion"},{"floor":7.0,"key":"Strength Potion"},{"floor":14.0,"key":"Swift Potion"}],"is_trial":false,"path_per_floor":["M","M","?","M","M","R","E","M","T","E","R","?","?","M","R","B"],"character_chosen":"IRONCLAD","items_purchased":[],"campfire_rested":0,"item_purchase_floors":[],"current_hp_per_floor":[67,61,61,53,46,46,41,36,36,32,32,21,21,27,27,0,0],"gold":318,"neow_bonus":"RANDOM_COMMON_RELIC","is_daily":false,"chose_seed":false,"campfire_upgraded":3,"win_rate":0.0,"timestamp":1612979553,"path_taken":["M","M","?","M","?","R","E","M","T","E","R","?","?","M","R","BOSS"],"items_purchased_type":[],"build_version":"2020-12-22","purchased_purges":0,"victory":false,"max_hp_per_floor":[75,75,75,75,75,75,89,89,89,89,89,89,89,89,89,89,89],"relic_stats":{"Dream Catcher":0,"counters":[9,40],"Tiny Chest":0,"PreservedInsect":0,"obtain_stats":[{"Dream Catcher":0,"Anchor":10,"Mango":7,"Tiny Chest":9,"PreservedInsect":12,"Burning Blood":0},{"Dream Catcher":0,"Anchor":7,"Mango":5,"Tiny Chest":6,"PreservedInsect":7,"Burning Blood":0},{"Dream Catcher":0,"Anchor":29,"Mango":20,"Tiny Chest":24,"PreservedInsect":29,"Burning Blood":0}],"Burning Blood":48},"card_choices":[{"not_picked":["Thunderclap","Havoc"],"picked":"Cleave","floor":1.0},{"not_picked":["Iron Wave","Anger"],"picked":"Whirlwind","floor":2.0},{"not_picked":["Dark Embrace","Warcry"],"picked":"Shockwave","floor":4.0},{"not_picked":["Iron Wave","Havoc","Thunderclap"],"picked":"SKIP","floor":5.0},{"not_picked":["Havoc","Flex"],"picked":"Dual Wield","floor":7.0},{"not_picked":["Heavy Blade","Carnage"],"picked":"Immolate","floor":8.0},{"not_picked":["Berserk","Power Through"],"picked":"Armaments","floor":10.0},{"not_picked":["Body Slam","Shrug It Off"],"picked":"Disarm","floor":14.0}],"player_experience":315712,"relics_obtained":[{"floor":7.0,"key":"Mango"},{"floor":9.0,"key":"Tiny Chest"},{"floor":10.0,"key":"Anchor"}],"event_choices":[{"damage_healed":0.0,"max_hp_gain":0.0,"max_hp_loss":0.0,"gold_gain":0.0,"event_name":"The Woman in Blue","player_choice":"Bought 1 Potion","floor":3.0,"gold_loss":0.0,"damage_taken":0.0},{"damage_healed":0.0,"max_hp_gain":0.0,"max_hp_loss":0.0,"gold_gain":0.0,"event_name":"Scrap Ooze","player_choice":"Success","floor":12.0,"gold_loss":0.0,"damage_taken":11.0,"relics_obtained":["PreservedInsect"]},{"damage_healed":0.0,"max_hp_gain":0.0,"max_hp_loss":0.0,"gold_gain":66.0,"event_name":"Golden Wing","player_choice":"Gained Gold","floor":13.0,"gold_loss":0.0,"damage_taken":0.0}],"is_beta":false,"boss_relics":[],"items_purged_floors":[],"is_endless":false,"potions_floor_spawned":[2,5,7,14],"killed_by":"Slime Boss","ascension_level":17}}