{"host":"sxnl403xm2xmiyj1","time":1612956577,"event":{"mods":["AchievementEnabler","BaseMod","Colored Map","Keyboard Shortcuts","Minty Spire (QoL Compilation)","Quick Restart","StSLib","SuperFastMode"],"gold_per_floor":[111,6,106,118,131,161,161,161,186,217,228,228,282,314,314,389,389,403,26,42,69,69,69],"floor_reached":22,"language":"KOR","playtime":448,"items_purged":["Strike_G"],"score":409,"play_id":"6247080d-4cd8-4487-9c99-343ca478b12d","local_time":"20210210202937","is_ascension_mode":true,"campfire_choices":[{"data":"Noxious Fumes","floor":8.0,"key":"SMITH"},{"data":"Catalyst","floor":12.0,"key":"SMITH"},{"data":"A Thousand Cuts","floor":15.0,"key":"SMITH"}],"circlet_count":0,"master_deck":["AscendersBane","Strike_G","Strike_G","Strike_G","Strike_G","Defend_G","Defend_G","Defend_G","Defend_G","Defend_G","Survivor","Neutralize","A Thousand Cuts+1","Noxious Fumes+1","Noxious Fumes+1","Bane","Dagger Throw","Bane","Deflect","Deadly Poison","Catalyst+1","Tactician","After Image","PiercingWail","Blur","Concentrate+1"],"relics":["Ring of the Snake","Smiling Mask","Potion Belt","Eternal Feather","Toy Ornithopter","Bronze Scales","Coffee Dripper","Calipers","Red Mask"],"acts_visited":["Exordium","TheCity"],"potions_floor_usage":[],"damage_taken":[{"damage":6.0,"enemies":"Cultist","floor":1.0,"turns":4.0},{"damage":2.0,"enemies":"2 Louse","floor":4.0,"turns":3.0},{"damage":2.0,"enemies":"Jaw Worm","floor":5.0,"turns":5.0},{"damage":22.0,"enemies":"3 Sentries","floor":6.0,"turns":7.0},{"damage":10.0,"enemies":"Lagavulin","floor":10.0,"turns":6.0},{"damage":4.0,"enemies":"Blue Slaver","floor":11.0,"turns":4.0},{"damage":27.0,"enemies":"Gremlin Nob","floor":14.0,"turns":4.0},{"damage":8.0,"enemies":"Hexaghost","floor":16.0,"turns":7.0},{"damage":14.0,"enemies":"Spheric Guardian","floor":18.0,"turns":5.0},{"damage":0.0,"enemies":"3 Byrds","floor":20.0,"turns":3.0},{"damage":4.0,"enemies":"Masked Bandits","floor":21.0,"turns":3.0},{"damage":33,"enemies":"3 Cultists","floor":22,"turns":4}],"seed_played":"6749985391480164618","potions_obtained":[{"floor":5.0,"key":"LiquidMemories"},{"floor":6.0,"key":"SkillPotion"},{"floor":11.0,"key":"Dexterity Potion"},{"floor":14.0,"key":"SkillPotion"},{"floor":18.0,"key":"ColorlessPotion"}],"is_trial":false,"path_per_floor":["M","$","?","M","M","E","?","R","T","E","M","R","T","E","R","B",null,"M","$","M","?","M"],"character_chosen":"THE_SILENT","items_purchased":["Noxious Fumes","Bane","Calipers"],"campfire_rested":0,"item_purchase_floors":[2,2,19],"current_hp_per_floor":[53,53,53,51,49,27,27,27,27,17,13,25,25,8,20,12,48,34,34,34,40,7,7],"gold":69,"neow_bonus":"THREE_RARE_CARDS","is_daily":false,"chose_seed":false,"campfire_upgraded":3,"win_rate":0.0,"timestamp":1612956577,"path_taken":["M","?","?","M","?","E","?","R","T","E","M","R","?","E","R","BOSS","M","$","M","?","M"],"items_purchased_type":["Card","Card","Relic"],"build_version":"2020-12-22","purchased_purges":1,"victory":false,"max_hp_per_floor":[60,60,60,60,60,60,60,60,60,60,60,60,60,60,60,60,60,60,60,60,60,60,60],"card_choices":[{"not_picked":["Doppelganger","Wraith Form v2"],"picked":"A Thousand Cuts","floor":0.0},{"not_picked":["Backflip","Flying Knee"],"picked":"Noxious Fumes","floor":1.0},{"not_picked":["Concentrate","Dagger Spray"],"picked":"Dagger Throw","floor":4.0},{"not_picked":["Acrobatics","Caltrops"],"picked":"Bane","floor":5.0},{"not_picked":["Riddle With Holes","Skewer"],"picked":"Deflect","floor":6.0},{"not_picked":["Deflect","Outmaneuver"],"picked":"Deadly Poison","floor":10.0},{"not_picked":["Envenom","Dash"],"picked":"Catalyst","floor":11.0},{"not_picked":["Flying Knee","Underhanded Strike"],"picked":"Tactician","floor":14.0},{"not_picked":["Burst","Unload"],"picked":"After Image","floor":16.0},{"not_picked":["Dagger Spray","Quick Slash+1"],"picked":"PiercingWail","floor":18.0},{"not_picked":["Dagger Spray","Poisoned Stab+1"],"picked":"Blur","floor":20.0},{"not_picked":["Flying Knee","Underhanded Strike"],"picked":"Concentrate+1","floor":21.0}],"player_experience":209320,"relics_obtained":[{"floor":6.0,"key":"Smiling Mask"},{"floor":9.0,"key":"Potion Belt"},{"floor":10.0,"key":"Eternal Feather"},{"floor":13.0,"key":"Toy Ornithopter"},{"floor":14.0,"key":"Bronze Scales"},{"floor":21.0,"key":"Red Mask"}],"event_choices":[{"damage_healed":0.0,"max_hp_gain":0.0,"max_hp_loss":0.0,"gold_gain":100.0,"event_name":"Wheel of Change","player_choice":"Gold","floor":3.0,"gold_loss":0.0,"damage_taken":0.0},{"damage_healed":0.0,"max_hp_gain":0.0,"max_hp_loss":0.0,"gold_gain":0.0,"event_name":"Living Wall","player_choice":"Grow","floor":7.0,"gold_loss":0.0,"damage_taken":0.0,"cards_upgraded":["Noxious Fumes"]},{"damage_healed":0.0,"max_hp_gain":0.0,"max_hp_loss":0.0,"gold_gain":0.0,"event_name":"Masked Bandits","player_choice":"Fought Bandits","floor":21.0,"gold_loss":0.0,"damage_taken":0.0}],"is_beta":false,"boss_relics":[{"not_picked":["Philosopher\u0027s Stone","Busted Crown"],"picked":"Coffee Dripper"}],"items_purged_floors":[19],"is_endless":false,"potions_floor_spawned":[5,6,11,14,18],"killed_by":"3 Cultists","ascension_level":16}}