{"host":"d6ni0fvdmr494qs7","time":1612947468,"event":{"mods":["ATMod(°¢èªMod)","BaseMod","Colored Powertips","Minty Spire (QoL Compilation)","Replay The Spire","Spicy Shops","StSLib","The Blue Laboratory","¡¾ÒÅÎï¿¨ÅÆ¡¿REMEMod"],"gold_per_floor":[113,113,127,52,0,27,27,55,101,115,128,147,147,147,147,244,244,264,280,340,570,587,587,587],"floor_reached":23,"language":"ZHS","playtime":1328,"items_purged":["Strike_P"],"score":329,"play_id":"5c193572-7659-43ee-be7f-1f1b44c83948","local_time":"20210210165748","is_ascension_mode":true,"campfire_choices":[{"data":"Eruption","floor":7.0,"key":"SMITH"},{"data":"Blasphemy","floor":13.0,"key":"SMITH"},{"data":"AT_TinkerSharpsword","floor":15.0,"key":"SMITH"}],"circlet_count":0,"master_deck":["Strike_P","Strike_P","Strike_P","Defend_P","Defend_P","Defend_P","Defend_P","Eruption+1","Vigilance","AT_KingSlayer+1","AT_TinkerSharpsword+1","FlyingSleeves","Replay:AtTheReady","FlurryOfBlows","Blasphemy+1","Replay:BluntJabs","SpiritShield","FollowUp"],"relics":["PureWater","AT_ATBox","REME_ComplimentaryCards","NeowsBlessing","AT_EbonyIvory","Happy Flower","Centennial Puzzle","SsserpentHead","Ring of Chaos"],"acts_visited":["Exordium","TheCity"],"potions_floor_usage":[23],"damage_taken":[{"damage":0.0,"enemies":"Jaw Worm","floor":1.0,"turns":1.0},{"damage":0.0,"enemies":"Cultist","floor":3.0,"turns":1.0},{"damage":0.0,"enemies":"Gremlin Nob","floor":6.0,"turns":1.0},{"damage":10.0,"enemies":"Lagavulin","floor":8.0,"turns":5.0},{"damage":0.0,"enemies":"2 Louse","floor":10.0,"turns":2.0},{"damage":2.0,"enemies":"Lots of Slimes","floor":11.0,"turns":4.0},{"damage":0.0,"enemies":"3 Louse","floor":12.0,"turns":3.0},{"damage":36.0,"enemies":"The Guardian","floor":16.0,"turns":8.0},{"damage":0.0,"enemies":"Chosen","floor":18.0,"turns":3.0},{"damage":0.0,"enemies":"3 Byrds","floor":19.0,"turns":4.0},{"damage":7.0,"enemies":"Cultist and Chosen","floor":20.0,"turns":3.0},{"damage":9.0,"enemies":"Centurion and Healer","floor":22.0,"turns":3.0},{"damage":23,"enemies":"Gremlin Leader","floor":23,"turns":2}],"seed_played":"-2203284399479501500","potions_obtained":[{"floor":3.0,"key":"Milkshake"},{"floor":8.0,"key":"Swift Potion"},{"floor":11.0,"key":"blueLaboratory:MidnightOil"},{"floor":20.0,"key":"Reflective Coating"},{"floor":22.0,"key":"Reflective Coating"}],"is_trial":false,"path_per_floor":["M","?","M","$","$","E","R","E","T","M","M","M","R","?","R","B",null,"M","M","M","?","M","E"],"character_chosen":"WATCHER","items_purchased":["FlurryOfBlows"],"campfire_rested":0,"item_purchase_floors":[5],"current_hp_per_floor":[65,65,65,65,65,65,65,55,55,55,53,53,53,53,53,17,58,58,58,51,32,23,0,0],"gold":587,"neow_bonus":"THREE_ENEMY_KILL","is_daily":false,"chose_seed":false,"campfire_upgraded":3,"win_rate":0.0,"timestamp":1612947468,"path_taken":["M","?","M","?","$","E","R","E","T","M","?","M","R","?","R","BOSS","M","M","?","?","M","E"],"items_purchased_type":["Card"],"build_version":"2020-12-22","purchased_purges":1,"victory":false,"max_hp_per_floor":[72,72,72,72,72,72,72,72,72,72,72,72,72,72,72,72,72,72,72,72,72,72,72,72],"card_choices":[{"not_picked":["Crescendo","CutThroughFate"],"picked":"FlyingSleeves","floor":1.0},{"not_picked":["Wallop","EmptyFist"],"picked":"Replay:AtTheReady","floor":3.0},{"not_picked":["ReachHeaven","AT_DivineConfetti","ForeignInfluence"],"picked":"SKIP","floor":6.0},{"not_picked":["Consecrate","ReachHeaven"],"picked":"Blasphemy","floor":8.0},{"not_picked":["WaveOfTheHand","Wireheading"],"picked":"Replay:BluntJabs","floor":10.0},{"not_picked":["Replay:DivineShield","FearNoEvil","FlurryOfBlows"],"picked":"SKIP","floor":11.0},{"not_picked":["Replay:BluntJabs","PathToVictory","Crescendo"],"picked":"SKIP","floor":12.0},{"not_picked":["REME_CRH","DevaForm"],"picked":"SpiritShield","floor":16.0},{"not_picked":["ThirdEye","AT_RealFormLess+1","Fasting2"],"picked":"SKIP","floor":18.0},{"not_picked":["Replay:AtTheReady","CutThroughFate"],"picked":"FollowUp","floor":19.0},{"not_picked":["Replay:Vibes","MentalFortress+1","PathToVictory"],"picked":"SKIP","floor":20.0},{"not_picked":["Indignation","Protect","BowlingBash"],"picked":"SKIP","floor":22.0}],"player_experience":188803,"relics_obtained":[{"floor":6.0,"key":"AT_EbonyIvory"},{"floor":8.0,"key":"Happy Flower"},{"floor":9.0,"key":"Centennial Puzzle"}],"event_choices":[{"damage_healed":0.0,"max_hp_gain":0.0,"max_hp_loss":0.0,"gold_gain":0.0,"event_name":"Upgrade Shrine","player_choice":"Upgraded","floor":2.0,"gold_loss":0.0,"damage_taken":0.0,"cards_upgraded":["AT_KingSlayer"]},{"damage_healed":0.0,"max_hp_gain":0.0,"max_hp_loss":0.0,"gold_gain":0.0,"event_name":"FaceTrader","player_choice":"Trade","floor":14.0,"gold_loss":0.0,"damage_taken":0.0,"relics_obtained":["SsserpentHead"]},{"damage_healed":0.0,"max_hp_gain":0.0,"max_hp_loss":0.0,"gold_gain":180.0,"event_name":"Knowing Skull","player_choice":"GOLD GOLD ","floor":21.0,"potions_obtained":[],"gold_loss":0.0,"damage_taken":19.0,"cards_obtained":[]}],"is_beta":false,"boss_relics":[{"not_picked":["ReplayTheSpireMod:DimensionalGlitch","Replay:Drink Me"],"picked":"Ring of Chaos"}],"items_purged_floors":[4],"is_endless":false,"potions_floor_spawned":[3,8,11,20,22],"killed_by":"Gremlin Leader","ascension_level":6}}