{"host":"gbgc43u9lfev3bcz","time":1612942916,"event":{"mods":["BaseMod","Better Note","Challenge The Spire","Colored Map","Downfall","Minty Spire (QoL Compilation)","StSLib"],"gold_per_floor":[99,99,99,99,99,199,199,199,199,219,238,255,255,255,268,372,372,372,390,490,507,524,26,26,38,38,23,53,4,4,16,36,137,137,37,52,65,79,79,98,98,111,111,111,111],"floor_reached":43,"language":"ENG","playtime":2614,"items_purged":["hexamod:Strike"],"score":440,"play_id":"27ae6f1b-3004-479b-a370-8159033d72d4","local_time":"20210210014156","is_ascension_mode":false,"campfire_choices":[{"data":"hexamod:Float","floor":1.0,"key":"SMITH"},{"data":"hexamod:GhostLash","floor":13.0,"key":"SMITH"},{"floor":18.0,"key":"RECALL"},{"floor":26.0,"key":"REST"},{"floor":30.0,"key":"REST"},{"floor":35.0,"key":"REST"}],"circlet_count":0,"master_deck":["hexamod:Strike+1","hexamod:Defend+1","hexamod:Defend+1","hexamod:Defend+1","hexamod:Defend+1","hexamod:Sear+1","hexamod:Float+1","hexamod:EtherealExpedition","hexamod:ThirdSeal","hexamod:NightmareStrike+1","hexamod:SixthSeal","hexamod:NightmareGuise+1","hexamod:GhostLash+1","hexamod:Hexaguard+1","hexamod:GhostOfSpirePast+1","hexamod:Hexaguard","hexamod:VolcanoVisage+1","hexamod:ParanormalForm+1","hexamod:HeatShield+1","hexamod:NightmareGuise+1","hexamod:Hexaguard+1","hexamod:ThermalTransfer","hexamod:RainOfEmbers+1","hexamod:UnleashSpirits+1","hexamod:HeatMetal+1","hexamod:GhostLash+1","hexamod:EtherealExpedition","hexamod:HeatCrush+1","hexamod:Again+1","hexamod:BurningTouch+1","hexamod:ParanormalForm","hexamod:GhostLash+1","hexamod:RainOfEmbers","hexamod:ExtraCrispy"],"relics":["hexamod:SpiritBrand","downfall:HeartsMalice","Bottled Lightning","Fusion Hammer","Toy Ornithopter","Pen Nib","Membership Card","Pantograph","Whetstone","Sozu","downfall:HeartBlessingRed"],"acts_visited":["Exordium","TheCity","TheBeyond"],"potions_floor_usage":[43,43],"damage_taken":[{"damage":0.0,"enemies":"2 Louse","floor":2.0,"turns":1.0},{"damage":0.0,"enemies":"Small Slimes","floor":3.0,"turns":1.0},{"damage":0.0,"enemies":"Cultist","floor":8.0,"turns":1.0},{"damage":18.0,"enemies":"Large Slime","floor":10.0,"turns":6.0},{"damage":16.0,"enemies":"Exordium Wildlife","floor":11.0,"turns":4.0},{"damage":14.0,"enemies":"Blue Slaver","floor":12.0,"turns":4.0},{"damage":8.0,"enemies":"Exordium Thugs","floor":15.0,"turns":4.0},{"damage":3.0,"enemies":"IC_STATUS_ARCHETYPE","floor":16.0,"turns":7.0},{"damage":19.0,"enemies":"3 Byrds","floor":19.0,"turns":5.0},{"damage":10.0,"enemies":"downfall:LadyInBlue","floor":20.0,"turns":9.0},{"damage":0.0,"enemies":"Shell Parasite","floor":21.0,"turns":5.0},{"damage":0.0,"enemies":"Snecko","floor":22.0,"turns":5.0},{"damage":0.0,"enemies":"downfall:FleeingMerchant","floor":23.0,"turns":4.0},{"damage":5.0,"enemies":"Centurion and Healer","floor":25.0,"turns":5.0},{"damage":0.0,"enemies":"downfall:FleeingMerchant","floor":27.0,"turns":4.0},{"damage":19.0,"enemies":"Gremlin Leader","floor":28.0,"turns":6.0},{"damage":0.0,"enemies":"downfall:FleeingMerchant","floor":29.0,"turns":4.0},{"damage":5.0,"enemies":"Shelled Parasite and Fungi","floor":31.0,"turns":3.0},{"damage":0.0,"enemies":"Snecko","floor":32.0,"turns":2.0},{"damage":30.0,"enemies":"WA_ARCHETYPE_CALM","floor":33.0,"turns":7.0},{"damage":0.0,"enemies":"Orb Walker","floor":36.0,"turns":3.0},{"damage":33.0,"enemies":"3 Darklings","floor":37.0,"turns":5.0},{"damage":25.0,"enemies":"Transient","floor":38.0,"turns":5.0},{"damage":57.0,"enemies":"Writhing Mass","floor":40.0,"turns":4.0},{"damage":3.0,"enemies":"Sphere and 2 Shapes","floor":42.0,"turns":5.0},{"damage":46,"enemies":"Giant Head","floor":43,"turns":6}],"seed_played":"580658374154806995","potions_obtained":[{"floor":10.0,"key":"Regen Potion"},{"floor":11.0,"key":"Regen Potion"},{"floor":20.0,"key":"Guardian:BlockOnCardUsePotion"},{"floor":20.0,"key":"LiquidMemories"},{"floor":28.0,"key":"sneckomod:MuddlingPotion"}],"is_trial":false,"path_per_floor":["R","M","M","?","?","?","T","M","?","M","M","M","R","?","M","B",null,"R","M","?","M","M","$","T","M","R","$","E","$","R","M","M","B",null,"R","M","M","M","?","M","T","M","E"],"character_chosen":"THE_SPIRIT","items_purchased":["hexamod:UnleashSpirits","Pen Nib","Membership Card","hexamod:HeatCrush"],"campfire_rested":3,"item_purchase_floors":[23,23,23,29],"current_hp_per_floor":[70,70,70,70,70,70,70,70,70,52,36,22,22,22,14,26,70,70,51,41,41,41,46,46,41,62,62,43,43,64,59,59,40,70,70,70,37,12,80,23,23,20,0,0,0],"gold":111,"neow_bonus":"THREE_ENEMY_KILL","is_daily":false,"chose_seed":false,"campfire_upgraded":2,"win_rate":0.0,"timestamp":1612942916,"path_taken":["R","M","M","?","?","?","T","M","?","?","M","M","R","?","M","BOSS","R","M","?","M","M","?","T","?","R","$","E","$","R","M","M","BOSS","R","M","M","M","?","M","T","?","E"],"items_purchased_type":["Card","Relic","Relic","Card"],"build_version":"2020-12-22","purchased_purges":1,"victory":false,"max_hp_per_floor":[70,70,70,70,70,70,70,70,70,70,70,70,70,70,70,70,70,70,70,70,70,70,70,70,70,70,70,70,70,70,70,70,70,70,70,70,70,70,80,80,80,80,80,80,80],"card_choices":[{"not_picked":["hexamod:BurningTouch","hexamod:SpectersWail"],"picked":"hexamod:EtherealExpedition","floor":2.0},{"not_picked":["hexamod:Firestarter","hexamod:NightmareGuise"],"picked":"hexamod:ShieldOfDarkness","floor":3.0},{"not_picked":["hexamod:BurningTouch","hexamod:HeatShield"],"picked":"hexamod:NightmareStrike","floor":8.0},{"not_picked":["hexamod:HeatCrush","hexamod:Again"],"picked":"hexamod:SixthSeal","floor":10.0},{"not_picked":["hexamod:InspiringFlames","hexamod:FastForward"],"picked":"hexamod:NightmareGuise","floor":10.0},{"not_picked":["hexamod:HauntingEcho","hexamod:HeatShield"],"picked":"hexamod:GhostLash","floor":11.0},{"not_picked":["hexamod:HeatMetal","hexamod:GhostLash"],"picked":"hexamod:Hexaguard","floor":11.0},{"not_picked":["hexamod:BacktrackSmack","hexamod:FirstSeal"],"picked":"hexamod:GhostOfSpirePast","floor":12.0},{"not_picked":["hexamod:UnlimitedPower","hexamod:NightmareStrike","hexamod:HauntingEcho"],"picked":"SKIP","floor":12.0},{"not_picked":["hexamod:NightmareStrike","hexamod:ShieldOfDarkness"],"picked":"hexamod:Hexaguard","floor":15.0},{"not_picked":["hexamod:FifthSeal","hexamod:GhostOfSpirePresent"],"picked":"hexamod:VolcanoVisage","floor":16.0},{"not_picked":["hexamod:GhostOfSpirePresent","hexamod:TurnItUp"],"picked":"hexamod:ParanormalForm","floor":16.0},{"not_picked":["hexamod:HeatMetal","hexamod:NightmareGuise"],"picked":"hexamod:HeatShield+1","floor":19.0},{"not_picked":["hexamod:ChargedBarrage","hexamod:HauntingEcho"],"picked":"hexamod:NightmareGuise","floor":19.0},{"not_picked":["hexamod:RecurringNightmare","hexamod:HeatShield+1"],"picked":"hexamod:Hexaguard","floor":20.0},{"not_picked":["hexamod:SixthSeal","hexamod:BurningTouch"],"picked":"hexamod:ThermalTransfer","floor":21.0},{"not_picked":["hexamod:SpectralAdrenaline+1","hexamod:HeatMetal+1"],"picked":"hexamod:RainOfEmbers+1","floor":21.0},{"not_picked":["hexamod:Firestarter+1","hexamod:NightmareStrike","hexamod:SpectersWail"],"picked":"SKIP","floor":22.0},{"not_picked":["hexamod:GhostShield","hexamod:Hexaguard","hexamod:GhostLash"],"picked":"SKIP","floor":22.0},{"not_picked":["hexamod:BurningTouch","hexamod:SkipABeat","hexamod:AdvancingGuard"],"picked":"SKIP","floor":23.0},{"not_picked":["hexamod:ThermalTransfer","hexamod:SkipABeat","hexamod:HauntingEcho"],"picked":"SKIP","floor":23.0},{"not_picked":["hexamod:RadiantFlame","hexamod:FastForward"],"picked":"hexamod:HeatMetal+1","floor":25.0},{"not_picked":["hexamod:FastForward+1","hexamod:SwordOfDarkness","hexamod:GhostOfSpirePast"],"picked":"SKIP","floor":25.0},{"not_picked":["hexamod:HeatMetal","hexamod:ThirdSeal"],"picked":"hexamod:GhostLash+1","floor":27.0},{"not_picked":["hexamod:CatchUp","hexamod:Rewind"],"picked":"hexamod:ForkedFlame","floor":28.0},{"not_picked":["hexamod:CatchUp","hexamod:RetreatToShadows"],"picked":"hexamod:EtherealExpedition","floor":28.0},{"not_picked":["hexamod:FastForward","hexamod:BacktrackSmack+1","hexamod:SpectersWail"],"picked":"SKIP","floor":29.0},{"not_picked":["hexamod:HauntingEcho","hexamod:FourthSeal","hexamod:NightmareGuise"],"picked":"SKIP","floor":29.0},{"not_picked":["hexamod:Hexaguard","hexamod:InspiringFlames"],"picked":"hexamod:Again","floor":31.0},{"not_picked":["hexamod:FastForward","hexamod:SpectersWail"],"picked":"hexamod:BurningTouch+1","floor":32.0},{"not_picked":["hexamod:TurnItUp","hexamod:TimeWarp"],"picked":"hexamod:ParanormalForm","floor":33.0},{"not_picked":["hexamod:ShieldOfDarkness","hexamod:InspiringFlames"],"picked":"hexamod:GhostLash+1","floor":36.0},{"not_picked":["hexamod:SecondSeal","hexamod:SwordOfDarkness"],"picked":"hexamod:RainOfEmbers","floor":37.0},{"not_picked":["hexamod:ThermalTransfer+1","hexamod:GhostShield"],"picked":"hexamod:ExtraCrispy","floor":37.0},{"not_picked":["hexamod:BurningTouch","hexamod:FirstSeal","hexamod:ThermalTransfer+1"],"picked":"SKIP","floor":38.0},{"not_picked":["hexamod:GhostShield","hexamod:NightmareGuise+1","hexamod:AdvancingGuard+1"],"picked":"SKIP","floor":38.0},{"not_picked":["hexamod:Firestarter+1","hexamod:SwordOfDarkness+1","hexamod:Haunt"],"picked":"SKIP","floor":40.0},{"not_picked":["hexamod:SoulSteal","hexamod:WildfireWeapon","hexamod:SpectersWail"],"picked":"SKIP","floor":42.0}],"player_experience":562414,"relics_obtained":[{"floor":7.0,"key":"Bottled Lightning"},{"floor":20.0,"key":"Toy Ornithopter"},{"floor":24.0,"key":"Pantograph"},{"floor":28.0,"key":"Whetstone"}],"event_choices":[{"cards_removed":["hexamod:ForkedFlame"],"damage_healed":58.0,"max_hp_gain":10.0,"max_hp_loss":0.0,"gold_gain":0.0,"event_name":"Bonfire Elementals","player_choice":"Offered Rare","floor":39.0,"gold_loss":0.0,"damage_taken":0.0}],"is_beta":false,"boss_relics":[{"not_picked":["Coffee Dripper","Runic Pyramid"],"picked":"Fusion Hammer"},{"not_picked":["Cursed Key","Velvet Choker"],"picked":"Sozu"}],"items_purged_floors":[23],"is_endless":false,"potions_floor_spawned":[10,11,20,22,28,32,33,36,42],"killed_by":"Giant Head","ascension_level":0}}