{"host":"dcj2yvrgcvh5dl2s","time":1612957243,"event":{"mods":["BaseMod","Bestiary","Better Note","Block Reminder","Colored Powertips","Curses Come First","DeckTracker","Minty Spire (QoL Compilation)","Quick Restart","Rare Cards Sparkle","Relic Stats","StSLib"],"gold_per_floor":[118,43,93,108,108,108,136,136,136,170,170,198,273,288,288,362,362,373,383,33,33,33],"floor_reached":21,"language":"ENG","playtime":2082,"items_purged":[],"score":420,"play_id":"04832c90-0ba3-4fe4-947f-6b777c0b03af","local_time":"20210210214043","is_ascension_mode":true,"campfire_choices":[{"data":"Chrysalis","floor":6,"key":"SMITH"},{"data":"Body Slam","floor":8,"key":"SMITH"},{"data":"Bash","floor":11,"key":"SMITH"},{"floor":15,"key":"REST"}],"circlet_count":0,"master_deck":["AscendersBane","Strike_R","Strike_R","Strike_R","Strike_R","Defend_R","Defend_R","Defend_R","Defend_R","Bash+1","Chrysalis+1","Shrug It Off","Shrug It Off","Body Slam+1","Flex","Offering","Disarm"],"relics":["Burning Blood","Self Forming Clay","HornCleat","CaptainsWheel","Ginger","Odd Mushroom","Busted Crown","Eternal Feather"],"acts_visited":["Exordium","TheCity"],"potions_floor_usage":[16,19],"damage_taken":[{"damage":2,"enemies":"2 Louse","floor":1,"turns":3},{"damage":14,"enemies":"Jaw Worm","floor":4,"turns":7},{"damage":0,"enemies":"Lagavulin","floor":7,"turns":7},{"damage":14,"enemies":"3 Sentries","floor":10,"turns":13},{"damage":29,"enemies":"The Mushroom Lair","floor":12,"turns":6},{"damage":0,"enemies":"Cultist","floor":14,"turns":3},{"damage":39,"enemies":"Slime Boss","floor":16,"turns":15},{"damage":31,"enemies":"2 Thieves","floor":18,"turns":4},{"damage":22,"enemies":"Shell Parasite","floor":19,"turns":3},{"damage":24,"enemies":"3 Cultists","floor":21,"turns":5}],"seed_played":"2276880228669965034","potions_obtained":[{"floor":4,"key":"ElixirPotion"},{"floor":7,"key":"Ancient Potion"},{"floor":16,"key":"Regen Potion"}],"is_trial":false,"path_per_floor":["M","?","?","M","T","R","E","R","T","E","R","?","?","M","R","B",null,"M","M","$","M"],"character_chosen":"IRONCLAD","items_purchased":["Eternal Feather","Disarm"],"campfire_rested":1,"item_purchase_floors":[20,20],"current_hp_per_floor":[68,68,62,54,54,54,60,60,60,52,52,29,18,24,44,11,54,29,22,22,0,0],"gold":33,"neow_bonus":"RANDOM_COLORLESS_2","is_daily":false,"chose_seed":false,"campfire_upgraded":3,"win_rate":0.0,"timestamp":1612957243,"path_taken":["M","?","?","?","?","R","E","R","T","E","R","?","?","?","R","BOSS","M","M","$","?"],"items_purchased_type":["Relic","Card"],"build_version":"2020-12-22","purchased_purges":0,"victory":false,"max_hp_per_floor":[68,68,68,68,68,68,68,68,68,68,68,68,68,68,68,68,68,68,68,68,68,68],"relic_stats":{"Busted Crown":4,"counters":[10,66],"Self Forming Clay":[66],"Eternal Feather":0,"Ginger":[3],"obtain_stats":[{"CaptainsWheel":9,"HornCleat":7,"Busted Crown":17,"Self Forming Clay":5,"Eternal Feather":20,"Ginger":10,"Odd Mushroom":12,"Burning Blood":0},{"CaptainsWheel":3,"HornCleat":3,"Busted Crown":7,"Self Forming Clay":2,"Eternal Feather":9,"Ginger":4,"Odd Mushroom":5,"Burning Blood":0},{"CaptainsWheel":17,"HornCleat":17,"Busted Crown":54,"Self Forming Clay":10,"Eternal Feather":61,"Ginger":30,"Odd Mushroom":36,"Burning Blood":0}],"Burning Blood":50},"card_choices":[{"not_picked":["HandOfGreed","Transmutation"],"picked":"Chrysalis","floor":0},{"not_picked":["Havoc","Wild Strike"],"picked":"Shrug It Off","floor":1},{"not_picked":["Armaments","Clothesline"],"picked":"Shrug It Off","floor":4},{"not_picked":["Anger","True Grit"],"picked":"Body Slam","floor":7},{"not_picked":["Clash","Twin Strike","Bloodletting"],"picked":"SKIP","floor":10},{"not_picked":["Body Slam","Rage"],"picked":"Flex","floor":12},{"not_picked":["Armaments","Anger","Power Through"],"picked":"SKIP","floor":14},{"not_picked":["Fiend Fire","Barricade"],"picked":"Offering","floor":16},{"not_picked":["Twin Strike"],"picked":"SKIP","floor":18},{"not_picked":["Thunderclap"],"picked":"SKIP","floor":19}],"player_experience":2360863,"relics_obtained":[{"floor":5,"key":"Self Forming Clay"},{"floor":7,"key":"HornCleat"},{"floor":9,"key":"CaptainsWheel"},{"floor":10,"key":"Ginger"},{"floor":12,"key":"Odd Mushroom"}],"event_choices":[{"cards_removed":["Strike_R"],"damage_healed":0,"gold_gain":0,"player_choice":"Card Removal","damage_taken":0,"max_hp_gain":0,"max_hp_loss":0,"event_name":"The Cleric","floor":2,"gold_loss":75},{"damage_healed":0,"gold_gain":50,"player_choice":"Touch","damage_taken":6,"max_hp_gain":0,"max_hp_loss":0,"event_name":"FaceTrader","floor":3,"gold_loss":0},{"damage_healed":0,"gold_gain":0,"player_choice":"Fought Mushrooms","damage_taken":0,"max_hp_gain":0,"max_hp_loss":0,"event_name":"Mushrooms","floor":12,"gold_loss":0},{"damage_healed":0,"gold_gain":75,"player_choice":"Gather Gold","damage_taken":11,"max_hp_gain":0,"max_hp_loss":0,"event_name":"World of Goop","floor":13,"gold_loss":0}],"is_beta":false,"boss_relics":[{"not_picked":["Velvet Choker","Black Star"],"picked":"Busted Crown"}],"items_purged_floors":[],"is_endless":false,"potions_floor_spawned":[4,7,16],"killed_by":"3 Cultists","ascension_level":20}}