{"host":"5td1gsj4mnrioltg","time":1612942670,"event":{"mods":["2.2 Compatiblity","AchievementEnabler","Act Like it!","Aspiration","BaseMod","Beaked The Cultist","Better Altar","Better Match","Better Note","Better Sensory Stone","Better Silent Start","Better Skull","Better Third Choice","Better Vampires","BetterRewards","Bossed Relics","Colored Map","Colored Powertips","Displayed Cursed Tome","Downfall","Emptier Cage","Evolution","Friendly Minions","GifTheSpireLib","Highlight Path","Ironclad Rager","Jedi Mod","JesterMod","Mad Scientist","Menagerie","Minty Spire (QoL Compilation)","Permanent Neow","Quick Restart","Reliquary","Replay The Spire","Reworked Bosses","Shade Mod","Spicy Shops","StSLib","The Blue Laboratory","The Dragon Tamer","The Dragonkin","The Druid","The Elementalist","The Marked","The Necromancer","The Runesmith","Thieving Mod","Transform Curses","Wandering Minibosses"],"gold_per_floor":[117,217,232,242,242,242,258,258,258,276,276,276,201,211,211,316,316,256,256,256,156,171,171,182,182,207,225,242,253,253,266,266,266,266],"floor_reached":33,"language":"ENG","playtime":1554,"items_purged":["Strike_R","Pain"],"score":370,"play_id":"5e325537-054c-4228-babb-fb60689f3035","local_time":"20210209233750","is_ascension_mode":true,"campfire_choices":[{"data":"Armaments","floor":6,"key":"SMITH"},{"floor":8,"key":"REST"},{"floor":11,"key":"REST"},{"data":"Flex","floor":15,"key":"SMITH"},{"floor":23,"key":"REST"},{"data":"Whirlwind","floor":25,"key":"SMITH"},{"floor":30,"key":"REST"},{"floor":32,"key":"REST"}],"circlet_count":0,"master_deck":["AscendersBane","Defend_R","Defend_R","Bash","Armaments+1","Whirlwind+1","Flex+1","Berserk","Injury","Battle Trance","Inflame"],"relics":["Burning Blood","EVO:Axolotl","reliquary:Boomerang","Runesmith:AutoHammer","Kintsugi","Boot"],"acts_visited":["Exordium","TheCity"],"potions_floor_usage":[16,18,22,28,31],"damage_taken":[{"damage":3,"enemies":"Jaw Worm","floor":1,"turns":5},{"damage":6,"enemies":"Cultist","floor":3,"turns":3},{"damage":8,"enemies":"2 Louse","floor":4,"turns":4},{"damage":29,"enemies":"Exordium Thugs","floor":7,"turns":7},{"damage":0,"enemies":"2 Fungi Beasts","floor":10,"turns":5},{"damage":5,"enemies":"Large Slime","floor":14,"turns":5},{"damage":57,"enemies":"Fading Forest","floor":16,"turns":11},{"damage":22,"enemies":"2 Thieves","floor":18,"turns":4},{"damage":29,"enemies":"Chosen","floor":22,"turns":9},{"damage":38,"enemies":"Centurion and Healer","floor":24,"turns":6},{"damage":23,"enemies":"Shelled Parasite and Fungi","floor":27,"turns":7},{"damage":17,"enemies":"Chosen and Byrds","floor":28,"turns":5},{"damage":0,"enemies":"3 Cultists","floor":29,"turns":2},{"damage":22,"enemies":"Snecko","floor":31,"turns":4},{"damage":70,"enemies":"bossMod:newChamp","floor":33,"turns":16}],"seed_played":"-6915202716873222421","potions_obtained":[{"floor":7,"key":"blueLaboratory:BubblePotion"},{"floor":10,"key":"blueLaboratory:BottledHope"},{"floor":22,"key":"BloodPotion"},{"floor":24,"key":"jedi:StrikingPotion"},{"floor":29,"key":"blueLaboratory:BottledHope"}],"is_trial":false,"path_per_floor":["M","?","M","M","?","R","M","R","T","M","R","?","$","M","R","B",null,"M","?","?","$","M","R","M","R","T","M","M","M","R","M","R","B"],"character_chosen":"IRONCLAD","items_purchased":[],"campfire_rested":5,"item_purchase_floors":[],"current_hp_per_floor":[75,75,75,73,48,48,25,49,49,55,79,84,84,85,85,34,72,56,56,56,56,50,75,43,43,43,26,15,21,46,30,55,0,0],"gold":266,"neow_bonus":"REMOVE_CARD","is_daily":false,"chose_seed":false,"campfire_upgraded":3,"win_rate":0.0,"timestamp":1612942670,"path_taken":["M","?","M","?","?","R","M","R","T","?","R","?","$","M","R","BOSS","M","?","?","$","M","R","M","R","T","M","M","?","R","M","R","BOSS"],"items_purchased_type":[],"build_version":"2020-12-22","purchased_purges":2,"victory":false,"max_hp_per_floor":[80,80,80,80,80,80,80,80,80,80,80,85,85,85,85,85,85,85,85,85,85,85,85,85,85,85,85,85,85,85,85,85,85,85],"card_choices":[{"not_picked":["Replay:Undeath\u0027s Touch","Perfected Strike","Dark Embrace"],"picked":"SKIP","floor":1},{"not_picked":["Uppercut","Shockwave","Dual Wield"],"picked":"SKIP","floor":3},{"not_picked":["Warcry","Power Through"],"picked":"Armaments","floor":4},{"not_picked":["jedi:fear","Havoc","Dropkick"],"picked":"SKIP","floor":7},{"not_picked":["Twin Strike","Headbutt"],"picked":"Whirlwind","floor":10},{"not_picked":["Massacre","Twin Strike"],"picked":"Flex","floor":14},{"not_picked":["Exhume","Corruption"],"picked":"Berserk","floor":16},{"not_picked":["Wild Strike","Clothesline+1","jedi:controlledanger"],"picked":"SKIP","floor":18},{"not_picked":["Uppercut+1","Disarm"],"picked":"Battle Trance","floor":22},{"not_picked":["Clothesline","Warcry","True Grit"],"picked":"SKIP","floor":24},{"not_picked":["Sentinel+1","Metallicize"],"picked":"Inflame","floor":27},{"not_picked":["Wild Strike","Massacre","Perfected Strike"],"picked":"SKIP","floor":28},{"not_picked":["Replay:Undeath\u0027s Touch","jedi:controlledanger","Shockwave"],"picked":"SKIP","floor":29},{"not_picked":["Hemogenesis","Reckless Charge","Clash"],"picked":"SKIP","floor":31}],"player_experience":1321321,"relics_obtained":[{"floor":9,"key":"Runesmith:AutoHammer"},{"floor":19,"key":"Boot"}],"event_choices":[{"damage_healed":0,"gold_gain":100,"player_choice":"Pray","damage_taken":0,"max_hp_gain":0,"max_hp_loss":0,"event_name":"Golden Shrine","floor":2,"gold_loss":0},{"damage_healed":0,"gold_gain":0,"player_choice":"Relic ","damage_taken":25,"max_hp_gain":0,"max_hp_loss":0,"event_name":"betterThird:BetterScrap","floor":5,"gold_loss":0,"cards_obtained":["ReplayTheSpireMod:Necrosis"]},{"damage_healed":0,"gold_gain":0,"player_choice":"Donut","damage_taken":0,"max_hp_gain":5,"max_hp_loss":0,"event_name":"Big Fish","floor":12,"gold_loss":0},{"damage_healed":0,"gold_gain":0,"player_choice":"Ignored","damage_taken":0,"max_hp_gain":0,"max_hp_loss":0,"event_name":"Ghosts","floor":20,"gold_loss":0}],"is_beta":false,"boss_relics":[{"not_picked":["Runic Pyramid","Black Blood"],"picked":"Kintsugi"}],"items_purged_floors":[13,21],"is_endless":false,"potions_floor_spawned":[7,10,22,24,29],"killed_by":"bossMod:newChamp","ascension_level":11}}