{"host":"8a3jzv7qxg3y7b6t","time":1612921675,"event":{"mods":["BaseMod","Better Third Choice","Downfall","Hermit","Minty Spire (QoL Compilation)","Relic Stats","StSLib","The Bug Knight","The Cursed"],"gold_per_floor":[113,249,258,258,57,57,101,101,125,170,215,215,215],"floor_reached":12,"language":"ENG","playtime":869,"items_purged":["Doubt"],"score":198,"play_id":"513dd20c-984c-4985-a2ad-0a9a561ece0a","local_time":"20210209174755","is_ascension_mode":true,"campfire_choices":[{"floor":6,"key":"RECALL"},{"floor":8,"key":"REST"}],"circlet_count":0,"master_deck":["Strike_G","Strike_G","Strike_G","Strike_G","Strike_G","Defend_G","Defend_G","Defend_G","Defend_G","Defend_G","Survivor","Neutralize","Caltrops","CurseOfTheBell","CurseOfTheBell","TheCursedMod:Dregs","A Thousand Cuts","Clumsy","Injury","Footwork","Concentrate","Blade Dance"],"relics":["Ring of the Snake","downfall:ExtraCursedBell","CeramicFish","Kunai","The Specimen","Golden Idol","Bronze Scales","Membership Card","Blue Candle","Oddly Smooth Stone","Omamori"],"acts_visited":["Exordium"],"potions_floor_usage":[10,12],"damage_taken":[{"damage":5,"enemies":"Jaw Worm","floor":1,"turns":5},{"damage":48,"enemies":"3 Sentries","floor":7,"turns":9},{"damage":43,"enemies":"HollowMod:MossKnight","floor":10,"turns":30},{"damage":1,"enemies":"Gremlin Nob","floor":12,"turns":2}],"seed_played":"8193424034547470347","potions_obtained":[{"floor":1,"key":"SpeedPotion"},{"floor":10,"key":"hexamod:SoulburnPotion"}],"is_trial":false,"path_per_floor":["M","?","?","?","$","R","E","R","T","E","T","E"],"character_chosen":"THE_SILENT","items_purchased":["Membership Card","Footwork"],"campfire_rested":1,"item_purchase_floors":[5,5],"current_hp_per_floor":[72,77,77,70,70,70,22,46,46,3,3,2,2],"gold":215,"neow_bonus":"TEN_PERCENT_HP_BONUS","is_daily":false,"chose_seed":false,"campfire_upgraded":0,"win_rate":0.0,"timestamp":1612921675,"path_taken":["M","?","?","?","$","R","E","R","T","E","?","E"],"items_purchased_type":["Relic","Card"],"build_version":"2020-12-22","purchased_purges":1,"victory":false,"max_hp_per_floor":[77,82,82,82,82,82,82,82,82,82,82,82,82],"relic_stats":{"counters":[4,46],"Golden Idol":14,"CeramicFish":72,"Bronze Scales":[58],"Blue Candle":[1],"Kunai":[7],"obtain_stats":[{"The Specimen":2,"Golden Idol":3,"CeramicFish":2,"Bronze Scales":4,"Blue Candle":7,"Oddly Smooth Stone":10,"Omamori":11,"Kunai":2,"Membership Card":5,"downfall:ExtraCursedBell":2,"Ring of the Snake":0},{"The Specimen":1,"Golden Idol":1,"CeramicFish":1,"Bronze Scales":1,"Blue Candle":2,"Oddly Smooth Stone":3,"Omamori":3,"Kunai":1,"Membership Card":1,"downfall:ExtraCursedBell":1,"Ring of the Snake":0},{"The Specimen":5,"Golden Idol":5,"CeramicFish":5,"Bronze Scales":5,"Blue Candle":14,"Oddly Smooth Stone":44,"Omamori":44,"Kunai":5,"Membership Card":5,"downfall:ExtraCursedBell":5,"Ring of the Snake":0}],"Ring of the Snake":[8]},"card_choices":[{"not_picked":["Quick Slash","Acrobatics"],"picked":"Caltrops","floor":1},{"not_picked":["Choke","Dodge and Roll"],"picked":"Concentrate","floor":7},{"not_picked":["Masterful Stab","Acrobatics"],"picked":"Blade Dance","floor":10}],"player_experience":675155,"relics_obtained":[{"floor":2,"key":"CeramicFish"},{"floor":2,"key":"Kunai"},{"floor":2,"key":"The Specimen"},{"floor":7,"key":"Blue Candle"},{"floor":10,"key":"Oddly Smooth Stone"},{"floor":11,"key":"Omamori"}],"event_choices":[{"damage_healed":0,"gold_gain":0,"player_choice":"Take Wound","damage_taken":0,"relics_obtained":["Golden Idol"],"max_hp_gain":0,"max_hp_loss":0,"event_name":"Golden Idol","floor":3,"gold_loss":0,"cards_obtained":["Injury"]},{"damage_healed":0,"gold_gain":0,"player_choice":"Relic ","damage_taken":7,"max_hp_gain":0,"max_hp_loss":0,"event_name":"betterThird:BetterScrap","floor":4,"gold_loss":0,"cards_obtained":["Infernal Blade"]}],"is_beta":false,"boss_relics":[],"items_purged_floors":[5],"is_endless":false,"potions_floor_spawned":[1,10],"killed_by":"Gremlin Nob","ascension_level":4}}