{"host":"ox77rn1xcurm2t5a","time":1612955652,"event":{"mods":["2.2 Compatiblity","AchievementEnabler","Act Like it!","Aspiration","BaseMod","Best Route Mod","Better Match","Better Note","Better Sensory Stone","Block Reminder","Colored Map","Colored Powertips","Conjunction","Conspire","Custom Start","Energized Spire","GifTheSpireLib","Gold Saver","Gremlin Skip","Halation","Highlight Path","Hubris","Infinite Spire","Minty Spire (QoL Compilation)","Pale of the Ancients","Quick Restart","Replay The Spire","Reworked Bosses","ShortenTheSpire","Spire Exporter","StSLib","Stuff the Spire","Wandering Minibosses"],"gold_per_floor":[164,176,58,69,69,99,99,126,153,172,197,197,197,217,217,217,217],"floor_reached":16,"language":"ENG","playtime":404,"items_purged":["Strike_B"],"score":290,"play_id":"1465eca4-0fc3-4fd6-9c94-c7815fe8d8cd","local_time":"20210210131412","is_ascension_mode":true,"campfire_choices":[{"floor":7.0,"key":"RECALL"},{"data":"Defragment","floor":13,"key":"SMITH"},{"data":"Capacitor","floor":15,"key":"SMITH"}],"circlet_count":0,"master_deck":["AscendersBane","Strike_B","Strike_B","Strike_B","Defend_B","Defend_B","Defend_B","Defend_B","Zap+1","Dualcast+1","Ball Lightning","Sweeping Beam+1","Barrage","Defragment+1","Capacitor+1","White Noise"],"relics":["Cracked Core","StuffTheSpire:Wildfire","War Paint","InkBottle"],"acts_visited":["Exordium"],"potions_floor_usage":[10,11,14],"damage_taken":[{"damage":0.0,"enemies":"Small Slimes","floor":1.0,"turns":3.0},{"damage":0.0,"enemies":"Jaw Worm","floor":2.0,"turns":3.0},{"damage":0.0,"enemies":"2 Louse","floor":4.0,"turns":2.0},{"damage":32.0,"enemies":"Gremlin Nob","floor":6.0,"turns":4.0},{"damage":20.0,"enemies":"3 Sentries","floor":8.0,"turns":6.0},{"damage":3,"enemies":"Lots of Slimes","floor":10,"turns":3},{"damage":0,"enemies":"Gremlin Nob","floor":11,"turns":3},{"damage":4,"enemies":"2 Fungi Beasts","floor":14,"turns":3},{"damage":7,"enemies":"Slime Boss","floor":16,"turns":6}],"seed_played":"2638134697952627607","potions_obtained":[{"floor":4.0,"key":"LiquidBronze"},{"floor":8.0,"key":"LiquidMemories"},{"floor":10,"key":"Flashbang"},{"floor":11,"key":"AttackPotion"}],"is_trial":false,"path_per_floor":["M","M","$","M","?","E","R","E","T","M","E","?","R","M","R","B"],"character_chosen":"DEFECT","items_purchased":["Sweeping Beam+1"],"campfire_rested":0,"item_purchase_floors":[3],"current_hp_per_floor":[60,60,60,60,60,28,28,8,8,5,5,5,5,1,1,0,0],"gold":217,"neow_bonus":"TWENTY_PERCENT_HP_BONUS","is_daily":false,"chose_seed":false,"campfire_upgraded":2,"win_rate":0.0,"timestamp":1612955652,"path_taken":["M","M","$","M","?","E","R","E","T","M","E","?","R","M","R","BOSS"],"items_purchased_type":["Card"],"build_version":"2020-12-22","purchased_purges":1,"victory":false,"max_hp_per_floor":[85,85,85,85,85,85,85,85,85,85,85,85,85,85,85,85,85],"card_choices":[{"not_picked":["Redo","Sweeping Beam"],"picked":"Ball Lightning","floor":1.0},{"not_picked":["Leap","StuffTheSpire:CleanHardDrive","Sweeping Beam"],"picked":"SKIP","floor":2.0},{"not_picked":["Hello World","Conserve Battery"],"picked":"Barrage","floor":4.0},{"not_picked":["Stack","Sweeping Beam","Scrape"],"picked":"SKIP","floor":6.0},{"not_picked":["Time Bomb","ReplaySolidLightProjector"],"picked":"Defragment","floor":8.0},{"not_picked":["hubris:PowerSurge","Scrape"],"picked":"Capacitor","floor":10},{"not_picked":["Cold Snap","Reinforced Body"],"picked":"White Noise","floor":11},{"not_picked":["Steam","Sweeping Beam","StuffTheSpire:ForEach"],"picked":"SKIP","floor":14}],"player_experience":3072668,"relics_obtained":[{"floor":6.0,"key":"StuffTheSpire:Wildfire"},{"floor":8.0,"key":"War Paint"},{"floor":11,"key":"InkBottle"}],"event_choices":[{"damage_healed":0,"gold_gain":0,"player_choice":"Disagree","damage_taken":0,"max_hp_gain":0,"max_hp_loss":0,"event_name":"conspire:LoneGhost","floor":12,"gold_loss":0}],"is_beta":false,"boss_relics":[],"items_purged_floors":[3],"is_endless":false,"potions_floor_spawned":[4,8,10,11],"killed_by":"Slime Boss","ascension_level":20}}