{"host":"jegehu1t82aiec5j","time":1612983246,"event":{"mods":["BaseMod","Colored Map","Minty Spire (QoL Compilation)","Relic Stats","StSLib"],"gold_per_floor":[210,210,227,227,152,152,132,32,32,55,55,88,88,108,108,228,228,252,252,351,368,385,385,385,397,422,448,448,448,55,74,74,174,174,189,36,54,74,0,0,15,15,97,109,122,155,155,2,2,2],"floor_reached":51,"language":"ENG","playtime":1573,"items_purged":["Defend_R","Defend_R"],"score":720,"play_id":"a0e9b317-abbe-4c25-8003-809ae33f4fec","local_time":"20210210135406","is_ascension_mode":false,"campfire_choices":[{"data":"Bash","floor":6,"key":"SMITH"},{"data":"Blood for Blood","floor":11,"key":"SMITH"},{"floor":15,"key":"REST"},{"floor":23,"key":"REST"},{"data":"Combust","floor":28,"key":"SMITH"},{"floor":32,"key":"REST"},{"data":"Limit Break","floor":40,"key":"SMITH"},{"data":"Feel No Pain","floor":42,"key":"SMITH"},{"floor":49,"key":"REST"}],"circlet_count":0,"master_deck":["Strike_R","Strike_R","Defend_R","Bash+1","Rupture+1","Blood for Blood+1","Carnage","Combust+1","Limit Break+1","Armaments+1","True Grit","Flame Barrier","Burning Pact","Iron Wave","Dual Wield","Battle Trance","Iron Wave","Reaper","Feel No Pain+1","Reaper","Parasite","Shrug It Off","Sword Boomerang","Rage+1","Shrug It Off"],"relics":["Burning Blood","WarpedTongs","Bloody Idol","Question Card","Kunai","Philosopher\u0027s Stone","PreservedInsect","Pen Nib","Bag of Preparation","Shuriken","Cursed Key","Membership Card","DollysMirror","Mercury Hourglass","Juzu Bracelet","Pantograph"],"acts_visited":["Exordium","TheCity","TheBeyond"],"potions_floor_usage":[46,50,50,50],"damage_taken":[{"damage":1,"enemies":"Cultist","floor":1,"turns":4},{"damage":7,"enemies":"Small Slimes","floor":3,"turns":3},{"damage":6,"enemies":"2 Louse","floor":10,"turns":2},{"damage":20,"enemies":"Gremlin Nob","floor":12,"turns":4},{"damage":25,"enemies":"Gremlin Gang","floor":14,"turns":3},{"damage":71,"enemies":"The Guardian","floor":16,"turns":8},{"damage":11,"enemies":"Spheric Guardian","floor":18,"turns":3},{"damage":35,"enemies":"3 Byrds","floor":21,"turns":4},{"damage":43,"enemies":"3 Cultists","floor":22,"turns":4},{"damage":3,"enemies":"Snecko","floor":25,"turns":3},{"damage":6,"enemies":"Gremlin Leader","floor":27,"turns":6},{"damage":12,"enemies":"Snake Plant","floor":31,"turns":4},{"damage":33,"enemies":"Champ","floor":33,"turns":7},{"damage":8,"enemies":"3 Darklings","floor":35,"turns":5},{"damage":15,"enemies":"3 Shapes","floor":37,"turns":5},{"damage":40,"enemies":"Jaw Worm Horde","floor":38,"turns":5},{"damage":21,"enemies":"Maw","floor":41,"turns":6},{"damage":22,"enemies":"Transient","floor":44,"turns":5},{"damage":31,"enemies":"Sphere and 2 Shapes","floor":45,"turns":4},{"damage":89,"enemies":"Nemesis","floor":46,"turns":7},{"damage":59,"enemies":"Awakened One","floor":50,"turns":9}],"seed_played":"8932088995244430122","potions_obtained":[{"floor":1,"key":"Strength Potion"},{"floor":3,"key":"Ancient Potion"},{"floor":7,"key":"FairyPotion"},{"floor":18,"key":"SkillPotion"},{"floor":46,"key":"SkillPotion"}],"is_trial":false,"path_per_floor":["M","?","M","?","$","R","?","$","T","M","R","E","?","M","R","B",null,"M","?","?","M","M","R","?","M","T","E","R","?","$","M","R","B",null,"M","$","M","M","$","R","M","R","T","M","M","E","?","$","R","B",null],"character_chosen":"IRONCLAD","items_purchased":["Bag of Preparation","Shuriken","Membership Card","DollysMirror","Pantograph","Shrug It Off"],"campfire_rested":4,"item_purchase_floors":[30,30,36,39,48,48],"current_hp_per_floor":[80,80,79,59,59,59,59,59,59,59,59,45,38,19,43,8,80,75,75,80,56,24,48,48,56,61,66,66,66,66,65,80,58,80,80,80,80,79,79,79,80,80,80,80,80,12,12,12,36,80],"gold":2,"neow_bonus":"HUNDRED_GOLD","is_daily":false,"chose_seed":false,"campfire_upgraded":5,"win_rate":0.0,"timestamp":1612983246,"path_taken":["M","?","M","?","$","R","?","$","T","?","R","E","?","M","R","BOSS","M","?","?","M","M","R","?","?","T","E","R","?","?","M","R","BOSS","M","?","M","M","$","R","M","R","T","M","?","E","?","$","R","BOSS"],"items_purchased_type":["Relic","Relic","Relic","Relic","Relic","Card"],"build_version":"2020-12-22","purchased_purges":2,"victory":true,"max_hp_per_floor":[80,80,80,80,80,80,80,80,80,80,80,80,80,80,80,80,80,80,80,80,80,80,80,80,80,80,80,80,80,80,80,80,80,80,80,80,80,80,80,80,80,80,80,80,80,80,80,80,80,80],"relic_stats":{"counters":[21,101],"PreservedInsect":91,"Pen Nib":[9],"Bag of Preparation":[20],"Juzu Bracelet":0,"Question Card":18,"Cursed Key":1,"Burning Blood":94,"WarpedTongs":[92],"Mercury Hourglass":[93],"Shuriken":[12],"Bloody Idol":52,"Pantograph":25,"Kunai":[19],"obtain_stats":[{"Golden Idol":4,"PreservedInsect":26,"Pen Nib":27,"Bag of Preparation":30,"Juzu Bracelet":46,"Question Card":9,"Cursed Key":34,"Burning Blood":0,"WarpedTongs":1,"Mercury Hourglass":43,"Shuriken":30,"DollysMirror":39,"Bloody Idol":19,"Pantograph":48,"Philosopher\u0027s Stone":17,"Kunai":12,"Membership Card":36},{"Golden Idol":2,"PreservedInsect":10,"Pen Nib":11,"Bag of Preparation":11,"Juzu Bracelet":20,"Question Card":2,"Cursed Key":13,"Burning Blood":0,"WarpedTongs":1,"Mercury Hourglass":17,"Shuriken":11,"DollysMirror":16,"Bloody Idol":7,"Pantograph":20,"Philosopher\u0027s Stone":6,"Kunai":4,"Membership Card":14},{"Golden Idol":7,"PreservedInsect":38,"Pen Nib":44,"Bag of Preparation":44,"Juzu Bracelet":92,"Question Card":7,"Cursed Key":55,"Burning Blood":0,"WarpedTongs":1,"Mercury Hourglass":76,"Shuriken":44,"DollysMirror":70,"Bloody Idol":27,"Pantograph":92,"Philosopher\u0027s Stone":24,"Kunai":13,"Membership Card":60}]},"card_choices":[{"not_picked":["Fire Breathing","Pommel Strike"],"picked":"Rupture","floor":1},{"not_picked":["Metallicize","Wild Strike","Iron Wave"],"picked":"SKIP","floor":3},{"not_picked":["True Grit","Thunderclap","Intimidate"],"picked":"Blood for Blood","floor":10},{"not_picked":["Whirlwind","Havoc","Heavy Blade"],"picked":"Carnage","floor":12},{"not_picked":["Havoc","Clash","Anger"],"picked":"Combust","floor":14},{"not_picked":["Corruption","Juggernaut","Barricade"],"picked":"Limit Break","floor":16},{"not_picked":["Warcry","Shrug It Off","Clothesline"],"picked":"Armaments+1","floor":18},{"not_picked":["Headbutt+1","Wild Strike","Perfected Strike"],"picked":"True Grit","floor":21},{"not_picked":["Sword Boomerang","Carnage","Body Slam"],"picked":"Flame Barrier","floor":22},{"not_picked":["Body Slam","Battle Trance+1","Flex"],"picked":"Dual Wield","floor":25},{"not_picked":["Juggernaut","Headbutt","Perfected Strike"],"picked":"Battle Trance","floor":27},{"not_picked":["Perfected Strike","True Grit","Twin Strike"],"picked":"Iron Wave","floor":31},{"not_picked":["Brutality","Feed","Immolate"],"picked":"Reaper","floor":33},{"not_picked":["Flex+1","Twin Strike+1","Spot Weakness+1"],"picked":"Feel No Pain","floor":35},{"not_picked":["Shockwave+1","Body Slam","Twin Strike+1","Perfected Strike"],"picked":"SKIP","floor":37},{"not_picked":["True Grit+1","Carnage","Combust","Perfected Strike+1"],"picked":"SKIP","floor":38},{"not_picked":["Rampage+1","Clash+1","Dropkick","Cleave"],"picked":"SKIP","floor":41},{"not_picked":["Armaments","Evolve","Sword Boomerang"],"picked":"Shrug It Off","floor":44},{"not_picked":["Clothesline","Body Slam","Havoc+1"],"picked":"Sword Boomerang","floor":45},{"not_picked":["Anger","Brutality","True Grit"],"picked":"Rage+1","floor":46}],"player_experience":2603742,"relics_obtained":[{"floor":9,"key":"Question Card"},{"floor":12,"key":"Kunai"},{"floor":26,"key":"PreservedInsect"},{"floor":27,"key":"Pen Nib"},{"floor":43,"key":"Mercury Hourglass"},{"floor":46,"key":"Juzu Bracelet"}],"event_choices":[{"cards_removed":["Defend_R"],"damage_healed":0,"gold_gain":0,"player_choice":"Forget","damage_taken":0,"max_hp_gain":0,"max_hp_loss":0,"event_name":"Living Wall","floor":2,"gold_loss":0},{"damage_healed":0,"gold_gain":0,"player_choice":"Take Damage","damage_taken":20,"relics_obtained":["Golden Idol"],"max_hp_gain":0,"max_hp_loss":0,"event_name":"Golden Idol","floor":4,"gold_loss":0},{"damage_healed":0,"gold_gain":0,"player_choice":"Bought 1 Potion","damage_taken":0,"max_hp_gain":0,"max_hp_loss":0,"event_name":"The Woman in Blue","floor":7,"gold_loss":0},{"cards_removed":["Strike_R"],"damage_healed":0,"gold_gain":0,"player_choice":"Card Removal","damage_taken":7,"max_hp_gain":0,"max_hp_loss":0,"event_name":"Golden Wing","floor":13,"gold_loss":0},{"damage_healed":0,"gold_gain":0,"player_choice":"Gave Idol","damage_taken":0,"relics_obtained":["Bloody Idol"],"max_hp_gain":0,"max_hp_loss":0,"event_name":"Forgotten Altar","floor":19,"relics_lost":["Golden Idol"],"gold_loss":0},{"damage_healed":0,"gold_gain":99,"player_choice":"Stole From Cult","damage_taken":0,"max_hp_gain":0,"max_hp_loss":0,"event_name":"Nest","floor":20,"gold_loss":0},{"damage_healed":0,"gold_gain":0,"cards_transformed":["Strike_R","Strike_R"],"player_choice":"Became Test Subject","damage_taken":0,"max_hp_gain":0,"max_hp_loss":0,"event_name":"Drug Dealer","floor":24,"gold_loss":0,"cards_obtained":["Burning Pact","Iron Wave"]},{"damage_healed":0,"gold_gain":0,"player_choice":"Forge","damage_taken":0,"max_hp_gain":0,"max_hp_loss":0,"event_name":"Accursed Blacksmith","floor":29,"gold_loss":0,"cards_upgraded":["Rupture"]},{"damage_healed":0,"gold_gain":0,"player_choice":"Ignored","damage_taken":0,"max_hp_gain":0,"max_hp_loss":0,"event_name":"Tomb of Lord Red Mask","floor":47,"gold_loss":0}],"is_beta":false,"boss_relics":[{"not_picked":["SlaversCollar","Empty Cage"],"picked":"Philosopher\u0027s Stone"},{"not_picked":["Calling Bell","Astrolabe"],"picked":"Cursed Key"}],"items_purged_floors":[5,8],"is_endless":false,"potions_floor_spawned":[1,3,18,21,31,38,41,46],"ascension_level":0}}