{"host":"2pffx5rqbod9ds0c","time":1612926279,"event":{"mods":["BaseMod","Better Altar","Better Match","Better Note","Better Sensory Stone","Better Skull","Better Third Choice","Bossed Relics","Custom Start","Hubris","Minty Spire (QoL Compilation)","Quick Restart","Relic Stats","Spicy Shops","StSLib","The Senshi"],"gold_per_floor":[111,1110140,1110140,1110140,1110140,1110173,1110173,1110200,1110200,1110200,1110216,1110228,1110228,1110258,1110258,1110362,1110362,1110376,1110388,1108974,1108974,1107632,1107632,1107632,1107663,1107663,1107663,1107698,1107698,1107771,1107681,1107681,1107779,1107779,1107793,1106486,1106486,1106486,1106500,1106529,1106529,1106556,1106579,1106579,1106613,1106613,1106636,1106654,1106654,1106654],"floor_reached":51,"language":"ENG","playtime":1942,"items_purged":["theSenshi:SailorKick","theSenshi:SailorBlock","theSenshi:SailorKick","theSenshi:SailorKick","theSenshi:SailorKick+1"],"score":945,"play_id":"a0deac0b-606c-4afb-a1ba-6907e8259b9c","local_time":"20210209190439","is_ascension_mode":true,"campfire_choices":[{"data":"Apotheosis","floor":7.0,"key":"SMITH"},{"data":"theSenshi:FatedKiss","floor":10.0,"key":"SMITH"},{"data":"theSenshi:GlimpseOfThePast","floor":15.0,"key":"SMITH"},{"floor":23.0,"key":"DIG"},{"floor":29,"key":"DIG"},{"floor":32,"key":"DIG"},{"floor":44,"key":"DIG"},{"floor":49,"key":"DIG"}],"circlet_count":0,"master_deck":["theSenshi:SailorBlock","theSenshi:RoseThrow+1","theSenshi:MoonPrismPowerMakeUp","theSenshi:FatedKiss+1","Apotheosis+1","theSenshi:MoonPrincessHalation","theSenshi:GlimpseOfThePast+1","theSenshi:JupitersPower","RitualDagger+1","hubris:DuctTapeCard+2","theSenshi:StudyParty+1","theSenshi:MoonPunch","theSenshi:MoonCosmicPowerMakeUp+1","theSenshi:JupitersPower","theSenshi:MoonPrincessHalation","theSenshi:SailorNeptuneAssists","theSenshi:MoonCosmicPowerMakeUp+1","theSenshi:MoonPrincessHalation+1","Madness","Madness"],"relics":["theSenshi:TransformationBroochRelic","Chemical X","theSenshi:CutieMoonRodRelic","Bag of Marbles","Toy Ornithopter","Potion Belt","hubris:EmptyBottle","Boot","theSenshi:RoseRelic","hubris:TinFlute","Juzu Bracelet","hubris:Backtick","Bottled Lightning","Shovel","MealTicket","Torii","Frozen Egg 2","OrangePellets","theSenshi:CosmicHeartCompactRelic","hubris:TenFootPole","theSenshi:RedHairPiecesRelic","Frozen Eye","hubris:Metronome","hubris:GlazedTorus","Whetstone","FaceOfCleric","hubris:SlimyHat","hubris:DisguiseKit","hubris:DuctTape","theSenshi:TransformationPenRelic","theSenshi:CrescentMoonWandRelic","Lantern","Sozu","Singing Bowl","Blood Vial","Sling","Bottled Flame","PreservedInsect","DollysMirror","Bird Faced Urn","Question Card","Dream Catcher","Ginger","CeramicFish","hubris:Reverence"],"acts_visited":["Exordium","TheCity","TheBeyond"],"potions_floor_usage":[45,45,50,50,50],"damage_taken":[{"damage":0.0,"enemies":"Small Slimes","floor":1.0,"turns":3.0},{"damage":6.0,"enemies":"Lagavulin","floor":6.0,"turns":8.0},{"damage":13.0,"enemies":"Gremlin Nob","floor":8.0,"turns":4.0},{"damage":3.0,"enemies":"Jaw Worm","floor":11.0,"turns":4.0},{"damage":0.0,"enemies":"2 Louse","floor":12.0,"turns":3.0},{"damage":0.0,"enemies":"Lagavulin","floor":14.0,"turns":4.0},{"damage":18.0,"enemies":"Hexaghost","floor":16.0,"turns":8.0},{"damage":21.0,"enemies":"Chosen","floor":18.0,"turns":6.0},{"damage":16.0,"enemies":"Spheric Guardian","floor":19.0,"turns":4.0},{"damage":1.0,"enemies":"Slavers","floor":25.0,"turns":5.0},{"damage":14,"enemies":"Book of Stabbing","floor":28,"turns":4},{"damage":15,"enemies":"hubris:MusketHawk","floor":33,"turns":6},{"damage":1,"enemies":"Orb Walker","floor":35,"turns":2},{"damage":28,"enemies":"3 Darklings","floor":39,"turns":5},{"damage":11,"enemies":"Giant Head","floor":40,"turns":5},{"damage":6,"enemies":"Nemesis","floor":42,"turns":3},{"damage":44,"enemies":"Reptomancer","floor":45,"turns":4},{"damage":20,"enemies":"Sphere and 2 Shapes","floor":47,"turns":4},{"damage":45,"enemies":"hubris:GrandSnecko","floor":50,"turns":7}],"seed_played":"-3737146926375107258","potions_obtained":[{"floor":8.0,"key":"AttackPotion"},{"floor":11.0,"key":"Explosive Potion"},{"floor":12.0,"key":"FearPotion"},{"floor":16.0,"key":"Block Potion"},{"floor":18.0,"key":"Fire Potion"},{"floor":33,"key":"Regen Potion"}],"is_trial":false,"path_per_floor":["M","$","?","?","?","E","R","E","T","R","M","M","?","E","R","B",null,"M","M","$","?","$","R","?","E","T","?","E","R","T","?","R","B",null,"M","$","?","?","M","E","?","E","T","R","E","?","M","?","R","B",null],"character_chosen":"THE_SENSHI","items_purchased":["Chemical X","theSenshi:CutieMoonRodRelic","Bag of Marbles","Toy Ornithopter","Potion Belt","hubris:EmptyBottle","Shovel","MealTicket","Torii","Frozen Egg 2","OrangePellets","theSenshi:MoonCrystalPowerMakeUp+1","theSenshi:CosmicHeartCompactRelic","hubris:TenFootPole","theSenshi:RedHairPiecesRelic","Frozen Eye","hubris:Metronome","hubris:GlazedTorus","Singing Bowl","Blood Vial","Sling","Bottled Flame","theSenshi:MoonPunch","theSenshi:MoonCosmicPowerMakeUp+1","PreservedInsect","DollysMirror"],"campfire_rested":0,"item_purchase_floors":[2,2,2,2,2,2,20,20,20,20,20,20,22,22,22,22,22,22,36,36,36,36,36,36,36,36],"current_hp_per_floor":[75,75,80,80,80,74,74,61,61,61,58,58,58,68,68,50,80,59,43,43,37,52,52,52,77,77,77,64,64,64,64,64,50,83,83,84,84,84,67,61,61,77,77,77,63,63,65,59,59,66],"gold":1106654,"neow_bonus":"ONE_RANDOM_RARE_CARD","is_daily":false,"chose_seed":false,"campfire_upgraded":3,"win_rate":0.0,"timestamp":1612926279,"path_taken":["M","$","?","?","?","E","R","E","T","R","M","M","?","E","R","BOSS","M","M","$","?","$","R","?","E","T","?","E","R","?","?","R","BOSS","M","$","?","?","M","E","?","E","T","R","E","?","M","?","R","BOSS"],"items_purchased_type":["Relic","Relic","Relic","Relic","Relic","Relic","Relic","Relic","Relic","Relic","Relic","Card","Relic","Relic","Relic","Relic","Relic","Relic","Relic","Relic","Relic","Relic","Card","Card","Relic","Relic"],"build_version":"2020-12-22","purchased_purges":5,"victory":true,"max_hp_per_floor":[75,75,80,80,80,80,80,80,80,80,80,80,80,80,80,80,80,80,80,80,80,80,80,80,81,81,81,82,82,82,82,82,83,83,84,84,84,84,85,88,88,91,91,91,94,94,95,95,95,96],"relic_stats":{"Torii":17,"Singing Bowl":6,"counters":[19,89],"CeramicFish":27,"PreservedInsect":230,"Juzu Bracelet":3,"Whetstone":["theSenshi:SailorKick","RitualDagger"],"Ginger":[2],"Boot":[29],"Question Card":2,"Sozu":3,"Blood Vial":10,"OrangePellets":[4],"Dream Catcher":0,"Shovel":5,"FaceOfCleric":10,"Bird Faced Urn":[50],"MealTicket":16,"Chemical X":[1],"obtain_stats":[{"theSenshi:CutieMoonRodRelic":2,"hubris:Metronome":22,"Lantern":32,"theSenshi:RedHairPiecesRelic":22,"Torii":20,"theSenshi:TransformationPenRelic":29,"Singing Bowl":36,"CeramicFish":45,"Juzu Bracelet":14,"hubris:SlimyHat":25,"Whetstone":23,"Ginger":44,"hubris:EmptyBottle":2,"Boot":6,"Sling":36,"Sozu":34,"Blood Vial":36,"Frozen Eye":22,"Dream Catcher":43,"hubris:Backtick":17,"Shovel":20,"FaceOfCleric":24,"DollysMirror":36,"theSenshi:RoseRelic":8,"MealTicket":20,"Chemical X":2,"hubris:TinFlute":9,"hubris:GlazedTorus":22,"Potion Belt":2,"hubris:DisguiseKit":26,"hubris:DuctTape":28,"PreservedInsect":36,"Frozen Egg 2":20,"Question Card":42,"OrangePellets":20,"Bottled Flame":36,"theSenshi:TransformationBroochRelic":0,"Bird Faced Urn":40,"Bag of Marbles":2,"hubris:TenFootPole":22,"Bottled Lightning":17,"theSenshi:CrescentMoonWandRelic":30,"Toy Ornithopter":2,"theSenshi:CosmicHeartCompactRelic":22,"hubris:Reverence":49},{"theSenshi:CutieMoonRodRelic":1,"hubris:Metronome":9,"Lantern":11,"theSenshi:RedHairPiecesRelic":9,"Torii":9,"theSenshi:TransformationPenRelic":11,"Singing Bowl":13,"CeramicFish":17,"Juzu Bracelet":6,"hubris:SlimyHat":10,"Whetstone":9,"Ginger":16,"hubris:EmptyBottle":1,"Boot":2,"Sling":13,"Sozu":12,"Blood Vial":13,"Frozen Eye":9,"Dream Catcher":16,"hubris:Backtick":7,"Shovel":9,"FaceOfCleric":9,"DollysMirror":13,"theSenshi:RoseRelic":3,"MealTicket":9,"Chemical X":1,"hubris:TinFlute":3,"hubris:GlazedTorus":9,"Potion Belt":1,"hubris:DisguiseKit":10,"hubris:DuctTape":11,"PreservedInsect":13,"Frozen Egg 2":9,"Question Card":16,"OrangePellets":9,"Bottled Flame":13,"theSenshi:TransformationBroochRelic":0,"Bird Faced Urn":15,"Bag of Marbles":1,"hubris:TenFootPole":9,"Bottled Lightning":7,"theSenshi:CrescentMoonWandRelic":11,"Toy Ornithopter":1,"theSenshi:CosmicHeartCompactRelic":9,"hubris:Reverence":18},{"theSenshi:CutieMoonRodRelic":3,"hubris:Metronome":44,"Lantern":53,"theSenshi:RedHairPiecesRelic":44,"Torii":44,"theSenshi:TransformationPenRelic":53,"Singing Bowl":61,"CeramicFish":78,"Juzu Bracelet":26,"hubris:SlimyHat":49,"Whetstone":44,"Ginger":74,"hubris:EmptyBottle":3,"Boot":11,"Sling":61,"Sozu":59,"Blood Vial":61,"Frozen Eye":44,"Dream Catcher":74,"hubris:Backtick":34,"Shovel":44,"FaceOfCleric":44,"DollysMirror":61,"theSenshi:RoseRelic":15,"MealTicket":44,"Chemical X":3,"hubris:TinFlute":15,"hubris:GlazedTorus":44,"Potion Belt":3,"hubris:DisguiseKit":49,"hubris:DuctTape":53,"PreservedInsect":61,"Frozen Egg 2":44,"Question Card":74,"OrangePellets":44,"Bottled Flame":61,"theSenshi:TransformationBroochRelic":0,"Bird Faced Urn":71,"Bag of Marbles":3,"hubris:TenFootPole":44,"Bottled Lightning":34,"theSenshi:CrescentMoonWandRelic":53,"Toy Ornithopter":3,"theSenshi:CosmicHeartCompactRelic":44,"hubris:Reverence":82}],"Toy Ornithopter":54},"card_choices":[{"not_picked":["theSenshi:LateForSchool","theSenshi:SupersonicWaves","theSenshi:MoonKick"],"picked":"SKIP","floor":1.0},{"not_picked":["Sadistic Nature","Transmutation"],"picked":"Apotheosis","floor":5.0},{"not_picked":["theSenshi:HesSoDreamy","theSenshi:MoonsReflection"],"picked":"theSenshi:MoonPrincessHalation","floor":6.0},{"not_picked":["theSenshi:MoonHealingEscalation","theSenshi:SailorNeptuneAssists"],"picked":"theSenshi:GlimpseOfThePast","floor":8.0},{"not_picked":["theSenshi:SailorNeptuneAssists","theSenshi:LunasBite","theSenshi:LateForSchool"],"picked":"SKIP","floor":11.0},{"not_picked":["theSenshi:MoonTiaraMagic","theSenshi:MoonKick","theSenshi:SailorVenusAssists"],"picked":"SKIP","floor":12.0},{"not_picked":["theSenshi:TallSilhouette","theSenshi:MoonsReflection"],"picked":"theSenshi:MoonCrystalPowerMakeUp","floor":14.0},{"not_picked":["theSenshi:GlimpseOfThePast","theSenshi:SailorPlutoAssists"],"picked":"theSenshi:JupitersPower","floor":16.0},{"not_picked":["theSenshi:SailorMarsAssists+1","theSenshi:SailorVenusAssists","theSenshi:LunasBite"],"picked":"SKIP","floor":18.0},{"not_picked":["theSenshi:DramaticEntrance","theSenshi:SupersonicWaves","theSenshi:MoonPrincessHalation"],"picked":"SKIP","floor":19.0},{"not_picked":["theSenshi:MoonTiaraMagic+1","theSenshi:VenusGlamour+1","theSenshi:SailorPlutoAssists"],"picked":"SKIP","floor":25.0},{"not_picked":["theSenshi:LunasBite","theSenshi:SailorStarMakerAssists+1","theSenshi:MoonlightKnight+1","Halt"],"picked":"SKIP","floor":28},{"not_picked":["theSenshi:SailorStarHealerAssists","theSenshi:SailorPlutoAssists","DeusExMachina"],"picked":"theSenshi:StudyParty+1","floor":33},{"not_picked":["theSenshi:SailorVenusAssists","theSenshi:MoonPunch","theSenshi:SupersonicWaves+1","SignatureMove"],"picked":"SKIP","floor":35},{"not_picked":["theSenshi:Sidestep+1","theSenshi:LunasBite","Evaluate"],"picked":"theSenshi:MoonCosmicPowerMakeUp+1","floor":39},{"not_picked":["theSenshi:SailorMarsAssists","theSenshi:GatheringStrength+1","theSenshi:SailorMercuryAssists+1","SignatureMove"],"picked":"Singing Bowl","floor":40},{"not_picked":["theSenshi:SaturnsMystery","theSenshi:SailorCosmosAssists","theSenshi:MoonCrisisMakeUp+1","Crescendo"],"picked":"Singing Bowl","floor":42},{"not_picked":["theSenshi:MercurysCunning","theSenshi:EncouragingSpeech","theSenshi:TuxedoMaskAssists","theSenshi:LateForSchool+1","ClearTheMind"],"picked":"Singing Bowl","floor":45},{"not_picked":["theSenshi:SchoolBag+1","theSenshi:EncouragingSpeech+1","theSenshi:Sidestep","EmptyFist"],"picked":"theSenshi:MoonPrincessHalation+1","floor":47}],"player_experience":739088,"relics_obtained":[{"floor":6.0,"key":"Boot"},{"floor":8.0,"key":"theSenshi:RoseRelic"},{"floor":9.0,"key":"hubris:TinFlute"},{"floor":14.0,"key":"Juzu Bracelet"},{"floor":23.0,"key":"Whetstone"},{"floor":25.0,"key":"hubris:SlimyHat"},{"floor":26.0,"key":"hubris:DisguiseKit"},{"floor":28,"key":"hubris:DuctTape"},{"floor":29,"key":"theSenshi:TransformationPenRelic"},{"floor":30,"key":"theSenshi:CrescentMoonWandRelic"},{"floor":32,"key":"Lantern"},{"floor":40,"key":"Bird Faced Urn"},{"floor":42,"key":"Question Card"},{"floor":43,"key":"Dream Catcher"},{"floor":44,"key":"Ginger"},{"floor":45,"key":"CeramicFish"},{"floor":49,"key":"hubris:Reverence"}],"event_choices":[{"damage_healed":0.0,"max_hp_gain":5.0,"max_hp_loss":0.0,"gold_gain":0.0,"event_name":"Big Fish","player_choice":"Donut","floor":3.0,"gold_loss":0.0,"damage_taken":0.0},{"damage_healed":0.0,"max_hp_gain":0.0,"max_hp_loss":0.0,"gold_gain":0.0,"event_name":"betterThird:BetterSerpent","player_choice":"Ignored","floor":4.0,"gold_loss":0.0,"damage_taken":1110140.0},{"damage_healed":0.0,"max_hp_gain":0.0,"max_hp_loss":0.0,"gold_gain":1.0,"event_name":"betterStone:BetterStone","player_choice":"1","floor":5.0,"gold_loss":0.0,"damage_taken":0.0},{"damage_healed":0.0,"max_hp_gain":0.0,"max_hp_loss":0.0,"gold_gain":0.0,"event_name":"betterThird:BetterNest","player_choice":"Dagger","floor":21.0,"gold_loss":0.0,"damage_taken":6.0,"cards_obtained":["RitualDagger"]},{"damage_healed":0.0,"max_hp_gain":0.0,"max_hp_loss":0.0,"gold_gain":0.0,"event_name":"FaceTrader","player_choice":"Trade","floor":24.0,"gold_loss":0.0,"damage_taken":0.0,"relics_obtained":["FaceOfCleric"]},{"damage_healed":0,"gold_gain":0,"player_choice":"Cursed","damage_taken":0,"max_hp_gain":0,"max_hp_loss":0,"event_name":"Wheel of Change","floor":27,"gold_loss":0,"cards_obtained":["Decay"]},{"cards_removed":["Decay"],"damage_healed":0,"gold_gain":0,"player_choice":"Upgrade and Remove","damage_taken":0,"max_hp_gain":0,"max_hp_loss":0,"event_name":"Designer","floor":31,"gold_loss":90,"cards_upgraded":["theSenshi:RoseThrow"]},{"damage_healed":0,"gold_gain":0,"cards_transformed":["theSenshi:SailorBlock"],"player_choice":"Transformed","damage_taken":0,"max_hp_gain":0,"max_hp_loss":0,"event_name":"Transmorgrifier","floor":38,"gold_loss":0,"cards_obtained":["theSenshi:SailorNeptuneAssists"]},{"damage_healed":0,"gold_gain":0,"player_choice":"Ignored","damage_taken":0,"max_hp_gain":0,"max_hp_loss":0,"event_name":"Tomb of Lord Red Mask","floor":41,"gold_loss":0},{"cards_removed":["theSenshi:SailorBlock"],"damage_healed":0,"gold_gain":0,"player_choice":"Removed Skill","damage_taken":0,"max_hp_gain":0,"max_hp_loss":0,"event_name":"Falling","floor":46,"gold_loss":0},{"damage_healed":0,"gold_gain":0,"player_choice":"Embrace Madness","damage_taken":12,"max_hp_gain":0,"max_hp_loss":0,"event_name":"Winding Halls","floor":48,"gold_loss":0,"cards_obtained":["Madness","Madness"]}],"is_beta":false,"boss_relics":[{"not_picked":["Calling Bell","Black Star"],"picked":"hubris:Backtick"},{"not_picked":["hubris:TerracottaHorce","SacredBark"],"picked":"Sozu"}],"items_purged_floors":[2,20,22,22,36],"is_endless":false,"potions_floor_spawned":[8,11,12,16,18,33,35,42,45],"ascension_level":1}}