{"host":"4eao2pkwlmv012cz","time":1612932587,"event":{"mods":["BaseMod","Colored Powertips","Minty Spire (QoL Compilation)","Permanent Neow","Quick Restart","Random Character Button","StSLib"],"gold_per_floor":[363,363,412,424,443,478,478,508,508,52,111,111,139,156,156,231,231,250,300,300,47,47,47,47,47,47,59,110,155,155,190,190,269,269,300,313,148,49,69,69],"floor_reached":39,"language":"ENG","playtime":1591,"items_purged":["Strike_B"],"score":855,"play_id":"91ab61fb-a95b-465b-a058-155ac0c47885","local_time":"20210209234947","is_ascension_mode":true,"campfire_choices":[{"data":"Defragment","floor":7.0,"key":"SMITH"},{"floor":12.0,"key":"REST"},{"floor":15.0,"key":"REST"},{"data":"Strike_B","floor":23,"key":"PURGE"},{"data":"Defend_B","floor":25,"key":"PURGE"},{"floor":30,"key":"REST"},{"data":"Defend_B","floor":32,"key":"PURGE"}],"circlet_count":0,"master_deck":["AscendersBane","Defend_B","Zap","Dualcast","Gash","Auto Shields","Ball Lightning","Sweeping Beam","Defragment+1","Chill","Creative AI","Fusion","Undo","Compile Driver","Meteor Strike","Reinforced Body+1","HandOfGreed","Conserve Battery","Cold Snap","Capacitor+1","Thunderclap+1","Defragment","Adrenaline","FTL","CrushJoints+1","Meteor Strike","Capacitor+1","Prepared+1","Dash+1","Bullet Time","Study"],"relics":["Cracked Core","Strawberry","Matryoshka","Oddly Smooth Stone","Anchor","Peace Pipe","Membership Card","Mummified Hand","Pantograph","Lizard Tail","Fusion Hammer","MealTicket","PrismaticShard","DataDisk","Darkstone Periapt","Blue Candle","Black Star","Orrery","InkBottle"],"acts_visited":["Exordium","TheCity","TheBeyond"],"potions_floor_usage":[28,31,39],"damage_taken":[{"damage":2.0,"enemies":"Jaw Worm","floor":1.0,"turns":3.0},{"damage":0.0,"enemies":"Cultist","floor":4.0,"turns":3.0},{"damage":1.0,"enemies":"2 Louse","floor":5.0,"turns":3.0},{"damage":11.0,"enemies":"Gremlin Nob","floor":6.0,"turns":3.0},{"damage":19.0,"enemies":"Lagavulin","floor":8.0,"turns":7.0},{"damage":24.0,"enemies":"3 Sentries","floor":11.0,"turns":5.0},{"damage":8.0,"enemies":"3 Sentries","floor":13.0,"turns":7.0},{"damage":14.0,"enemies":"Exordium Wildlife","floor":14.0,"turns":4.0},{"damage":22.0,"enemies":"Hexaghost","floor":16.0,"turns":11.0},{"damage":0,"enemies":"2 Thieves","floor":18,"turns":4},{"damage":14,"enemies":"Chosen","floor":27,"turns":6},{"damage":19,"enemies":"Shelled Parasite and Fungi","floor":28,"turns":4},{"damage":48,"enemies":"Gremlin Leader","floor":29,"turns":7},{"damage":8,"enemies":"Snake Plant","floor":31,"turns":6},{"damage":24,"enemies":"Automaton","floor":33,"turns":9},{"damage":21,"enemies":"3 Shapes","floor":35,"turns":4},{"damage":24,"enemies":"3 Darklings","floor":36,"turns":7},{"damage":67,"enemies":"4 Shapes","floor":39,"turns":3}],"seed_played":"-2016333616624546745","potions_obtained":[{"floor":5.0,"key":"EntropicBrew"},{"floor":8.0,"key":"FocusPotion"},{"floor":11.0,"key":"PotionOfCapacity"},{"floor":16.0,"key":"DistilledChaos"},{"floor":29,"key":"GamblersBrew"},{"floor":33,"key":"Regen Potion"}],"is_trial":false,"path_per_floor":["M","?","T","M","M","E","R","E","T","$","?","R","E","M","R","B",null,"M","?","?","$","?","R","$","R","T","M","M","E","R","M","R","B",null,"M","M","$","?","M"],"character_chosen":"DEFECT","items_purchased":["Membership Card","Creative AI","Mummified Hand","Fusion","MealTicket","HandOfGreed","PrismaticShard","Meteor Strike","Orrery"],"campfire_rested":3,"item_purchase_floors":[10,10,10,10,21,21,21,37,37],"current_hp_per_floor":[62,62,69,69,68,57,57,38,38,38,14,35,27,13,34,37,63,63,63,43,43,43,43,58,58,58,44,25,18,40,32,32,33,65,44,20,35,35,0,0],"gold":69,"neow_bonus":"TWO_FIFTY_GOLD","is_daily":false,"chose_seed":false,"campfire_upgraded":1,"win_rate":0.0,"timestamp":1612932587,"path_taken":["M","?","?","M","?","E","R","E","T","$","?","R","E","M","R","BOSS","M","?","?","$","?","R","$","R","T","?","M","E","R","M","R","BOSS","M","M","$","?","M"],"items_purchased_type":["Relic","Card","Relic","Card","Relic","Card","Relic","Card","Relic"],"build_version":"2020-12-22","purchased_purges":1,"victory":false,"max_hp_per_floor":[64,64,71,71,71,71,71,71,71,71,71,71,71,71,71,71,71,71,71,76,76,76,76,76,76,76,76,76,76,76,76,76,76,76,76,76,76,76,76,76],"card_choices":[{"not_picked":["Conserve Battery","Rip and Tear"],"picked":"Gash","floor":1.0},{"not_picked":["Compile Driver","Cold Snap"],"picked":"Ball Lightning","floor":4.0},{"not_picked":["Compile Driver","Redo"],"picked":"Sweeping Beam","floor":5.0},{"not_picked":["Steam","Reinforced Body"],"picked":"Defragment","floor":6.0},{"not_picked":["Skim","Rebound"],"picked":"Chill","floor":8.0},{"not_picked":["Ball Lightning","Fusion"],"picked":"Undo","floor":13.0},{"not_picked":["Reboot","Recycle"],"picked":"Compile Driver","floor":14.0},{"not_picked":["Buffer","Echo Form"],"picked":"Meteor Strike","floor":16.0},{"not_picked":["Redo","Stack"],"picked":"Reinforced Body+1","floor":18},{"not_picked":["Prepared","Distraction","Perfected Strike"],"picked":"SKIP","floor":27},{"not_picked":["Streamline","PiercingWail+1"],"picked":"Capacitor+1","floor":28},{"not_picked":["Skewer+1","Venomology"],"picked":"Thunderclap+1","floor":29},{"not_picked":["Coolheaded","BattleHymn"],"picked":"Defragment","floor":31},{"not_picked":["Night Terror","The Bomb"],"picked":"Adrenaline","floor":33},{"not_picked":["ThirdEye","Iron Wave"],"picked":"FTL","floor":35},{"not_picked":["Consecrate","Beam Cell+1"],"picked":"CrushJoints+1","floor":36},{"not_picked":["Hologram","Body Slam"],"picked":"Capacitor+1","floor":37},{"not_picked":["Underhanded Strike","Finesse"],"picked":"Prepared+1","floor":37},{"not_picked":["Pray","Pummel"],"picked":"Dash+1","floor":37},{"not_picked":["Reboot","Expertise+1"],"picked":"Bullet Time","floor":37},{"not_picked":["Ball Lightning","Blind"],"picked":"Study","floor":37}],"player_experience":2915288,"relics_obtained":[{"floor":3.0,"key":"Strawberry"},{"floor":6.0,"key":"Matryoshka"},{"floor":8.0,"key":"Oddly Smooth Stone"},{"floor":9.0,"key":"Anchor"},{"floor":9.0,"key":"Peace Pipe"},{"floor":11.0,"key":"Pantograph"},{"floor":13.0,"key":"Lizard Tail"},{"floor":26,"key":"DataDisk"},{"floor":26,"key":"Darkstone Periapt"},{"floor":29,"key":"Blue Candle"}],"event_choices":[{"damage_healed":0.0,"max_hp_gain":0.0,"max_hp_loss":0.0,"gold_gain":0.0,"cards_transformed":["Strike_B"],"event_name":"Living Wall","player_choice":"Change","floor":2.0,"gold_loss":0.0,"damage_taken":0.0,"cards_obtained":["Auto Shields"]},{"damage_healed":0.0,"max_hp_gain":0.0,"max_hp_loss":0.0,"gold_gain":0.0,"event_name":"Dead Adventurer","player_choice":"Searched \u00272\u0027 times","floor":11.0,"gold_loss":0.0,"damage_taken":0.0},{"damage_healed":0,"gold_gain":50,"player_choice":"Stole From Cult","damage_taken":0,"max_hp_gain":0,"max_hp_loss":0,"event_name":"Nest","floor":19,"gold_loss":0},{"damage_healed":0,"gold_gain":0,"player_choice":"Shed Blood","damage_taken":25,"max_hp_gain":5,"max_hp_loss":0,"event_name":"Forgotten Altar","floor":20,"gold_loss":0},{"damage_healed":0,"gold_gain":0,"cards_transformed":["Defend_B","Strike_B"],"player_choice":"Became Test Subject","damage_taken":0,"max_hp_gain":0,"max_hp_loss":0,"event_name":"Drug Dealer","floor":22,"gold_loss":0,"cards_obtained":["Conserve Battery","Cold Snap"]},{"damage_healed":0,"gold_gain":0,"player_choice":"Paid Gold","damage_taken":0,"relics_obtained":["InkBottle"],"max_hp_gain":0,"max_hp_loss":0,"event_name":"WeMeetAgain","floor":38,"gold_loss":99}],"is_beta":false,"boss_relics":[{"not_picked":["Philosopher\u0027s Stone","Coffee Dripper"],"picked":"Fusion Hammer"},{"not_picked":["Snecko Eye","Tiny House"],"picked":"Black Star"}],"items_purged_floors":[10],"is_endless":false,"potions_floor_spawned":[5,8,11,16,29,33],"killed_by":"4 Shapes","ascension_level":20}}