{"host":"0kk91h4bq4kgfj0u","time":1612995926,"event":{"mods":["BaseMod","Bestiary","Block Reminder","Colored Map","Colored Powertips","Curses Come First","Highlight Path","Minty Spire (QoL Compilation)","Relic Stats","StSLib"],"gold_per_floor":[119,119,134,145,162,178,196,231,306,316,316,316,336,356,356,454,454,473,485,68,68,81,81,131,161,161,178,178,178],"floor_reached":28,"language":"ENG","playtime":992,"items_purged":[],"score":320,"play_id":"3fb735eb-f744-4131-a472-ed35d6f9b135","local_time":"20210210172526","is_ascension_mode":true,"campfire_choices":[{"floor":15,"key":"REST"},{"floor":23,"key":"REST"}],"circlet_count":0,"master_deck":["Strike_G","Strike_G","Strike_G+1","Strike_G","Strike_G","Defend_G","Defend_G","Defend_G","Defend_G+1","Defend_G","Survivor","Neutralize","Underhanded Strike","Skewer","Swift Strike","Terror","Cloak And Dagger","Dagger Spray","Dodge and Roll","Backflip","Blade Dance","Caltrops","Bane","Caltrops","Adrenaline","Accuracy","PiercingWail+1","Deflect","Quick Slash","Flying Knee","Leap+1","ForeignInfluence+1","Iron Wave+1"],"relics":["Ring of the Snake","Toy Ornithopter","Tingsha","Pear","HoveringKite","Akabeko","PrismaticShard","Shovel"],"acts_visited":["Exordium","TheCity"],"potions_floor_usage":[8,19,22,22,25,28],"damage_taken":[{"damage":2,"enemies":"2 Louse","floor":1,"turns":4},{"damage":0,"enemies":"Cultist","floor":3,"turns":2},{"damage":2,"enemies":"Jaw Worm","floor":4,"turns":3},{"damage":3,"enemies":"Blue Slaver","floor":5,"turns":3},{"damage":0,"enemies":"2 Fungi Beasts","floor":6,"turns":2},{"damage":7,"enemies":"3 Louse","floor":7,"turns":4},{"damage":16,"enemies":"3 Sentries","floor":8,"turns":7},{"damage":14,"enemies":"Lots of Slimes","floor":10,"turns":4},{"damage":1,"enemies":"Blue Slaver","floor":13,"turns":3},{"damage":3,"enemies":"Looter","floor":14,"turns":3},{"damage":14,"enemies":"Hexaghost","floor":16,"turns":9},{"damage":16,"enemies":"Chosen","floor":18,"turns":5},{"damage":17,"enemies":"Spheric Guardian","floor":19,"turns":5},{"damage":20,"enemies":"Snake Plant","floor":22,"turns":3},{"damage":27,"enemies":"Book of Stabbing","floor":25,"turns":5},{"damage":0,"enemies":"3 Cultists","floor":27,"turns":3},{"damage":36,"enemies":"Sentry and Sphere","floor":28,"turns":7}],"seed_played":"8604495038801070783","potions_obtained":[{"floor":4,"key":"Explosive Potion"},{"floor":8,"key":"FearPotion"},{"floor":10,"key":"SkillPotion"},{"floor":13,"key":"ColorlessPotion"},{"floor":14,"key":"AttackPotion"},{"floor":19,"key":"Strength Potion"},{"floor":27,"key":"SneckoOil"}],"is_trial":false,"path_per_floor":["M","?","M","M","M","M","M","E","T","M","?","?","M","M","R","B",null,"M","M","$","?","M","R","?","E","T","M","M"],"character_chosen":"THE_SILENT","items_purchased":["Akabeko","Deflect","PrismaticShard","Quick Slash","Flying Knee"],"campfire_rested":2,"item_purchase_floors":[20,20,20,20,20],"current_hp_per_floor":[61,61,61,59,56,56,49,38,48,34,34,18,17,14,38,24,66,50,38,38,38,28,52,52,30,30,30,0,0],"gold":178,"neow_bonus":"RANDOM_COMMON_RELIC","is_daily":false,"chose_seed":false,"campfire_upgraded":0,"win_rate":0.0,"timestamp":1612995926,"path_taken":["M","?","M","M","M","?","M","E","T","M","?","?","M","M","R","BOSS","M","M","$","?","M","R","?","E","T","M","?"],"items_purchased_type":["Relic","Card","Relic","Card","Card"],"build_version":"2020-12-22","purchased_purges":0,"victory":false,"max_hp_per_floor":[70,70,70,70,70,70,70,70,80,80,80,80,80,80,80,80,80,80,80,80,80,80,80,80,80,80,80,80,80],"relic_stats":{"Shovel":0,"counters":[17,72],"HoveringKite":[4],"Tingsha":[12],"obtain_stats":[{"Pear":9,"Shovel":25,"HoveringKite":17,"Tingsha":8,"PrismaticShard":20,"Toy Ornithopter":0,"Akabeko":20,"Ring of the Snake":0},{"Pear":7,"Shovel":15,"HoveringKite":11,"Tingsha":7,"PrismaticShard":13,"Toy Ornithopter":0,"Akabeko":13,"Ring of the Snake":0},{"Pear":25,"Shovel":62,"HoveringKite":44,"Tingsha":25,"PrismaticShard":54,"Toy Ornithopter":0,"Akabeko":54,"Ring of the Snake":0}],"Toy Ornithopter":30,"Ring of the Snake":[34]},"card_choices":[{"not_picked":["Bane","Prepared"],"picked":"Underhanded Strike","floor":1},{"not_picked":["Escape Plan","Well Laid Plans"],"picked":"Terror","floor":3},{"not_picked":["Acrobatics","Crippling Poison"],"picked":"Cloak And Dagger","floor":4},{"not_picked":["Outmaneuver","Eviscerate"],"picked":"Dagger Spray","floor":5},{"not_picked":["Dagger Spray","Concentrate"],"picked":"Dodge and Roll","floor":6},{"not_picked":["Deadly Poison","Night Terror"],"picked":"Backflip","floor":7},{"not_picked":["Noxious Fumes","Underhanded Strike"],"picked":"Blade Dance","floor":8},{"not_picked":["Quick Slash","Outmaneuver"],"picked":"Caltrops","floor":10},{"not_picked":["Choke","Outmaneuver"],"picked":"Bane","floor":13},{"not_picked":["All Out Attack","A Thousand Cuts"],"picked":"Caltrops","floor":14},{"not_picked":["Unload","Die Die Die"],"picked":"Adrenaline","floor":16},{"not_picked":["Outmaneuver","Riddle With Holes"],"picked":"Accuracy","floor":18},{"not_picked":["Concentrate","Acrobatics"],"picked":"PiercingWail+1","floor":19},{"not_picked":["Outmaneuver+1","Sucker Punch+1"],"picked":"Leap+1","floor":22},{"not_picked":["Pommel Strike","Worship+1"],"picked":"ForeignInfluence+1","floor":25},{"not_picked":["FlyingSleeves","Sever Soul"],"picked":"Iron Wave+1","floor":27}],"player_experience":872676,"relics_obtained":[{"floor":8,"key":"Tingsha"},{"floor":9,"key":"Pear"},{"floor":25,"key":"Shovel"}],"event_choices":[{"damage_healed":0,"gold_gain":0,"player_choice":"2 cards matched","damage_taken":0,"max_hp_gain":0,"max_hp_loss":0,"event_name":"Match and Keep!","floor":2,"gold_loss":0,"cards_obtained":["Skewer","Swift Strike"]},{"damage_healed":0,"gold_gain":0,"player_choice":"Ignored","damage_taken":0,"max_hp_gain":0,"max_hp_loss":0,"event_name":"Liars Game","floor":11,"gold_loss":0},{"damage_healed":0,"gold_gain":0,"player_choice":"Entered Light","damage_taken":16,"max_hp_gain":0,"max_hp_loss":0,"event_name":"Shining Light","floor":12,"gold_loss":0,"cards_upgraded":["Defend_G","Strike_G"]},{"damage_healed":0,"gold_gain":0,"player_choice":"Ignored","damage_taken":0,"max_hp_gain":0,"max_hp_loss":0,"event_name":"Vampires","floor":21,"gold_loss":0},{"damage_healed":0,"gold_gain":100,"player_choice":"Bet on Murderer","damage_taken":0,"max_hp_gain":0,"max_hp_loss":0,"event_name":"The Joust","floor":24,"gold_loss":50}],"is_beta":false,"boss_relics":[{"not_picked":["Runic Pyramid","Sozu"],"picked":"HoveringKite"}],"items_purged_floors":[],"is_endless":false,"potions_floor_spawned":[4,8,10,13,14,19,27],"killed_by":"Sentry and Sphere","ascension_level":6}}