{"host":"i1xfvbr0z23eel2z","time":1612933841,"event":{"mods":["2.2 Compatiblity","BaseMod","Colored Map","Curses Come First","Highlight Path","Minty Spire (QoL Compilation)","Permanent Neow","StSLib","Together in Spire"],"gold_per_floor":[111,111,126,146,158,187,203,230,230,243,243,258,51,51,51,51,51],"floor_reached":16,"language":"ENG","playtime":317,"items_purged":[],"score":164,"play_id":"4664e277-cc67-454f-ac6a-0731ce625ae2","local_time":"20210210001041","is_ascension_mode":false,"campfire_choices":[{"data":"Zap","floor":11,"key":"SMITH"},{"data":"Dualcast","floor":15,"key":"SMITH"}],"circlet_count":0,"master_deck":["Strike_B","Strike_B","Strike_B","Strike_B","Defend_B","Defend_B","Defend_B","Defend_B","Zap+1","Dualcast+1","Rip and Tear","Doom and Gloom"],"relics":["Cracked Core","Lantern","Lizard Tail","Bronze Scales","CaptainsWheel","Toy Ornithopter"],"acts_visited":["Exordium"],"potions_floor_usage":[6,16],"damage_taken":[{"damage":0,"enemies":"Small Slimes","floor":1,"turns":1},{"damage":0,"enemies":"Cultist","floor":3,"turns":1},{"damage":0,"enemies":"2 Louse","floor":4,"turns":1},{"damage":0,"enemies":"Blue Slaver","floor":5,"turns":1},{"damage":0,"enemies":"Gremlin Nob","floor":6,"turns":2},{"damage":0,"enemies":"Large Slime","floor":7,"turns":1},{"damage":0,"enemies":"Lagavulin","floor":8,"turns":4},{"damage":0,"enemies":"2 Fungi Beasts","floor":10,"turns":2},{"damage":0,"enemies":"3 Louse","floor":12,"turns":1},{"damage":0,"enemies":"Slime Boss","floor":16,"turns":1}],"seed_played":"7836787410127443244","potions_obtained":[{"floor":1,"key":"Explosive Potion"},{"floor":7,"key":"Energy Potion"},{"floor":8,"key":"Swift Potion"}],"is_trial":false,"path_per_floor":["M","?","M","M","M","E","M","E","T","M","R","M","$","?","R","B"],"character_chosen":"DEFECT","items_purchased":["Toy Ornithopter","Fire Potion"],"campfire_rested":0,"item_purchase_floors":[13,13],"current_hp_per_floor":[75,68,68,68,68,68,68,68,68,68,68,68,68,68,68,73,73],"gold":51,"neow_bonus":"RANDOM_COMMON_RELIC","is_daily":false,"chose_seed":false,"campfire_upgraded":2,"win_rate":0.0,"timestamp":1612933841,"path_taken":["M","?","?","M","M","E","M","E","T","M","R","M","$","?","R","BOSS"],"items_purchased_type":["Relic","Potion"],"build_version":"2020-12-22","purchased_purges":0,"victory":false,"max_hp_per_floor":[75,75,75,75,75,75,75,75,75,75,75,75,75,75,75,75,75],"card_choices":[{"not_picked":["Tempest","Reprogram","Coolheaded"],"picked":"SKIP","floor":1},{"not_picked":["Streamline","Cold Snap","Double Energy"],"picked":"SKIP","floor":3},{"not_picked":["Beam Cell","Redo","Gash"],"picked":"SKIP","floor":4},{"not_picked":["Skim","Barrage"],"picked":"Rip and Tear","floor":5},{"not_picked":["Undo","Consume"],"picked":"Doom and Gloom","floor":6},{"not_picked":["Sunder","Self Repair","Leap"],"picked":"SKIP","floor":7},{"not_picked":["Stack","Hello World","Aggregate"],"picked":"SKIP","floor":8},{"not_picked":["Compile Driver","Cold Snap","Coolheaded"],"picked":"SKIP","floor":10},{"not_picked":["Sweeping Beam","Steam","Go for the Eyes"],"picked":"SKIP","floor":12}],"player_experience":95527,"relics_obtained":[{"floor":6,"key":"Lizard Tail"},{"floor":8,"key":"Bronze Scales"},{"floor":9,"key":"CaptainsWheel"}],"event_choices":[{"damage_healed":0,"gold_gain":0,"player_choice":"Damaged","damage_taken":7,"max_hp_gain":0,"max_hp_loss":0,"event_name":"Wheel of Change","floor":2,"gold_loss":0},{"damage_healed":0,"gold_gain":0,"player_choice":"Ignored","damage_taken":0,"max_hp_gain":0,"max_hp_loss":0,"event_name":"NoteForYourself","floor":14,"gold_loss":0}],"is_beta":false,"boss_relics":[],"items_purged_floors":[],"is_endless":false,"potions_floor_spawned":[1,7,8,10],"killed_by":"Slime Boss","ascension_level":0}}