{"host":"0awa854l6bexpjrv","time":1612994896,"event":{"mods":["BaseMod","Block Reminder","Colored Map","Colored Powertips","Downfall","Highlight Path","Minty Spire (QoL Compilation)","Quick Restart","Rare Cards Sparkle","StSLib","SuperFastMode"],"gold_per_floor":[109,109,120,120,9,9,19,19,19,52,4,18,32,32,32,135,135,153,153,140,0,100,100,100,112,137,137,137],"floor_reached":27,"language":"ENG","playtime":1053,"items_purged":["Strike_R","Strike_R+1"],"score":289,"play_id":"f925c0a0-2768-4f8a-9aa6-bc999db5c610","local_time":"20210210140816","is_ascension_mode":true,"campfire_choices":[{"data":"Sword Boomerang","floor":6.0,"key":"SMITH"},{"data":"Metallicize","floor":8.0,"key":"SMITH"},{"floor":15.0,"key":"REST"},{"floor":23.0,"key":"REST"}],"circlet_count":0,"master_deck":["Strike_R+1","Strike_R+1","Defend_R+1","Defend_R+1","Defend_R+1","Defend_R+1","Bash+1","Cleave","Sword Boomerang+1","Metallicize+1","Headbutt","Heavy Blade","Twin Strike","Twin Strike","Fiend Fire","Clothesline","Shrug It Off","Ghostly Armor","Wild Strike"],"relics":["Burning Blood","Toy Ornithopter","Paper Frog","Kunai","SacredBark","Akabeko"],"acts_visited":["Exordium","TheCity"],"potions_floor_usage":[],"damage_taken":[{"damage":2.0,"enemies":"Jaw Worm","floor":1.0,"turns":3.0},{"damage":6.0,"enemies":"Cultist","floor":3.0,"turns":3.0},{"damage":0.0,"enemies":"2 Louse","floor":7.0,"turns":3.0},{"damage":22.0,"enemies":"3 Sentries","floor":10.0,"turns":5.0},{"damage":8.0,"enemies":"Red Slaver","floor":12.0,"turns":3.0},{"damage":7.0,"enemies":"Looter","floor":13.0,"turns":2.0},{"damage":37.0,"enemies":"The Guardian","floor":16.0,"turns":12.0},{"damage":9.0,"enemies":"3 Byrds","floor":18.0,"turns":5.0},{"damage":20.0,"enemies":"2 Thieves","floor":20.0,"turns":4.0},{"damage":0.0,"enemies":"Gremlin Leader","floor":24.0,"turns":1.0},{"damage":36.0,"enemies":"Snake Plant","floor":25.0,"turns":5.0},{"damage":50,"enemies":"Shelled Parasite and Fungi","floor":27,"turns":5}],"seed_played":"7273149366767340719","potions_obtained":[{"floor":1.0,"key":"SteroidPotion"},{"floor":10.0,"key":"Dexterity Potion"},{"floor":16.0,"key":"SmokeBomb"}],"is_trial":false,"path_per_floor":["M","?","M","?","$","R","M","R","T","E","$","M","M","?","R","B",null,"M","?","M","$","?","R","E","M","T","M"],"character_chosen":"IRONCLAD","items_purchased":["Metallicize","Fire Potion","Ghostly Armor"],"campfire_rested":2,"item_purchase_floors":[5,11,21],"current_hp_per_floor":[80,62,62,54,54,54,60,60,60,49,49,47,46,39,63,37,69,71,71,57,57,57,80,80,50,50,0,0],"gold":137,"neow_bonus":"UPGRADE_CARD","is_daily":false,"chose_seed":false,"campfire_upgraded":2,"win_rate":0.0,"timestamp":1612994896,"path_taken":["M","?","M","?","$","R","M","R","T","E","$","?","M","?","R","BOSS","M","?","M","$","?","R","E","M","T","?"],"items_purchased_type":["Card","Potion","Card"],"build_version":"2020-12-22","purchased_purges":2,"victory":false,"max_hp_per_floor":[80,80,80,80,80,80,80,80,80,80,80,80,80,80,80,80,80,80,80,80,80,80,80,80,80,80,80,80],"card_choices":[{"not_picked":["Warcry","Shrug It Off"],"picked":"Cleave","floor":1.0},{"not_picked":["Wild Strike","Combust"],"picked":"Sword Boomerang","floor":3.0},{"not_picked":["Wild Strike","Warcry"],"picked":"Headbutt","floor":7.0},{"not_picked":["Infernal Blade","Body Slam"],"picked":"Heavy Blade","floor":10.0},{"not_picked":["Thunderclap","Pummel"],"picked":"Twin Strike","floor":12.0},{"not_picked":["Dark Embrace","Flex"],"picked":"Twin Strike","floor":13.0},{"not_picked":["Barricade","Exhume"],"picked":"Fiend Fire","floor":16.0},{"not_picked":["Carnage","Reckless Charge+1"],"picked":"Clothesline","floor":18.0},{"not_picked":["Pummel","Clash"],"picked":"Shrug It Off","floor":20.0},{"not_picked":["Second Wind","Metallicize"],"picked":"Wild Strike","floor":25.0}],"player_experience":747930,"relics_obtained":[{"floor":9.0,"key":"Paper Frog"},{"floor":10.0,"key":"Kunai"},{"floor":26.0,"key":"Akabeko"}],"event_choices":[{"damage_healed":0.0,"max_hp_gain":0.0,"max_hp_loss":0.0,"gold_gain":0.0,"event_name":"Scrap Ooze","player_choice":"Success","floor":2.0,"gold_loss":0.0,"damage_taken":18.0,"relics_obtained":["Toy Ornithopter"]},{"damage_healed":0.0,"max_hp_gain":0.0,"max_hp_loss":0.0,"gold_gain":0.0,"event_name":"Wheel of Change","player_choice":"Damaged","floor":4.0,"gold_loss":0.0,"damage_taken":8.0},{"cards_removed":["Strike_R"],"damage_healed":0.0,"max_hp_gain":0.0,"max_hp_loss":0.0,"gold_gain":0.0,"event_name":"Golden Wing","player_choice":"Card Removal","floor":14.0,"gold_loss":0.0,"damage_taken":7.0},{"damage_healed":0.0,"max_hp_gain":0.0,"max_hp_loss":0.0,"gold_gain":0.0,"event_name":"Back to Basics","player_choice":"Simplicity","floor":19.0,"gold_loss":0.0,"damage_taken":0.0,"cards_upgraded":["Strike_R","Strike_R","Strike_R","Defend_R","Defend_R","Defend_R","Defend_R"]},{"damage_healed":0.0,"max_hp_gain":0.0,"max_hp_loss":0.0,"gold_gain":100.0,"event_name":"Golden Shrine","player_choice":"Pray","floor":22.0,"gold_loss":0.0,"damage_taken":0.0}],"is_beta":false,"boss_relics":[{"not_picked":["Ectoplasm","Tiny House"],"picked":"SacredBark"}],"items_purged_floors":[5,21],"is_endless":false,"potions_floor_spawned":[1,10,16],"killed_by":"Shelled Parasite and Fungi","ascension_level":5}}