{"host":"k1qq3tnzhl68zvao","time":1612961622,"event":{"mods":["ATMod(阿瑾Mod)","AchievementEnabler","BaseMod","Colored Powertips","Conspire","DeckTracker","Downfall","Energized Spire","GifTheSpireLib","Minty Spire (QoL Compilation)","Quick Restart","Relic Filter Mod","Replay The Spire","Spicy Shops","StSLib","【遗物卡牌】REMEMod"],"gold_per_floor":[112,112,130,150,166,166,166],"floor_reached":6,"language":"ZHS","playtime":428,"items_purged":[],"score":44,"play_id":"617eaee4-7b07-4177-bc53-265dfced48ea","local_time":"20210210205342","is_ascension_mode":true,"campfire_choices":[],"circlet_count":0,"master_deck":["Strike_B","Strike_B","Strike_B","Defend_B","Defend_B","Defend_B","Defend_B","Zap","Dualcast","AT_RightCognition","WheelKick","Hologram","Turbo"],"relics":["AT_ATBox","REME_ComplimentaryCards","energizedSpire:MagnifyingGlass"],"acts_visited":["Exordium"],"potions_floor_usage":[],"damage_taken":[{"damage":6.0,"enemies":"Small Slimes","floor":1.0,"turns":4.0},{"damage":4.0,"enemies":"Jaw Worm","floor":3.0,"turns":5.0},{"damage":3.0,"enemies":"2 Louse","floor":4.0,"turns":3.0},{"damage":6,"enemies":"Blue Slaver","floor":5,"turns":5},{"damage":52,"enemies":"3 Sentries","floor":6,"turns":8}],"seed_played":"1304610975376892196","potions_obtained":[{"floor":3.0,"key":"Toxic Potion"},{"floor":5,"key":"Regen Potion"}],"is_trial":false,"path_per_floor":["M","?","M","M","M","E"],"character_chosen":"DEFECT","items_purchased":[],"campfire_rested":0,"item_purchase_floors":[],"current_hp_per_floor":[69,62,58,55,49,0,0],"gold":166,"neow_bonus":"BOSS_RELIC","is_daily":false,"chose_seed":false,"campfire_upgraded":0,"win_rate":0.0,"timestamp":1612961622,"path_taken":["M","?","M","M","M","E"],"items_purchased_type":[],"build_version":"2020-12-22","purchased_purges":0,"victory":false,"max_hp_per_floor":[75,75,75,75,75,75,75],"card_choices":[{"not_picked":["Redo","Stack","ReplayTheSpireMod:GoodbyeWorld"],"picked":"SKIP","floor":1.0},{"not_picked":["Leap","Rebound","Steam"],"picked":"SKIP","floor":3.0},{"not_picked":["Ball Lightning","Panic Button"],"picked":"Hologram","floor":4.0},{"not_picked":["Aggregate","All For One"],"picked":"Turbo","floor":5}],"player_experience":549263,"relics_obtained":[],"event_choices":[{"cards_removed":["Strike_B"],"damage_healed":0.0,"max_hp_gain":0.0,"max_hp_loss":0.0,"gold_gain":0.0,"event_name":"Golden Wing","player_choice":"Card Removal","floor":2.0,"gold_loss":0.0,"damage_taken":7.0}],"is_beta":false,"boss_relics":[],"items_purged_floors":[],"is_endless":false,"potions_floor_spawned":[3,5],"killed_by":"3 Sentries","ascension_level":3}}