{"host":"6pgtslebjnyv5xmi","time":1612938019,"event":{"mods":["AchievementEnabler","BaseMod","Colored Map","Minty Spire (QoL Compilation)","Rare Cards Sparkle","StSLib","SuperFastMode","The Cursed","everything is the same but u backflip on backflip"],"gold_per_floor":[113,113,133,58,58,88,88,104,129,129,139,139,154,171,171,245,245,264,189,189,189,205,205,215,215,238,252,252,252],"floor_reached":28,"language":"KOR","playtime":1149,"items_purged":["Strike_R"],"score":418,"play_id":"5ba88fd2-d763-46f4-96a4-a9065f67bf1d","local_time":"20210210152019","is_ascension_mode":true,"campfire_choices":[{"data":"Inflame","floor":7,"key":"SMITH"},{"floor":15,"key":"REST"},{"floor":23,"key":"REST"},{"floor":25,"key":"REST"}],"circlet_count":0,"master_deck":["AscendersBane","Strike_R","Strike_R","Strike_R","Strike_R","Defend_R","Defend_R","Defend_R","Defend_R","Limit Break+1","Flex+1","Twin Strike","Inflame+1","Perfected Strike+1","Pommel Strike","Bloodletting","Perfected Strike","Twin Strike+1"],"relics":["Black Blood","Strawberry","Blood Vial","Paper Frog","Akabeko"],"acts_visited":["Exordium","TheCity"],"potions_floor_usage":[6,6,16,28],"damage_taken":[{"damage":5.0,"enemies":"Small Slimes","floor":1.0,"turns":4.0},{"damage":6.0,"enemies":"Cultist","floor":3.0,"turns":3.0},{"damage":20,"enemies":"Lagavulin","floor":6,"turns":5},{"damage":10,"enemies":"2 Louse","floor":8,"turns":2},{"damage":23,"enemies":"Lots of Slimes","floor":11,"turns":5},{"damage":6,"enemies":"Looter","floor":13,"turns":2},{"damage":6,"enemies":"Blue Slaver","floor":14,"turns":3},{"damage":64,"enemies":"Hexaghost","floor":16,"turns":8},{"damage":36,"enemies":"Shell Parasite","floor":18,"turns":4},{"damage":42,"enemies":"2 Thieves","floor":22,"turns":5},{"damage":22,"enemies":"Centurion and Healer","floor":24,"turns":4},{"damage":50,"enemies":"Chosen and Byrds","floor":27,"turns":6},{"damage":23,"enemies":"Book of Stabbing","floor":28,"turns":2}],"seed_played":"7671298354068497205","potions_obtained":[{"floor":1.0,"key":"ColorlessPotion"},{"floor":3.0,"key":"FearPotion"},{"floor":11,"key":"Block Potion"},{"floor":27,"key":"Weak Potion"}],"is_trial":false,"path_per_floor":["M","?","M","$","?","E","R","M","T","?","M","$","M","M","R","B",null,"M","?","?","?","M","R","M","R","T","M","E"],"character_chosen":"IRONCLAD","items_purchased":[],"campfire_rested":3,"item_purchase_floors":[],"current_hp_per_floor":[69,69,69,69,69,62,62,58,58,58,43,43,45,47,71,15,65,43,43,43,43,15,39,31,55,55,19,0,0],"gold":252,"neow_bonus":"ONE_RANDOM_RARE_CARD","is_daily":false,"chose_seed":false,"campfire_upgraded":1,"win_rate":0.0,"timestamp":1612938019,"path_taken":["M","?","M","$","?","E","R","?","T","?","M","$","?","M","R","BOSS","M","?","?","?","?","R","?","R","T","M","E"],"items_purchased_type":[],"build_version":"2020-12-22","purchased_purges":1,"victory":false,"max_hp_per_floor":[75,75,75,75,75,82,82,82,82,82,82,82,82,82,82,82,82,82,82,82,82,82,82,82,82,82,82,82,82],"card_choices":[{"not_picked":["Flame Barrier","Ghostly Armor"],"picked":"Flex","floor":1.0},{"not_picked":["Cleave","Ghostly Armor"],"picked":"Twin Strike","floor":3.0},{"not_picked":["Wild Strike","Sword Boomerang"],"picked":"Inflame","floor":6},{"not_picked":["Dark Embrace","Perfected Strike","Pommel Strike"],"picked":"SKIP","floor":8},{"not_picked":["Dark Embrace","Pommel Strike"],"picked":"Perfected Strike","floor":8},{"not_picked":["Rage","Cleave"],"picked":"Pommel Strike","floor":11},{"not_picked":["Immolate","Burning Pact"],"picked":"Bloodletting","floor":13},{"not_picked":["Flex","True Grit"],"picked":"Ghostly Armor","floor":14},{"not_picked":["Warcry+1","Seeing Red"],"picked":"Perfected Strike","floor":18},{"not_picked":["Second Wind","Warcry"],"picked":"Twin Strike+1","floor":22},{"not_picked":["Evolve","Feel No Pain","Flex"],"picked":"SKIP","floor":24},{"not_picked":["Armaments","Evolve+1","Disarm"],"picked":"SKIP","floor":27}],"player_experience":1087580,"relics_obtained":[{"floor":6,"key":"Strawberry"},{"floor":9,"key":"Blood Vial"},{"floor":26,"key":"Akabeko"}],"event_choices":[{"damage_healed":0.0,"max_hp_gain":0.0,"max_hp_loss":0.0,"gold_gain":0.0,"event_name":"Living Wall","player_choice":"Grow","floor":2.0,"gold_loss":0.0,"damage_taken":0.0,"cards_upgraded":["Limit Break"]},{"damage_healed":0.0,"max_hp_gain":0.0,"max_hp_loss":0.0,"gold_gain":0.0,"event_name":"Upgrade Shrine","player_choice":"Upgraded","floor":5.0,"gold_loss":0.0,"damage_taken":0.0,"cards_upgraded":["Flex"]},{"damage_healed":0,"gold_gain":0,"player_choice":"Upgraded","damage_taken":0,"max_hp_gain":0,"max_hp_loss":0,"event_name":"Upgrade Shrine","floor":10,"gold_loss":0,"cards_upgraded":["Perfected Strike"]},{"cards_removed":["Bash"],"damage_healed":0,"gold_gain":0,"player_choice":"Gave Gold","damage_taken":0,"max_hp_gain":0,"max_hp_loss":0,"event_name":"Beggar","floor":19,"gold_loss":75},{"damage_healed":0,"gold_gain":0,"player_choice":"Ignored","damage_taken":0,"max_hp_gain":0,"max_hp_loss":0,"event_name":"Ghosts","floor":20,"gold_loss":0},{"cards_removed":["Ghostly Armor"],"damage_healed":0,"gold_gain":0,"player_choice":"Gave Card","damage_taken":0,"relics_obtained":["Paper Frog"],"max_hp_gain":0,"max_hp_loss":0,"event_name":"WeMeetAgain","floor":21,"gold_loss":0}],"is_beta":false,"boss_relics":[{"not_picked":["Sozu","Pandora\u0027s Box"],"picked":"Black Blood"}],"items_purged_floors":[4],"is_endless":false,"potions_floor_spawned":[1,3,11,27],"killed_by":"Book of Stabbing","ascension_level":18}}