{"host":"9glxjasd35ghdaim","time":1612925172,"event":{"mods":["Act Like it!","AlwaysNeverKeys","Aspiration","Bard","BaseMod","Better Third Choice","CCEM2","CapriCore","Colored Map","Colored Powertips","Dark Map","Displayed Cursed Tome","Energized Spire","GifTheSpireLib","Halation","Hermit","Infinite Spire","Jorbs\u0027s Wanderer Trilogy","Luminous","Marisa????????","Minty Spire (QoL Compilation)","Permanent Neow","Quick Restart","Random Character Button","Rare Cards Sparkle","Reliquary","Replay The Spire","Shade Mod","Spicy Shops","StS++","StSLib","Stuff the Spire","The Administrix","The Animator","The Blue Laboratory","The Bug Knight","The Construct","The Cursed","The Disciple","The Florist","The Hierophant","The Problem Sleuth","The Senshi","The Servant 0.9.4","The Wild Card","TheSwordswoman","Unceasing Turn Reminder","Wandering Minibosses"],"gold_per_floor":[114,114,134,150,150,184,184,184,184],"floor_reached":8,"language":"ENG","playtime":709,"items_purged":[],"score":59,"play_id":"3387b887-a55a-4f55-ae86-a164bcac2f6e","local_time":"20210209214612","is_ascension_mode":true,"campfire_choices":[],"circlet_count":0,"master_deck":["Strike_P","Strike_P","Strike_P","Defend_P","Defend_P","Defend_P","Eruption","Vigilance","Replay:LoomingThreat","Replay:ManipulateFuture","StuffTheSpire:CuriosityCurse","FlurryOfBlows","EmptyBody","MasterReality","ForeignInfluence","Steam"],"relics":["PureWater","infinitespire:Lychee Nut","aspiration:BabyByrd","CCEMRelics:JestersCrown"],"acts_visited":["Exordium"],"potions_floor_usage":[8],"damage_taken":[{"damage":22,"enemies":"Jaw Worm","floor":1,"turns":2},{"damage":0,"enemies":"Small Slimes","floor":3,"turns":3},{"damage":0,"enemies":"2 Louse","floor":4,"turns":2},{"damage":19,"enemies":"Replay:BlueRogue","floor":6,"turns":5},{"damage":56,"enemies":"Lagavulin","floor":8,"turns":5}],"seed_played":"-5164738353404972669","potions_obtained":[{"floor":1,"key":"blueLaboratory:EnragingPotion"}],"is_trial":false,"path_per_floor":["M","?","M","M","?","E","?","E"],"character_chosen":"WATCHER","items_purchased":[],"campfire_rested":0,"item_purchase_floors":[],"current_hp_per_floor":[50,50,54,54,54,37,37,0,0],"gold":184,"neow_bonus":"ONE_RANDOM_RARE_CARD","is_daily":false,"chose_seed":false,"campfire_upgraded":0,"win_rate":0.0,"timestamp":1612925172,"path_taken":["M","?","M","M","?","E","?","E"],"items_purchased_type":[],"build_version":"2020-12-22","purchased_purges":0,"victory":false,"max_hp_per_floor":[72,54,54,54,54,54,54,54,54],"card_choices":[{"not_picked":["SashWhip","StSpp:Purify"],"picked":"Replay:ManipulateFuture","floor":1},{"not_picked":["Halt","Evaluate"],"picked":"FlurryOfBlows","floor":3},{"not_picked":["Replay:Battleflow","FlurryOfBlows"],"picked":"EmptyBody","floor":4},{"not_picked":["Collect","Replay:Vibes"],"picked":"MasterReality","floor":6}],"player_experience":255635,"relics_obtained":[{"floor":6,"key":"CCEMRelics:JestersCrown"}],"event_choices":[],"is_beta":false,"boss_relics":[],"items_purged_floors":[],"is_endless":false,"potions_floor_spawned":[1],"killed_by":"Lagavulin","ascension_level":1}}