{"host":"k5fgrtcqzqosfxt0","time":1612967574,"event":{"mods":["Act Like it!","Aspiration","BaseMod","Downfall","Gensokyo","Minty Spire (QoL Compilation)","MostiFishMod","StSLib","TestMod","UnlockEverythingMod"],"gold_per_floor":[117,127,137,151,162,192,192,219,219,232,232,242,271,289,289,364,364,381,223,237,237,237,237,253,272,272,301,313,343,381,412,424,511,523,548,608,363,363,363,363],"floor_reached":39,"language":"ZHS","playtime":1490,"items_purged":["Strike_R","Strike_R"],"score":854,"play_id":"eab205f8-a0c4-41e9-a3c1-14130ecfa384","local_time":"20210210223254","is_ascension_mode":true,"campfire_choices":[{"data":"Armaments","floor":7,"key":"SMITH"},{"data":"Body Slam","floor":11,"key":"SMITH"},{"data":"Whirlwind","floor":15,"key":"SMITH"},{"data":"True Grit","floor":23,"key":"SMITH"},{"data":"Pommel Strike","floor":28,"key":"SMITH"},{"data":"Pommel Strike","floor":32,"key":"SMITH"}],"circlet_count":0,"master_deck":["AscendersBane","Strike_R","Defend_R","Defend_R","Defend_R","Defend_R","Bash","Pommel Strike+1","True Grit+1","Flame Barrier","Armaments+1","Body Slam+1","Shockwave","Shrug It Off","Disarm","Whirlwind+1","Fire Breathing","Dark Embrace","Ghostly","Ghostly","Ghostly","Pommel Strike+1","Evolve","Power Through","Offering","Burning Pact"],"relics":["Burning Blood","testmod-TestBox","DaveBox","testmod-Fanaticism","NeowsBlessing","SynthV:TestCard","Pantograph","Bronze Scales","Runic Dome","Nloth\u0027s Gift","MawBank","testmod-AssaultLearning","Empty Cage","Ice Cream","Omamori"],"acts_visited":["Exordium","TheCity","TheBeyond"],"potions_floor_usage":[6,29,33,36],"damage_taken":[{"damage":0,"enemies":"Cultist","floor":1,"turns":1},{"damage":0,"enemies":"Jaw Worm","floor":2,"turns":1},{"damage":0,"enemies":"2 Louse","floor":3,"turns":1},{"damage":25,"enemies":"Lots of Slimes","floor":4,"turns":4},{"damage":10,"enemies":"Looter","floor":5,"turns":2},{"damage":6,"enemies":"Gremlin Nob","floor":6,"turns":3},{"damage":49,"enemies":"3 Sentries","floor":8,"turns":10},{"damage":6,"enemies":"Blue Slaver","floor":10,"turns":2},{"damage":18,"enemies":"3 Louse","floor":12,"turns":4},{"damage":46,"enemies":"Gremlin Nob","floor":13,"turns":4},{"damage":0,"enemies":"Gremlin Gang","floor":14,"turns":1},{"damage":35,"enemies":"Hexaghost","floor":16,"turns":8},{"damage":48,"enemies":"Spheric Guardian","floor":18,"turns":4},{"damage":30,"enemies":"Shell Parasite","floor":20,"turns":2},{"damage":6,"enemies":"Chosen and Byrds","floor":24,"turns":2},{"damage":3,"enemies":"Snake Plant","floor":25,"turns":3},{"damage":0,"enemies":"Cultist and Chosen","floor":27,"turns":4},{"damage":36,"enemies":"Centurion and Healer","floor":29,"turns":4},{"damage":7,"enemies":"Gremlin Leader","floor":30,"turns":5},{"damage":12,"enemies":"Snake Plant","floor":31,"turns":4},{"damage":10,"enemies":"Collector","floor":33,"turns":8},{"damage":21,"enemies":"3 Darklings","floor":35,"turns":5},{"damage":33,"enemies":"2 Orb Walkers","floor":36,"turns":4},{"damage":34,"enemies":"3 Shapes","floor":39,"turns":1}],"seed_played":"8996142683197319546","potions_obtained":[{"floor":4,"key":"champ:CounterPotion"},{"floor":5,"key":"Strength Potion"},{"floor":6,"key":"SkillPotion"},{"floor":12,"key":"Swift Potion"},{"floor":31,"key":"BlessingOfTheForge"},{"floor":33,"key":"BloodPotion"},{"floor":36,"key":"SteroidPotion"}],"is_trial":false,"path_per_floor":["M","M","M","M","M","E","R","E","T","M","R","M","E","M","R","B",null,"M","$","M","?","?","R","M","M","T","M","R","M","E","M","R","B",null,"M","?","$","?","M"],"character_chosen":"IRONCLAD","items_purchased":["Fire Breathing","Omamori"],"campfire_rested":0,"item_purchase_floors":[19,37],"current_hp_per_floor":[74,75,75,71,72,73,73,75,75,75,75,74,62,68,68,71,74,49,49,66,37,37,37,37,37,37,37,37,37,37,33,33,37,37,35,23,23,23,0,0],"gold":363,"neow_bonus":"THREE_ENEMY_KILL","is_daily":false,"chose_seed":false,"campfire_upgraded":6,"win_rate":0.0,"timestamp":1612967574,"path_taken":["M","M","M","M","M","E","R","E","T","M","R","M","E","?","R","BOSS","M","$","M","?","?","R","M","M","T","?","R","M","E","M","R","BOSS","M","?","$","?","M"],"items_purchased_type":["Card","Relic"],"build_version":"2020-12-22","purchased_purges":2,"victory":false,"max_hp_per_floor":[75,75,75,75,75,75,75,75,75,75,75,75,75,75,75,75,75,75,75,75,37,37,37,37,37,37,37,37,37,37,37,37,37,37,37,37,37,37,37,37],"card_choices":[{"not_picked":["Warcry","Sword Boomerang"],"picked":"Pommel Strike","floor":1},{"not_picked":["Spot Weakness","Bloodletting","Sentinel","Clothesline"],"picked":"True Grit","floor":2},{"not_picked":["Wild Strike","Twin Strike","True Grit","Heavy Blade"],"picked":"Flame Barrier","floor":3},{"not_picked":["Disarm","Flame Barrier","Iron Wave","Cleave"],"picked":"Armaments","floor":4},{"not_picked":["Havoc","MostiFishMod:ChineseTea","Wild Strike","Clothesline","Thunderclap"],"picked":"SKIP","floor":5},{"not_picked":["Seeing Red","Clash","Shrug It Off","Flame Barrier"],"picked":"Body Slam","floor":6},{"not_picked":["Pummel","Wild Strike","Rupture","Dropkick"],"picked":"Shockwave","floor":8},{"not_picked":["Havoc","Whirlwind","Disarm","Fire Breathing"],"picked":"Shrug It Off","floor":10},{"not_picked":["Metallicize","Hemokinesis","Inflame","Havoc"],"picked":"Disarm","floor":12},{"not_picked":["Iron Wave","MostiFishMod:OrdinaryWorld","Perfected Strike","Havoc"],"picked":"Whirlwind","floor":13},{"not_picked":["Iron Wave","Perfected Strike","Sentinel","Shrug It Off","Ghostly Armor"],"picked":"SKIP","floor":14},{"not_picked":["Pummel","Reckless Charge","Anger","Shockwave+1","Twin Strike"],"picked":"SKIP","floor":18},{"not_picked":["Clothesline","Shrug It Off","Metallicize","Havoc+1"],"picked":"Dark Embrace","floor":20},{"not_picked":["Infernal Blade","Perfected Strike+1","Shrug It Off","Dropkick"],"picked":"Pommel Strike","floor":24},{"not_picked":["Clash","Clothesline","Wild Strike","Thunderclap","Infernal Blade"],"picked":"SKIP","floor":25},{"not_picked":["Whirlwind+1","Shrug It Off","Twin Strike","MostiFishMod:UltimateDefense","Flex"],"picked":"SKIP","floor":27},{"not_picked":["Pummel","Clash","MostiFishMod:TemporaryOutbreak","Rampage+1"],"picked":"Evolve","floor":29},{"not_picked":["Hemokinesis+1","Rage","MostiFishMod:HellRitual","Flame Barrier","Iron Wave"],"picked":"SKIP","floor":30},{"not_picked":["Rupture","Iron Wave","Searing Blow","Infernal Blade"],"picked":"Power Through","floor":31},{"not_picked":["Bludgeon","MostiFishMod:DarkDeal","Impervious","MostiFishMod:PerfectStrikeMKII"],"picked":"Offering","floor":33},{"not_picked":["Wild Strike+1","Berserk","Rage","Dual Wield","Warcry+1"],"picked":"SKIP","floor":35},{"not_picked":["Armaments+1","Pommel Strike+1","Pummel","Combust"],"picked":"Burning Pact","floor":36}],"player_experience":638821,"relics_obtained":[{"floor":1,"key":"SynthV:TestCard"},{"floor":6,"key":"Pantograph"},{"floor":8,"key":"Art of War"},{"floor":13,"key":"Bronze Scales"},{"floor":26,"key":"MawBank"},{"floor":30,"key":"testmod-AssaultLearning"},{"floor":36,"key":"Ice Cream"}],"event_choices":[{"damage_healed":0,"gold_gain":0,"player_choice":"Became a Ghost","damage_taken":0,"max_hp_gain":0,"max_hp_loss":38,"event_name":"Ghosts","floor":21,"gold_loss":0,"cards_obtained":["Ghostly","Ghostly","Ghostly"]},{"damage_healed":0,"gold_gain":0,"player_choice":"Traded Relic","damage_taken":0,"relics_obtained":["Nloth\u0027s Gift"],"max_hp_gain":0,"max_hp_loss":0,"event_name":"N\u0027loth","floor":22,"relics_lost":["Art of War"],"gold_loss":0},{"damage_healed":0,"gold_gain":0,"player_choice":"Fight","damage_taken":0,"max_hp_gain":0,"max_hp_loss":0,"event_name":"Mysterious Sphere","floor":36,"gold_loss":0},{"damage_healed":0,"gold_gain":0,"player_choice":"Ignored","damage_taken":0,"max_hp_gain":0,"max_hp_loss":0,"event_name":"Tomb of Lord Red Mask","floor":38,"gold_loss":0}],"is_beta":false,"boss_relics":[{"not_picked":["SlaversCollar","testmod-SaigiyounoYou"],"picked":"Runic Dome"},{"not_picked":["Philosopher\u0027s Stone","RhineFirstAidKit"],"picked":"Empty Cage"}],"items_purged_floors":[19,37],"is_endless":false,"potions_floor_spawned":[4,5,6,8,12,25,31,33,36],"killed_by":"3 Shapes","ascension_level":20}}