{"host":"jgqxb38yl0c1w101","time":1612994920,"event":{"mods":["2.2 Compatiblity","AchievementEnabler","BaseMod","Colored Map","Downfall","Highlight Path","Hubris","Minty Spire (QoL Compilation)","Monster B Gone","Random Character Button","Relic Stats","Replay The Spire","StSLib"],"gold_per_floor":[99,99,24,124,124,154,154,165,192,209,209,309,309,324,335,435,435,435,448,448,462,472,485,485,485,485],"floor_reached":25,"language":"ENG","playtime":1481,"items_purged":["Defend_R"],"score":243,"play_id":"7a7a1c5d-76c5-4e18-82b8-a3beb9a6fe2b","local_time":"20210210170840","is_ascension_mode":true,"campfire_choices":[{"data":"Bash","floor":1,"key":"SMITH"},{"data":"Searing Blow","floor":11,"key":"SMITH"},{"data":"Searing Blow+1","floor":13,"key":"SMITH"},{"data":"Searing Blow+2","floor":18,"key":"SMITH"}],"circlet_count":0,"master_deck":["Strike_R","Strike_R","Strike_R","Bash+1","Clash","Shrug It Off","Eclipse","Fiend Fire","Headbutt","Hemokinesis","Searing Blow+4","ReplayTheSpireMod:Corrosion Curse","Replay:Many Hands","Voices","Sickly","Warcry","Thunderclap"],"relics":["Burning Blood","downfall:HeartsMalice","Nunchaku","Self Forming Clay","Pen Nib","Kintsugi"],"acts_visited":["Exordium","TheCity"],"potions_floor_usage":[9,9,16,19,22,23,25],"damage_taken":[{"damage":0,"enemies":"Small Slimes","floor":2,"turns":1},{"damage":0,"enemies":"downfall:FleeingMerchant","floor":3,"turns":1},{"damage":0,"enemies":"Cultist","floor":5,"turns":1},{"damage":34,"enemies":"3 Sentries","floor":6,"turns":12},{"damage":0,"enemies":"Jaw Worm","floor":8,"turns":3},{"damage":4,"enemies":"Gremlin Nob","floor":9,"turns":3},{"damage":22,"enemies":"Large Slime","floor":10,"turns":3},{"damage":2,"enemies":"Lots of Slimes","floor":14,"turns":4},{"damage":11,"enemies":"Exordium Thugs","floor":15,"turns":4},{"damage":27,"enemies":"WA_ARCHETYPE_RETAIN","floor":16,"turns":5},{"damage":35,"enemies":"3 Byrds","floor":19,"turns":6},{"damage":36,"enemies":"Snake Plant","floor":21,"turns":3},{"damage":12,"enemies":"Cultist and Chosen","floor":22,"turns":4},{"damage":3,"enemies":"Centurion and Healer","floor":23,"turns":3},{"damage":18,"enemies":"Shelled Parasite and Fungi","floor":25,"turns":2}],"seed_played":"-4734783608431461106","potions_obtained":[{"floor":6,"key":"SkillPotion"},{"floor":8,"key":"LiquidMemories"},{"floor":9,"key":"Regen Potion"},{"floor":10,"key":"Strength Potion"},{"floor":15,"key":"Fire Potion"},{"floor":16,"key":"SpeedPotion"},{"floor":19,"key":"SteroidPotion"},{"floor":21,"key":"LiquidMemories"},{"floor":23,"key":"ColorlessPotion"}],"is_trial":false,"path_per_floor":["R","M","$","?","M","E","T","M","E","M","R","?","R","M","M","B",null,"R","M","?","M","M","M","T","M"],"character_chosen":"IRONCLAD","items_purchased":[],"campfire_rested":0,"item_purchase_floors":[],"current_hp_per_floor":[80,80,80,80,80,52,52,58,60,44,44,44,44,48,43,36,80,80,51,51,21,15,18,18,0,0],"gold":485,"neow_bonus":"THREE_ENEMY_KILL","is_daily":false,"chose_seed":false,"campfire_upgraded":4,"win_rate":0.0,"timestamp":1612994920,"path_taken":["R","M","$","?","M","E","T","?","E","M","R","?","R","M","M","BOSS","R","M","?","M","M","M","T","M"],"items_purchased_type":[],"build_version":"2020-12-22","purchased_purges":1,"victory":false,"max_hp_per_floor":[80,80,80,80,80,80,80,80,80,80,80,80,80,80,80,80,80,80,80,80,80,80,80,80,80,80],"relic_stats":{"Nunchaku":[8],"counters":[15,52],"Self Forming Clay":[108],"Pen Nib":[6],"obtain_stats":[{"Nunchaku":6,"Self Forming Clay":7,"downfall:HeartsMalice":0,"Pen Nib":9,"Kintsugi":17,"Burning Blood":0},{"Nunchaku":4,"Self Forming Clay":4,"downfall:HeartsMalice":0,"Pen Nib":6,"Kintsugi":10,"Burning Blood":0},{"Nunchaku":12,"Self Forming Clay":12,"downfall:HeartsMalice":0,"Pen Nib":18,"Kintsugi":34,"Burning Blood":0}],"Burning Blood":66},"card_choices":[{"not_picked":["Flex","Defy Death"],"picked":"Clash","floor":2},{"not_picked":["ReplayTheSpireMod:Muscle Training","Thunderclap"],"picked":"Shrug It Off","floor":3},{"not_picked":["Sword Boomerang","Life Link"],"picked":"Eclipse","floor":5},{"not_picked":["Life Link","Wild Strike"],"picked":"Fiend Fire","floor":6},{"not_picked":["Warcry","Replay:Undeath\u0027s Touch"],"picked":"Headbutt","floor":8},{"not_picked":["Perfected Strike","Dual Wield"],"picked":"Hemokinesis","floor":9},{"not_picked":["Carnage","Metallicize"],"picked":"Searing Blow","floor":10},{"not_picked":["Cleave","Inflame"],"picked":"ReplayTheSpireMod:Corrosion Curse","floor":14},{"not_picked":["Uppercut","Massacre","Body Slam"],"picked":"SKIP","floor":15},{"not_picked":["Bludgeon","Fiend Fire"],"picked":"Replay:Many Hands","floor":16},{"not_picked":["Sever Soul+1","Whirlwind","Iron Wave"],"picked":"SKIP","floor":19},{"not_picked":["Twin Strike","Run Through"],"picked":"Warcry","floor":21},{"not_picked":["Shrug It Off","Carnage+1"],"picked":"Thunderclap","floor":22},{"not_picked":["Anger","Havoc","Sword Boomerang"],"picked":"SKIP","floor":23}],"player_experience":184758,"relics_obtained":[{"floor":6,"key":"Nunchaku"},{"floor":7,"key":"Self Forming Clay"},{"floor":9,"key":"Pen Nib"}],"event_choices":[{"damage_healed":0,"gold_gain":0,"player_choice":"Forge","damage_taken":0,"max_hp_gain":0,"max_hp_loss":0,"event_name":"Accursed Blacksmith","floor":20,"gold_loss":0,"cards_upgraded":["Searing Blow"]}],"is_beta":false,"boss_relics":[{"not_picked":["Coffee Dripper","SacredBark"],"picked":"Kintsugi"}],"items_purged_floors":[3],"is_endless":false,"potions_floor_spawned":[6,8,9,10,15,16,19,21,23],"killed_by":"Shelled Parasite and Fungi","ascension_level":3}}