{"host":"665g8wmplxs7g59h","time":1612974934,"event":{"mods":["AchievementEnabler","BaseMod","Colored Map","DeckTracker","Minty Spire (QoL Compilation)","Permanent Neow","SuperFastMode"],"gold_per_floor":[112,124,140,151,163,163,181,181,181,181,194,224,235,87,87,87,87],"floor_reached":16,"language":"KOR","playtime":552,"items_purged":["Strike_G"],"score":96,"play_id":"ee19fb3c-450c-4f54-a4f1-75bddb8544a8","local_time":"20210211013534","is_ascension_mode":false,"campfire_choices":[{"data":"Survivor","floor":6,"key":"SMITH"},{"data":"Deadly Poison","floor":10,"key":"SMITH"},{"floor":15,"key":"REST"}],"circlet_count":0,"master_deck":["Strike_G","Strike_G","Strike_G","Strike_G","Defend_G","Defend_G","Defend_G","Defend_G","Defend_G","Survivor+1","Neutralize","Deadly Poison+1","Quick Slash","Backflip","Backflip","Well Laid Plans"],"relics":["Ring of the Snake","Gremlin Horn"],"acts_visited":["Exordium"],"potions_floor_usage":[11,16,16],"damage_taken":[{"damage":5,"enemies":"Jaw Worm","floor":1,"turns":5},{"damage":2,"enemies":"Small Slimes","floor":2,"turns":4},{"damage":13,"enemies":"2 Louse","floor":3,"turns":3},{"damage":0,"enemies":"Blue Slaver","floor":4,"turns":4},{"damage":13,"enemies":"2 Fungi Beasts","floor":5,"turns":5},{"damage":8,"enemies":"Exordium Wildlife","floor":7,"turns":6},{"damage":18,"enemies":"Large Slime","floor":11,"turns":6},{"damage":11,"enemies":"3 Louse","floor":13,"turns":3},{"damage":20,"enemies":"Slime Boss","floor":16,"turns":10}],"seed_played":"-3729131553454985297","potions_obtained":[{"floor":2,"key":"PowerPotion"},{"floor":5,"key":"Weak Potion"},{"floor":13,"key":"LiquidBronze"}],"is_trial":false,"path_per_floor":["M","M","M","M","M","R","M","?","T","R","M","?","M","$","R","B"],"character_chosen":"THE_SILENT","items_purchased":["Well Laid Plans"],"campfire_rested":1,"item_purchase_floors":[14],"current_hp_per_floor":[72,70,57,57,44,44,36,36,36,36,18,18,7,7,30,10,10],"gold":87,"neow_bonus":"TEN_PERCENT_HP_BONUS","is_daily":false,"chose_seed":false,"campfire_upgraded":2,"win_rate":0.0,"timestamp":1612974934,"path_taken":["M","M","M","M","M","R","M","?","T","R","M","?","M","$","R","BOSS"],"items_purchased_type":["Card"],"build_version":"2020-12-22","purchased_purges":1,"victory":false,"max_hp_per_floor":[77,77,77,77,77,77,77,77,77,77,77,77,77,77,77,77,77],"card_choices":[{"not_picked":["PiercingWail","Deflect","Bane"],"picked":"SKIP","floor":1},{"not_picked":["Dagger Throw","Outmaneuver"],"picked":"Deadly Poison","floor":2},{"not_picked":["Eviscerate","Prepared"],"picked":"Quick Slash","floor":3},{"not_picked":["Bane","Doppelganger","Distraction"],"picked":"SKIP","floor":4},{"not_picked":["Terror","PiercingWail","Heel Hook"],"picked":"SKIP","floor":5},{"not_picked":["Eviscerate","Skewer","Dagger Spray"],"picked":"SKIP","floor":7},{"not_picked":["Masterful Stab","Skewer"],"picked":"Backflip","floor":11},{"not_picked":["Acrobatics","Terror"],"picked":"Backflip","floor":13}],"player_experience":89278,"relics_obtained":[{"floor":9,"key":"Gremlin Horn"}],"event_choices":[{"damage_healed":0,"gold_gain":0,"player_choice":"Ignored","damage_taken":0,"max_hp_gain":0,"max_hp_loss":0,"event_name":"Liars Game","floor":8,"gold_loss":0},{"damage_healed":0,"gold_gain":30,"player_choice":"Searched \u00272\u0027 times","damage_taken":0,"max_hp_gain":0,"max_hp_loss":0,"event_name":"Dead Adventurer","floor":12,"gold_loss":0}],"is_beta":false,"boss_relics":[],"items_purged_floors":[14],"is_endless":false,"potions_floor_spawned":[2,5,13],"killed_by":"Slime Boss","ascension_level":0}}