{"host":"ucgrft0m53zzt06v","time":1612944616,"event":{"mods":["BaseMod","Colored Map","Colored Powertips","Conspire","HololiveMod","KinomotoSakuraMod(木之本樱)","Lobotomy","Minty Spire (QoL Compilation)","Quick Restart","Replay The Spire","Shop Mod","Spicy Shops","StSLib","Td1madao Mod","The Senshi","Waifu the Spire","WarShipGirlsR/战舰少女R mod","【遗物卡牌】REMEMod"],"gold_per_floor":[76,76,95,95,108,108,183,183,207,7,38,38,38,54,54,159,159,176,176,196,2,19,19,52,52,52,86,105,19,39,59,59,159,159,177,201,220,220,1037,1068,1068,1068,1092,1104,1012,1012,1045,1120,1120,1122],"floor_reached":51,"language":"ZHS","playtime":2546,"items_purged":["Hololive_Strike","Hololive_Strike","Injury"],"score":2065,"play_id":"e6b09ac0-cfb6-4df7-8119-f3b6761d1eb3","local_time":"20210210161016","is_ascension_mode":true,"campfire_choices":[{"data":"Hololive_Rebound","floor":6,"key":"SMITH"},{"data":"Hololive_Breathe","floor":8,"key":"SMITH"},{"data":"Hololive_CocoNews","floor":12,"key":"SMITH"},{"floor":15,"key":"DIG"},{"data":"Hololive_Sequa","floor":23,"key":"SMITH"},{"data":"Hololive_Defend","floor":25,"key":"SMITH"},{"data":"ReplayTheSpireMod:Private Reserves","floor":32,"key":"SMITH"},{"data":"Hololive_Trident","floor":42,"key":"SMITH"},{"data":"Hololive_Yoholoon","floor":42,"key":"SMITH"},{"data":"Hololive_OvertimeWork","floor":46,"key":"SMITH"},{"data":"REME_Flogging","floor":46,"key":"SMITH"},{"data":"Hololive_Yoholoon","floor":49,"key":"SMITH"},{"data":"Hololive_StarCraft","floor":49,"key":"SMITH"}],"circlet_count":0,"master_deck":["AscendersBane","Hololive_Strike","Hololive_Strike","Hololive_Defend+1","Hololive_Defend","Hololive_Defend+1","Hololive_Defend+1","Hololive_Sequa+1","Hololive_Rebound+1","Black Contract+1","Hololive_DurableLive","Hololive_FlyingPonyTail","Hololive_Psychosis+1","Hololive_Breathe+1","Hololive_FlyingPonyTail","Hololive_CocoNews+1","Hololive_Drill","Hololive_Recruit","Hololive_FlyingPonyTail","Hololive_HuntDinosaur+1","Hololive_RevenueBasedLive+1","Hololive_CandyCastle+1","Hololive_FlyingPonyTail","Hololive_StrengthChampion","ReplayTheSpireMod:Private Reserves+1","Hololive_FlyingPonyTail+1","Hololive_Rebound","Hololive_StarCraft+1","Hololive_Trident+1","REME_FirmDetermination","Hololive_Yoholoon+1","Hololive_CandyCastle","REME_HeartOfCthun","Swift Strike","Hololive_OvertimeWork+1","REME_Flogging+1","Pot Of Greed","Pot Of Greed","Pot Of Greed","Pot Of Greed","Hololive_Yoholoon+1"],"relics":["Hololive_TheStar","Hololive_OneManArmy","REME_ComplimentaryCards","Bag of Preparation","conspire:Dentures","Ring of Chaos","Mercury Hourglass","Thread and Needle","Bottled Flame","Pet Ghost","Replay:Bronze Core","MerchantsRug","REME_OnlineShoppingPlatform","Replay:Arrowhead","Pondfish Scales","ClockworkSouvenir","Bottled Lightning","Oddly Smooth Stone","Ring of Peace","ReplayTheSpireMod:Ring of Challenge","Bag of Marbles","Replay:Accelerometer","Ancient Tea Set","Frozen Eye","HandDrill","ReplayFunnel","Grinning Jar","theSenshi:FeatherClipsRelic","Lantern"],"acts_visited":["Exordium","TheCity","TheBeyond"],"potions_floor_usage":[11,18,33,39],"damage_taken":[{"damage":0,"enemies":"Jaw Worm","floor":1,"turns":3},{"damage":0,"enemies":"Cultist","floor":3,"turns":3},{"damage":3,"enemies":"conspire:RoseBush","floor":5,"turns":1},{"damage":9,"enemies":"Gremlin Nob","floor":11,"turns":3},{"damage":0,"enemies":"Lots of Slimes","floor":14,"turns":2},{"damage":0,"enemies":"Fading Forest","floor":16,"turns":11},{"damage":0,"enemies":"3 Byrds","floor":18,"turns":4},{"damage":0,"enemies":"2 Thieves","floor":20,"turns":4},{"damage":4,"enemies":"conspire:HollyBat","floor":22,"turns":7},{"damage":0,"enemies":"conspire:Head Lice","floor":24,"turns":5},{"damage":7,"enemies":"conspire:SneckoGhost","floor":27,"turns":5},{"damage":0,"enemies":"3 Cultists","floor":28,"turns":4},{"damage":0,"enemies":"Centurion and Healer","floor":30,"turns":2},{"damage":0,"enemies":"Shelled Parasite and Fungi","floor":31,"turns":3},{"damage":0,"enemies":"Pondfish","floor":33,"turns":10},{"damage":0,"enemies":"3 Shapes","floor":35,"turns":3},{"damage":0,"enemies":"3 Darklings","floor":36,"turns":5},{"damage":20,"enemies":"Maw","floor":37,"turns":8},{"damage":0,"enemies":"Nemesis","floor":40,"turns":5},{"damage":0,"enemies":"Transient","floor":44,"turns":5},{"damage":0,"enemies":"conspire:MimicChest","floor":47,"turns":2},{"damage":0,"enemies":"Giant Head","floor":48,"turns":5},{"damage":0,"enemies":"Awakened One","floor":50,"turns":6}],"seed_played":"-3740746327306929995","potions_obtained":[{"floor":1,"key":"DistilledChaos"},{"floor":5,"key":"LiquidBronze"},{"floor":16,"key":"ColorlessPotion"},{"floor":20,"key":"Dexterity Potion"},{"floor":22,"key":"Block Potion"},{"floor":33,"key":"Venom Potion"}],"is_trial":false,"path_per_floor":["M","?","M","?","M","R","?","R","T","$","E","R","$","M","R_BF","B",null,"M","?","M","$","M","R","E","R","T","E","M","$","M","M","R","B",null,"M","M","M","?","$","E","?","R","T","M","$","R","?","E","R","B",null],"character_chosen":"Hololive_HololiveCharacter","items_purchased":["Hololive_FlyingPonyTail","Bag of Preparation","Mercury Hourglass","ReplayTheSpireMod:Private Reserves","MerchantsRug","REME_OnlineShoppingPlatform","Replay:Bottled Snecko","Replay:Arrowhead","Pondfish Scales","ClockworkSouvenir","Hololive_Yoholoon","Hololive_CandyCastle","Bottled Lightning","REME_HeartOfCthun","Swift Strike","Replay:Accelerometer","Ancient Tea Set","Frozen Eye","HandDrill","ReplayFunnel","REME_Flogging","Grinning Jar"],"campfire_rested":0,"item_purchase_floors":[10,10,21,29,39,39,39,39,39,39,39,39,39,39,39,45,45,45,45,45,45,45],"current_hp_per_floor":[32,32,32,32,29,29,18,18,18,18,9,9,9,9,9,25,33,33,33,33,33,29,29,29,29,29,22,22,22,22,22,22,22,32,32,32,12,12,17,17,17,17,17,17,17,17,17,23,23,29],"gold":1122,"neow_bonus":"ONE_RANDOM_RARE_CARD","is_daily":false,"chose_seed":false,"campfire_upgraded":12,"win_rate":0.0,"timestamp":1612944616,"path_taken":["M","?","?","?","?","R","?","R","T","$","E","R","$","M","R_BF","BOSS","M","?","M","$","M","R","E","R","T","E","M","$","?","?","R","BOSS","M","M","M","?","$","E","?","R","T","M","$","R","?","E","R","BOSS"],"items_purchased_type":["Card","Relic","Relic","Card","Relic","Relic","Relic","Relic","Relic","Relic","Card","Card","Relic","Card","Card","Relic","Relic","Relic","Relic","Relic","Card","Relic"],"build_version":"2020-12-22","purchased_purges":3,"victory":true,"max_hp_per_floor":[35,35,35,35,35,35,35,35,35,35,35,35,35,35,35,35,35,35,35,35,35,35,35,35,35,35,35,35,35,35,35,35,35,35,35,35,35,35,40,40,40,40,40,40,40,40,40,40,40,40],"card_choices":[{"not_picked":["Hololive_RevenueBasedLive","Hololive_Sequa","Hololive_Trident"],"picked":"Hololive_FlyingPonyTail","floor":1},{"not_picked":["Hololive_CallSpadeEcho","Hololive_Rebound","Hololive_CallHoshimachiSuisei"],"picked":"Hololive_Psychosis","floor":3},{"not_picked":["Hololive_Psychosis","Hololive_CallShirakamiFubuki","Hololive_Teleport"],"picked":"Hololive_Breathe","floor":5},{"not_picked":["Hololive_CallHimemoriLuna","Hololive_Rebound","Hololive_CallNatsuiroMatsuri"],"picked":"Hololive_CocoNews","floor":11},{"not_picked":["Hololive_CallYogiri","Hololive_CallAkaiHaato","Hololive_CallRosalyn"],"picked":"Hololive_Drill","floor":14},{"not_picked":["Hololive_Nanodesu","Hololive_DiamondStrike","Hololive_AWSL"],"picked":"Hololive_Recruit","floor":16},{"not_picked":["Hololive_CocoNews","Hololive_Breathe","Hololive_OvertimeWork"],"picked":"Hololive_FlyingPonyTail","floor":18},{"not_picked":["Hololive_CallHimemoriLuna","Hololive_Rebound","Hololive_LuckPotion+1"],"picked":"Hololive_HuntDinosaur+1","floor":20},{"not_picked":["Hololive_ILoveYou","Hololive_CocoNews","Hololive_HuntDinosaur"],"picked":"Hololive_RevenueBasedLive+1","floor":22},{"not_picked":["Hololive_CocoNews+1","Hololive_FlyingPonyTail","Hololive_Nanodesu"],"picked":"Hololive_CandyCastle+1","floor":24},{"not_picked":["Hololive_StrengthChampion","Hololive_Spy","Hololive_CallAyundaRisu"],"picked":"Hololive_FlyingPonyTail","floor":27},{"not_picked":["Hololive_CallMinatoAqua+1","Hololive_Breathe","Hololive_Psychosis"],"picked":"Hololive_StrengthChampion","floor":28},{"not_picked":["Hololive_Trident+1","Hololive_RevenueBasedLive","Hololive_HuntDinosaur"],"picked":"Hololive_FlyingPonyTail+1","floor":30},{"not_picked":["Hololive_Breathe","Hololive_ILoveYou","Hololive_CallRoboco"],"picked":"Hololive_Rebound","floor":31},{"not_picked":["Hololive_OpenUp","Hololive_Rebirth","Hololive_ScarfAndHalo"],"picked":"Hololive_StarCraft","floor":33},{"not_picked":["Hololive_CallSakuraMiko+1","Hololive_RevenueBasedLive+1","Hololive_Rebound+1"],"picked":"Hololive_Trident","floor":35},{"not_picked":["Hololive_CallTokinoSora","Hololive_FlyingPonyTail+1","Hololive_StrengthChampion+1","Hololive_Sequa+1"],"picked":"SKIP","floor":36},{"not_picked":["Hololive_Psychosis","Hololive_StrengthChampion","Hololive_Breathe","Hololive_CallShiroganeNoel"],"picked":"SKIP","floor":37},{"not_picked":["Specialist","Good Instincts","Madness"],"picked":"REME_FirmDetermination","floor":38},{"not_picked":["Hololive_RevenueBasedLive+1","Hololive_Drill","Hololive_CallTokinoSora","Hololive_CallNatsuiroMatsuri+1"],"picked":"SKIP","floor":40},{"not_picked":["Hololive_CallKiryuuCoco+1","Hololive_Psychosis","Hololive_FlyingPonyTail"],"picked":"Hololive_OvertimeWork","floor":44},{"not_picked":["Hololive_SummonFox+1","Hololive_LuckPotion","Hololive_CallMurasakiShion"],"picked":"Hololive_Yoholoon","floor":47},{"not_picked":["Hololive_CocoNews","Hololive_CallShishiroBotan+1","Hololive_CallTokoyamiTowa+1","Hololive_CallSakuraMiko+1"],"picked":"SKIP","floor":48}],"player_experience":227943,"relics_obtained":[{"floor":9,"key":"War Paint"},{"floor":11,"key":"conspire:Dentures"},{"floor":15,"key":"Replay:Baseball"},{"floor":24,"key":"Thread and Needle"},{"floor":26,"key":"Bottled Flame"},{"floor":27,"key":"Pet Ghost"},{"floor":40,"key":"Oddly Smooth Stone"},{"floor":41,"key":"Ring of Peace"},{"floor":41,"key":"ReplayTheSpireMod:Ring of Challenge"},{"floor":43,"key":"Bag of Marbles"},{"floor":47,"key":"theSenshi:FeatherClipsRelic"},{"floor":48,"key":"Lantern"}],"event_choices":[{"damage_healed":0,"gold_gain":0,"player_choice":"Upgraded","damage_taken":0,"max_hp_gain":0,"max_hp_loss":0,"event_name":"Upgrade Shrine","floor":2,"gold_loss":0,"cards_upgraded":["Black Contract"]},{"damage_healed":0,"gold_gain":0,"player_choice":"0 cards matched","damage_taken":0,"max_hp_gain":0,"max_hp_loss":0,"event_name":"Match and Keep!","floor":4,"gold_loss":0,"cards_obtained":[]},{"damage_healed":0,"gold_gain":75,"player_choice":"Gather Gold","damage_taken":11,"max_hp_gain":0,"max_hp_loss":0,"event_name":"World of Goop","floor":7,"gold_loss":0},{"damage_healed":0,"gold_gain":0,"player_choice":"Upgraded","damage_taken":0,"max_hp_gain":0,"max_hp_loss":0,"event_name":"Upgrade Shrine","floor":19,"gold_loss":0,"cards_upgraded":["Hololive_Psychosis"]},{"damage_healed":0,"gold_gain":0,"player_choice":"Memory 1","damage_taken":0,"max_hp_gain":0,"max_hp_loss":0,"event_name":"SensoryStone","floor":38,"gold_loss":0}],"is_beta":false,"boss_relics":[{"not_picked":["conspire:SeveredTorchhead","Honey Jar"],"picked":"Ring of Chaos"},{"not_picked":["Replay:Wanted Poster","REME_DuelDisc"],"picked":"Replay:Bronze Core"}],"items_purged_floors":[21,39,45],"is_endless":false,"potions_floor_spawned":[1,5,16,20,22,33,36,40,44,47],"ascension_level":10}}