{"host":"x000krxjblg8jdg4","time":1612987646,"event":{"mods":["BaseMod","Downfall","Hermit","Minty Spire (QoL Compilation)","StSLib","The Cursed","The Runesmith","The Servant 0.9.4"],"gold_per_floor":[117,292,292,319,319,349,349,6,6,40,60,75,95,95,95,194,194,204,222,3,14,14,41,41,41,66,82,107,118,118,118],"floor_reached":30,"language":"ENG","playtime":2423,"items_purged":[],"score":344,"play_id":"9c3a3b64-f38a-4eec-a78a-a213e67bd917","local_time":"20210210180726","is_ascension_mode":true,"campfire_choices":[{"data":"KidneyShot","floor":7,"key":"SMITH"},{"data":"Regret","floor":15,"key":"PURGE"},{"floor":25,"key":"REST"}],"circlet_count":0,"master_deck":["Strike_S","Strike_S","Strike_S","Strike_S","Defend_S","Defend_S","Defend_S","Defend_S","KidneyShot+1","Exchange","Starlight","Good Instincts","Rewind","Rearm","Unruled","BottledTime","KillingDoll","BestPractice","Defy+1","Barrier+1","RitualDagger","Decay","Moonlight","Ricochet","Rewind+1"],"relics":["Uniform","NeowsBlessing","Bronze Scales","InkBottle","Lantern","Peace Pipe","Thread and Needle","Toxic Egg 2","Cursed Key","Strawberry","WingedGreaves","Omamori","Ice Cream"],"acts_visited":["Exordium","TheCity"],"potions_floor_usage":[16,16,23,23,28],"damage_taken":[{"damage":0,"enemies":"Jaw Worm","floor":1,"turns":1},{"damage":0,"enemies":"Lagavulin","floor":6,"turns":1},{"damage":0,"enemies":"Gremlin Nob","floor":10,"turns":1},{"damage":0,"enemies":"Small Slimes","floor":11,"turns":3},{"damage":0,"enemies":"2 Louse","floor":12,"turns":2},{"damage":0,"enemies":"Exordium Wildlife","floor":13,"turns":3},{"damage":9,"enemies":"Hexaghost","floor":16,"turns":13},{"damage":2,"enemies":"Spheric Guardian","floor":18,"turns":5},{"damage":0,"enemies":"Chosen","floor":19,"turns":4},{"damage":1,"enemies":"Snecko","floor":21,"turns":9},{"damage":65,"enemies":"Gremlin Leader","floor":23,"turns":14},{"damage":0,"enemies":"Shelled Parasite and Fungi","floor":27,"turns":6},{"damage":18,"enemies":"Slavers","floor":28,"turns":5},{"damage":5,"enemies":"Centurion and Healer","floor":29,"turns":4},{"damage":36,"enemies":"Gremlin Leader","floor":30,"turns":7}],"seed_played":"5947797466122277407","potions_obtained":[{"floor":1,"key":"SpeedPotion"},{"floor":10,"key":"EssenceOfSteel"},{"floor":16,"key":"Explosive Potion"},{"floor":23,"key":"hexamod:SoulburnPotion"},{"floor":29,"key":"SteroidPotion"}],"is_trial":false,"path_per_floor":["M","?","?","T","?","E","R","$","T","E","M","M","M","?","R","B",null,"M","M","$","M","?","E","?","R","T","M","E","M","E"],"character_chosen":"THE_SERVANT","items_purchased":["Lantern","FairyPotion","Good Instincts","Strawberry","Regen Potion"],"campfire_rested":1,"item_purchase_floors":[8,8,8,20,20],"current_hp_per_floor":[65,65,65,65,65,65,65,65,65,65,65,65,65,65,65,56,65,63,63,70,69,69,19,13,34,34,34,16,11,0,0],"gold":118,"neow_bonus":"THREE_ENEMY_KILL","is_daily":false,"chose_seed":false,"campfire_upgraded":1,"win_rate":0.0,"timestamp":1612987646,"path_taken":["M","?","?","?","?","E","R","$","T","E","M","?","M","?","R","BOSS","M","M","$","M","?","E","?","R","T","M","E","M","E"],"items_purchased_type":["Relic","Potion","Card","Relic","Potion"],"build_version":"2020-12-22","purchased_purges":0,"victory":false,"max_hp_per_floor":[65,65,65,65,65,65,65,65,65,65,65,65,65,65,65,65,65,65,65,72,72,72,72,72,72,72,72,72,72,72,72],"card_choices":[{"not_picked":["ReturningBlade","Hightail"],"picked":"Starlight","floor":1},{"not_picked":["Alleviate","WasteNot","Duplication"],"picked":"SKIP","floor":6},{"not_picked":["Revamp","Potential"],"picked":"Rewind","floor":10},{"not_picked":["Read","Starlight"],"picked":"Rearm","floor":11},{"not_picked":["DoubleEdge","Sabotage"],"picked":"Unruled","floor":12},{"not_picked":["Revamp","ReturningBlade"],"picked":"BottledTime","floor":13},{"not_picked":["ForgedInTime+1","LightFlow"],"picked":"KillingDoll","floor":16},{"not_picked":["Comet","Ricochet"],"picked":"BestPractice","floor":18},{"not_picked":["Snipe","StarChef"],"picked":"Defy+1","floor":19},{"not_picked":["Replace+1","Potential","TimeWarp"],"picked":"SKIP","floor":21},{"not_picked":["Revamp+1","Manipulate+1"],"picked":"Barrier+1","floor":23},{"not_picked":["Snipe","DualDimension+1"],"picked":"Moonlight","floor":27},{"not_picked":["Revamp+1","Unruled"],"picked":"Ricochet","floor":28},{"not_picked":["Spin","Starlight"],"picked":"Rewind+1","floor":29}],"player_experience":108191,"relics_obtained":[{"floor":4,"key":"Bronze Scales"},{"floor":6,"key":"InkBottle"},{"floor":9,"key":"Peace Pipe"},{"floor":10,"key":"Thread and Needle"},{"floor":23,"key":"WingedGreaves"},{"floor":26,"key":"Omamori"},{"floor":28,"key":"Ice Cream"}],"event_choices":[{"damage_healed":0,"gold_gain":175,"player_choice":"AGREE","damage_taken":0,"max_hp_gain":0,"max_hp_loss":0,"event_name":"Liars Game","floor":2,"gold_loss":0,"cards_obtained":["Doubt"]},{"cards_removed":["Doubt"],"damage_healed":0,"gold_gain":0,"player_choice":"Forget","damage_taken":0,"max_hp_gain":0,"max_hp_loss":0,"event_name":"Living Wall","floor":3,"gold_loss":0},{"damage_healed":0,"gold_gain":0,"player_choice":"Ignored","damage_taken":0,"max_hp_gain":0,"max_hp_loss":0,"event_name":"Golden Wing","floor":5,"gold_loss":0},{"damage_healed":0,"gold_gain":0,"player_choice":"Box","damage_taken":0,"relics_obtained":["Toxic Egg 2"],"max_hp_gain":0,"max_hp_loss":0,"event_name":"Big Fish","floor":14,"gold_loss":0,"cards_obtained":["Regret"]},{"damage_healed":0,"gold_gain":0,"player_choice":"Joined the Cult","damage_taken":6,"max_hp_gain":0,"max_hp_loss":0,"event_name":"Nest","floor":24,"gold_loss":0,"cards_obtained":["RitualDagger"]}],"is_beta":false,"boss_relics":[{"not_picked":["Philosopher\u0027s Stone","Fusion Hammer"],"picked":"Cursed Key"}],"items_purged_floors":[],"is_endless":false,"potions_floor_spawned":[1,10,16,23,29],"killed_by":"Gremlin Leader","ascension_level":1}}