{"host":"8u7tvcybuv0u72fd","time":1612937705,"event":{"mods":["BaseMod","BetterRewards","Colored Map","Colored Powertips","Minty Spire (QoL Compilation)","Quick Restart","Shop Mod"],"gold_per_floor":[25,25,42,58,71,71,106,120,146,146,170,95,60,72,72,185,185,185,185,185,185,185,185,36,36,36,36,36,36,36,36,36,36,36,36,36,36,36,36,36,36,36,36,36,36,36,36,36,36,36,36,36,36,36,36,36],"floor_reached":55,"language":"ENG","playtime":3009,"items_purged":["Strike_R"],"score":941,"play_id":"c7124ea1-c81b-476e-8624-337e19244cf5","local_time":"20210210011505","is_ascension_mode":false,"campfire_choices":[{"data":"Bash","floor":6.0,"key":"SMITH"},{"data":"Shrug It Off","floor":10.0,"key":"SMITH"},{"data":"Uppercut","floor":15.0,"key":"SMITH"},{"data":"Cleave","floor":25.0,"key":"SMITH"},{"data":"Exhume","floor":32.0,"key":"SMITH"},{"data":"Body Slam","floor":40,"key":"SMITH"},{"data":"Reaper","floor":42,"key":"SMITH"},{"floor":49,"key":"RECALL"},{"data":"Defend_R","floor":52,"key":"SMITH"}],"circlet_count":0,"master_deck":["Strike_R","Strike_R","Strike_R","Strike_R","Defend_R+1","Defend_R","Defend_R+1","Defend_R+1","Shrug It Off+1","Thunderclap","Uppercut+1","Double Tap+1","Disarm+1","Cleave+1","Exhume+1","Reaper+1","Headbutt+1","Rampage+1","Parasite","Body Slam+1","Metallicize+1","True Grit+1"],"relics":["Burning Blood","Potion Belt","TheAbacus","Torii","Vajra","Champion Belt","CeramicFish","Art of War","Ectoplasm","Anchor","Boot","War Paint","Regal Pillow","CultistMask","The Courier","Black Star","Dead Branch","Bird Faced Urn","White Beast Statue","Prayer Wheel","Du-Vu Doll","Gremlin Horn","Paper Frog"],"acts_visited":["Exordium","TheCity","TheBeyond","TheEnding"],"potions_floor_usage":[47,54,55,55],"damage_taken":[{"damage":2.0,"enemies":"Small Slimes","floor":1.0,"turns":3.0},{"damage":0.0,"enemies":"Cultist","floor":3.0,"turns":3.0},{"damage":1.0,"enemies":"Jaw Worm","floor":4.0,"turns":3.0},{"damage":4.0,"enemies":"Large Slime","floor":5.0,"turns":8.0},{"damage":24.0,"enemies":"Gremlin Nob","floor":7.0,"turns":5.0},{"damage":2.0,"enemies":"Exordium Thugs","floor":8.0,"turns":5.0},{"damage":5.0,"enemies":"Gremlin Gang","floor":11.0,"turns":5.0},{"damage":9.0,"enemies":"Large Slime","floor":14.0,"turns":7.0},{"damage":7.0,"enemies":"The Guardian","floor":16.0,"turns":13.0},{"damage":0.0,"enemies":"Spheric Guardian","floor":18.0,"turns":3.0},{"damage":1.0,"enemies":"Shell Parasite","floor":21.0,"turns":4.0},{"damage":2.0,"enemies":"Centurion and Healer","floor":22.0,"turns":5.0},{"damage":4.0,"enemies":"Gremlin Leader","floor":23.0,"turns":7.0},{"damage":5.0,"enemies":"Book of Stabbing","floor":27.0,"turns":5.0},{"damage":6.0,"enemies":"Snake Plant","floor":28.0,"turns":4.0},{"damage":8.0,"enemies":"Slavers","floor":30.0,"turns":4.0},{"damage":90.0,"enemies":"Champ","floor":33.0,"turns":16.0},{"damage":26,"enemies":"Orb Walker","floor":35,"turns":4},{"damage":6,"enemies":"3 Shapes","floor":36,"turns":3},{"damage":3,"enemies":"Writhing Mass","floor":38,"turns":7},{"damage":16,"enemies":"Sphere and 2 Shapes","floor":39,"turns":4},{"damage":20,"enemies":"Reptomancer","floor":41,"turns":7},{"damage":22,"enemies":"Spire Growth","floor":45,"turns":5},{"damage":11,"enemies":"Jaw Worm Horde","floor":46,"turns":3},{"damage":54,"enemies":"Nemesis","floor":47,"turns":9},{"damage":11,"enemies":"4 Shapes","floor":48,"turns":8},{"damage":84,"enemies":"Time Eater","floor":50,"turns":14},{"damage":31,"enemies":"Shield and Spear","floor":54,"turns":9},{"damage":97,"enemies":"The Heart","floor":55,"turns":5}],"seed_played":"7796794987883710514","potions_obtained":[{"floor":5.0,"key":"LiquidBronze"},{"floor":11.0,"key":"BlessingOfTheForge"},{"floor":18.0,"key":"Explosive Potion"},{"floor":21.0,"key":"LiquidMemories"},{"floor":23.0,"key":"EssenceOfSteel"},{"floor":28.0,"key":"BloodPotion"},{"floor":33.0,"key":"Weak Potion"},{"floor":36,"key":"BlessingOfTheForge"},{"floor":38,"key":"PowerPotion"},{"floor":47,"key":"SteroidPotion"},{"floor":54,"key":"SteroidPotion"}],"is_trial":false,"path_per_floor":["M","?","M","M","M","R","E","M","T","R","M","$","?","M","R","B",null,"M","?","?","M","M","E","$","R","T","E","M","?","E","$","R","B",null,"M","M","?","M","M","R","E","R","T","?","M","M","E","M","R","B",null,"R","$","E","B"],"character_chosen":"IRONCLAD","items_purchased":["Potion Belt","TheAbacus","Vajra","Explosive Potion","War Paint"],"campfire_rested":0,"item_purchase_floors":[0,0,0,0,24],"current_hp_per_floor":[50,50,56,61,63,63,45,49,49,49,50,50,70,67,67,66,80,80,80,80,80,80,80,80,80,80,80,80,80,78,78,78,10,80,68,80,80,80,70,70,63,63,63,63,47,80,48,80,80,17,80,80,80,61,0,0],"gold":36,"neow_bonus":"","is_daily":false,"chose_seed":false,"campfire_upgraded":8,"win_rate":0.0,"timestamp":1612937705,"path_taken":["M","?","M","M","M","R","E","?","T","R","M","$","?","M","R","BOSS","M","?","?","?","?","E","?","R","T","E","M","?","E","$","R","BOSS","M","M","?","M","M","R","E","R","T","?","M","M","E","M","R","BOSS","R","$","E","BOSS"],"items_purchased_type":["Relic","Relic","Relic","Potion","Relic"],"build_version":"2020-12-22","purchased_purges":1,"victory":false,"max_hp_per_floor":[80,80,80,80,80,80,80,80,80,80,80,80,80,80,80,80,80,80,80,80,80,80,80,80,80,80,80,80,80,80,80,80,80,80,80,80,80,80,80,80,80,80,80,80,80,80,80,80,80,80,80,80,80,80,80,80],"card_choices":[{"not_picked":["Bloodletting","Dropkick"],"picked":"Shrug It Off","floor":1.0},{"not_picked":["Twin Strike","Clothesline","Iron Wave"],"picked":"SKIP","floor":3.0},{"not_picked":["Heavy Blade","Pommel Strike","Feel No Pain"],"picked":"SKIP","floor":4.0},{"not_picked":["Armaments","Second Wind","Pommel Strike"],"picked":"SKIP","floor":5.0},{"not_picked":["Headbutt","Burning Pact"],"picked":"Thunderclap","floor":7.0},{"not_picked":["Flame Barrier","Shockwave","Warcry"],"picked":"SKIP","floor":8.0},{"not_picked":["Headbutt","Twin Strike"],"picked":"Uppercut","floor":11.0},{"not_picked":["Shrug It Off","Flame Barrier","Feel No Pain"],"picked":"SKIP","floor":14.0},{"not_picked":["Fiend Fire","Bludgeon"],"picked":"Double Tap","floor":16.0},{"not_picked":["Hemokinesis+1","Havoc","Dark Embrace"],"picked":"SKIP","floor":18.0},{"not_picked":["Cleave","Dropkick"],"picked":"Disarm+1","floor":21.0},{"not_picked":["Spot Weakness+1","Combust+1","Disarm"],"picked":"SKIP","floor":22.0},{"not_picked":["Spot Weakness+1","Combust+1","Disarm"],"picked":"SKIP","floor":22.0},{"not_picked":["Burning Pact","Cleave","Thunderclap"],"picked":"SKIP","floor":23.0},{"not_picked":["Burning Pact","Thunderclap"],"picked":"Cleave","floor":23.0},{"not_picked":["Sentinel","Seeing Red","Wild Strike"],"picked":"SKIP","floor":27.0},{"not_picked":["Combust","Whirlwind","Warcry+1"],"picked":"SKIP","floor":28.0},{"not_picked":["Clash+1","Heavy Blade+1"],"picked":"Exhume","floor":30.0},{"not_picked":["Double Tap","Corruption"],"picked":"Reaper","floor":33.0},{"not_picked":["Feel No Pain+1","Clash"],"picked":"Headbutt+1","floor":35},{"not_picked":["Sword Boomerang","Heavy Blade"],"picked":"Rampage+1","floor":36},{"not_picked":["Rampage+1","Anger+1"],"picked":"Body Slam","floor":38},{"not_picked":["Pummel","Clash+1","Spot Weakness+1"],"picked":"SKIP","floor":39},{"not_picked":["Fiend Fire","Whirlwind","Fire Breathing+1"],"picked":"SKIP","floor":41},{"not_picked":["Fiend Fire","Whirlwind","Fire Breathing+1"],"picked":"SKIP","floor":41},{"not_picked":["Twin Strike","Bloodletting+1","Hemokinesis+1"],"picked":"SKIP","floor":45},{"not_picked":["Cleave+1","Whirlwind"],"picked":"Metallicize+1","floor":46},{"not_picked":["Clash+1","Body Slam","Immolate"],"picked":"SKIP","floor":47},{"not_picked":["Searing Blow+1","Feel No Pain+1"],"picked":"True Grit+1","floor":48},{"not_picked":["Cleave","Clothesline","Warcry"],"picked":"SKIP","floor":48},{"not_picked":["Havoc+1","Headbutt","Clothesline+1"],"picked":"SKIP","floor":54}],"player_experience":1513527,"relics_obtained":[{"floor":7.0,"key":"CeramicFish"},{"floor":9.0,"key":"Art of War"},{"floor":23.0,"key":"Boot"},{"floor":27.0,"key":"Regal Pillow"},{"floor":30.0,"key":"The Courier"},{"floor":41,"key":"Dead Branch"},{"floor":41,"key":"Bird Faced Urn"},{"floor":43,"key":"White Beast Statue"},{"floor":47,"key":"Prayer Wheel"},{"floor":47,"key":"Du-Vu Doll"},{"floor":54,"key":"Gremlin Horn"},{"floor":54,"key":"Paper Frog"}],"event_choices":[{"damage_healed":0.0,"max_hp_gain":0.0,"max_hp_loss":0.0,"gold_gain":0.0,"event_name":"WeMeetAgain","player_choice":"Gave Potion","floor":2.0,"gold_loss":0.0,"damage_taken":0.0,"relics_obtained":["Champion Belt"]},{"damage_healed":20.0,"max_hp_gain":0.0,"max_hp_loss":0.0,"gold_gain":0.0,"event_name":"The Cleric","player_choice":"Healed","floor":13.0,"gold_loss":35.0,"damage_taken":0.0},{"damage_healed":0.0,"max_hp_gain":0.0,"max_hp_loss":0.0,"gold_gain":0.0,"event_name":"The Mausoleum","player_choice":"Opened","floor":19.0,"gold_loss":0.0,"damage_taken":0.0,"relics_obtained":["Anchor"]},{"damage_healed":0.0,"max_hp_gain":0.0,"max_hp_loss":0.0,"gold_gain":0.0,"event_name":"Upgrade Shrine","player_choice":"Upgraded","floor":20.0,"gold_loss":0.0,"damage_taken":0.0,"cards_upgraded":["Double Tap"]},{"damage_healed":0.0,"max_hp_gain":0.0,"max_hp_loss":0.0,"gold_gain":0.0,"event_name":"FaceTrader","player_choice":"Trade","floor":29.0,"gold_loss":0.0,"damage_taken":0.0,"relics_obtained":["CultistMask"]},{"damage_healed":0,"gold_gain":0,"player_choice":"Memory 1","damage_taken":0,"max_hp_gain":0,"max_hp_loss":0,"event_name":"SensoryStone","floor":37,"gold_loss":0},{"cards_removed":["Bash"],"damage_healed":0,"gold_gain":0,"player_choice":"Removed Attack","damage_taken":0,"max_hp_gain":0,"max_hp_loss":0,"event_name":"Falling","floor":44,"gold_loss":0}],"is_beta":false,"boss_relics":[{"not_picked":["Runic Pyramid","Pandora\u0027s Box"],"picked":"Ectoplasm"},{"not_picked":["Astrolabe","Fusion Hammer"],"picked":"Black Star"}],"items_purged_floors":[12],"is_endless":false,"potions_floor_spawned":[5,11,18,21,23,28,33,36,38,45,46,47,48,54],"killed_by":"The Heart","ascension_level":0}}