{"host":"7zbl7s1dprc8nj07","time":1612934428,"event":{"mods":["2.2 Compatiblity","BaseMod","Downfall","Minty Spire (QoL Compilation)","Rare Cards Sparkle","StSLib"],"gold_per_floor":[10,26,26,26,26,55,55,66,66,66,81,107,126,153,153,253,253,264,189,208,81,81,81,97,122,122,138,138,172,172,197,197,301,301,315,130,130,180,198,198,230,230,230,230,230],"floor_reached":44,"language":"ENG","playtime":2354,"items_purged":["Strike_P","WreathOfFlame"],"score":593,"play_id":"1e3ed08b-a162-4dc6-907a-ef1ae98b9e4c","local_time":"20210210002028","is_ascension_mode":true,"campfire_choices":[{"data":"Eruption","floor":7.0,"key":"SMITH"},{"data":"Vigilance","floor":10.0,"key":"SMITH"},{"data":"DevaForm","floor":15.0,"key":"SMITH"},{"data":"Halt","floor":23.0,"key":"SMITH"},{"floor":30.0,"key":"REST"},{"data":"Devotion","floor":32.0,"key":"SMITH"},{"data":"Enlightenment","floor":40.0,"key":"SMITH"},{"floor":42.0,"key":"REST"}],"circlet_count":0,"master_deck":["Strike_P","Strike_P","Defend_P","Defend_P","Defend_P","Defend_P","Vigilance+1","Judgement+1","EmptyBody","BowlingBash","Protect","DevaForm+1","Alpha","Devotion+1","DeceiveReality+1","Halt+1","Necronomicurse","CrushJoints+1","WaveOfTheHand+1","Enlightenment+1"],"relics":["HolyWater","Blue Candle","Mercury Hourglass","Eternal Feather","Pear","Runic Pyramid","Necronomicon","Bird Faced Urn","Girya","Potion Belt","Art of War","Mango","Regal Pillow","Bag of Preparation"],"acts_visited":[],"potions_floor_usage":[],"damage_taken":[{"damage":3.0,"enemies":"2 Louse","floor":1.0,"turns":4.0},{"damage":1.0,"enemies":"Cultist","floor":2.0,"turns":3.0},{"damage":18.0,"enemies":"Lagavulin","floor":6.0,"turns":7.0},{"damage":0.0,"enemies":"Jaw Worm","floor":8.0,"turns":1.0},{"damage":0.0,"enemies":"3 Louse","floor":11.0,"turns":2.0},{"damage":0.0,"enemies":"Gremlin Nob","floor":12.0,"turns":2.0},{"damage":0.0,"enemies":"Large Slime","floor":13.0,"turns":1.0},{"damage":1.0,"enemies":"Lagavulin","floor":14.0,"turns":6.0},{"damage":29.0,"enemies":"Hexaghost","floor":16.0,"turns":8.0},{"damage":2.0,"enemies":"Spheric Guardian","floor":18.0,"turns":4.0},{"damage":0.0,"enemies":"3 Byrds","floor":20.0,"turns":5.0},{"damage":21.0,"enemies":"3 Cultists","floor":24.0,"turns":6.0},{"damage":31.0,"enemies":"Slavers","floor":25.0,"turns":5.0},{"damage":6.0,"enemies":"Snecko","floor":27.0,"turns":6.0},{"damage":11.0,"enemies":"Book of Stabbing","floor":29.0,"turns":7.0},{"damage":27.0,"enemies":"Collector","floor":33.0,"turns":9.0},{"damage":4.0,"enemies":"3 Shapes","floor":35.0,"turns":5.0},{"damage":43.0,"enemies":"Mind Bloom Boss Battle","floor":38.0,"turns":6.0},{"damage":6.0,"enemies":"Orb Walker","floor":39.0,"turns":5.0},{"damage":47.0,"enemies":"Nemesis","floor":41.0,"turns":9.0},{"damage":0,"enemies":"Giant Head","floor":44,"turns":1}],"seed_played":"8976573481838231234","potions_obtained":[{"floor":1.0,"key":"EssenceOfSteel"},{"floor":6.0,"key":"AttackPotion"},{"floor":8.0,"key":"Explosive Potion"},{"floor":12.0,"key":"Dexterity Potion"},{"floor":13.0,"key":"Regen Potion"},{"floor":24.0,"key":"Explosive Potion"},{"floor":35.0,"key":"ColorlessPotion"},{"floor":39.0,"key":"Ambrosia"}],"is_trial":false,"path_per_floor":["M","M","$","?","$","E","R","M","T","R","M","E","M","E","R","B",null,"M","?","M","$","?","R","M","E","T","M","?","E","R","T","R","B",null,"M","$","?","?","M","R","E","R","T","E"],"character_chosen":"WATCHER","items_purchased":["Halt","Enlightenment"],"campfire_rested":2,"item_purchase_floors":[21,36],"current_hp_per_floor":[83,82,82,82,82,64,64,64,64,64,64,64,64,73,82,53,96,94,94,94,94,78,87,78,47,47,43,43,38,78,78,90,69,96,96,96,96,71,69,81,40,100,100,100,100],"gold":230,"neow_bonus":"TWENTY_PERCENT_HP_BONUS","is_daily":false,"chose_seed":false,"campfire_upgraded":6,"win_rate":0.0,"timestamp":1612934428,"path_taken":["M","M","$","?","$","E","R","M","T","R","?","E","M","E","R","BOSS","M","?","M","$","?","R","M","E","T","M","?","E","R","?","R","BOSS","M","$","?","?","M","R","E","R","T","E"],"items_purchased_type":["Card","Card"],"build_version":"2020-12-22","purchased_purges":2,"victory":false,"max_hp_per_floor":[86,86,86,86,86,86,86,86,86,86,86,86,86,96,96,96,96,96,96,96,96,96,96,96,96,96,96,96,96,96,96,96,96,96,96,96,96,110,110,110,110,110,110,110,110],"card_choices":[{"not_picked":["Conclude","Evaluate"],"picked":"WreathOfFlame","floor":1.0},{"not_picked":["EmptyFist","FollowUp"],"picked":"Judgement","floor":2.0},{"not_picked":["Consecrate","ForeignInfluence","JustLucky"],"picked":"SKIP","floor":6.0},{"not_picked":["ClearTheMind","Evaluate"],"picked":"EmptyBody","floor":8.0},{"not_picked":["ClearTheMind","FollowUp"],"picked":"BowlingBash","floor":11.0},{"not_picked":["WreathOfFlame","FollowUp"],"picked":"Protect","floor":12.0},{"not_picked":["Protect","CrushJoints"],"picked":"DevaForm","floor":13.0},{"not_picked":["Wallop","Omniscience"],"picked":"Alpha","floor":14.0},{"not_picked":["Omniscience","DeusExMachina"],"picked":"Devotion","floor":16.0},{"not_picked":["Prostrate","EmptyBody"],"picked":"DeceiveReality+1","floor":18.0},{"not_picked":["MentalFortress+1","EmptyBody","Protect"],"picked":"SKIP","floor":20.0},{"not_picked":["CutThroughFate","BowlingBash"],"picked":"CrushJoints+1","floor":24.0},{"not_picked":["InnerPeace","CarveReality"],"picked":"WaveOfTheHand+1","floor":25.0},{"not_picked":["Study","SignatureMove","ThirdEye+1"],"picked":"SKIP","floor":27.0},{"not_picked":["Adaptation","Prostrate+1","SignatureMove"],"picked":"SKIP","floor":29.0},{"not_picked":["MentalFortress","BowlingBash","FlyingSleeves"],"picked":"SKIP","floor":35.0},{"not_picked":["Study","Crescendo+1","FlurryOfBlows+1"],"picked":"SKIP","floor":39.0},{"not_picked":["Indignation","LikeWater+1","CutThroughFate+1"],"picked":"SKIP","floor":41.0}],"player_experience":892018,"relics_obtained":[{"floor":6.0,"key":"Blue Candle"},{"floor":9.0,"key":"Mercury Hourglass"},{"floor":12.0,"key":"Eternal Feather"},{"floor":14.0,"key":"Pear"},{"floor":22.0,"key":"Necronomicon"},{"floor":25.0,"key":"Bird Faced Urn"},{"floor":26.0,"key":"Girya"},{"floor":29.0,"key":"Potion Belt"},{"floor":31.0,"key":"Art of War"},{"floor":38.0,"key":"Mango"},{"floor":41.0,"key":"Regal Pillow"},{"floor":43.0,"key":"Bag of Preparation"}],"event_choices":[{"damage_healed":0.0,"max_hp_gain":0.0,"max_hp_loss":0.0,"gold_gain":0.0,"event_name":"Upgrade Shrine","player_choice":"Upgraded","floor":4.0,"gold_loss":0.0,"damage_taken":0.0,"cards_upgraded":["Judgement"]},{"cards_removed":["Strike_P"],"damage_healed":0.0,"max_hp_gain":0.0,"max_hp_loss":0.0,"gold_gain":0.0,"event_name":"Beggar","player_choice":"Gave Gold","floor":19.0,"gold_loss":75.0,"damage_taken":0.0},{"damage_healed":0.0,"max_hp_gain":0.0,"max_hp_loss":0.0,"gold_gain":0.0,"event_name":"Cursed Tome","player_choice":"Obtained Book","floor":22.0,"gold_loss":0.0,"damage_taken":16.0},{"damage_healed":0.0,"max_hp_gain":0.0,"max_hp_loss":0.0,"gold_gain":0.0,"event_name":"Ghosts","player_choice":"Ignored","floor":28.0,"gold_loss":0.0,"damage_taken":0.0},{"cards_removed":["Eruption"],"damage_healed":0.0,"max_hp_gain":0.0,"max_hp_loss":0.0,"gold_gain":0.0,"event_name":"Falling","player_choice":"Removed Attack","floor":37.0,"gold_loss":0.0,"damage_taken":0.0},{"damage_healed":0.0,"max_hp_gain":0.0,"max_hp_loss":0.0,"gold_gain":0.0,"event_name":"MindBloom","player_choice":"Fight","floor":38.0,"gold_loss":0.0,"damage_taken":0.0}],"is_beta":false,"boss_relics":[{"not_picked":["SlaversCollar","Velvet Choker"],"picked":"Runic Pyramid"},{"not_picked":["VioletLotus","Philosopher\u0027s Stone"],"picked":"HolyWater"}],"items_purged_floors":[21,36],"is_endless":false,"potions_floor_spawned":[1,6,8,12,13,20,24,35,39],"killed_by":"Giant Head","ascension_level":1}}