{"host":"cj3w8v5z0njuqga9","time":1612944520,"event":{"mods":["BaseMod","BetterRewards","Card Forge","Colored Powertips","Custom Start","Minty Spire (QoL Compilation)","Permanent Neow","Relic Stats","Shop Mod","StSLib","Treasure Hunter"],"gold_per_floor":[115,115,129,145,55,89,89,89,115,115,142,142,164,205,205,205,205],"floor_reached":16,"language":"ENG","playtime":607,"items_purged":[],"score":201,"play_id":"bd3f69b2-d101-4b70-8dc2-4facd5ccbf1c","local_time":"20210210020840","is_ascension_mode":true,"campfire_choices":[{"floor":7,"key":"REST"},{"data":"Loop","floor":10,"key":"SMITH"},{"data":"TH:CopperCoins","floor":12,"key":"SMITH"},{"floor":15,"key":"REST"}],"circlet_count":0,"master_deck":["AscendersBane","Strike_B","Strike_B+1","Strike_B","Strike_B+1","Defend_B","Defend_B","Defend_B","Defend_B","Zap","Dualcast","Cold Snap","Biased Cognition+1","Beam Cell","Loop+1","Ball Lightning+1","TH:BikiniMail+1","TH:CopperCoins+1","Echo Form","Glacier","TH:ElvenBoots+1"],"relics":["Cracked Core","Hammer of Thor","Seething Fire","Anvil of the Gods","Tiny Chest","Potion Belt","Bronze Scales","Dream Catcher","Question Card"],"acts_visited":["Exordium"],"potions_floor_usage":[14],"damage_taken":[{"damage":2,"enemies":"Jaw Worm","floor":1,"turns":5},{"damage":0,"enemies":"Small Slimes","floor":3,"turns":3},{"damage":0,"enemies":"Cultist","floor":4,"turns":2},{"damage":31,"enemies":"Lagavulin","floor":6,"turns":6},{"damage":10,"enemies":"Gremlin Nob","floor":11,"turns":4},{"damage":24,"enemies":"Exordium Thugs","floor":13,"turns":3},{"damage":21,"enemies":"3 Sentries","floor":14,"turns":8},{"damage":53,"enemies":"Slime Boss","floor":16,"turns":6}],"seed_played":"3868775000827846784","potions_obtained":[{"floor":3,"key":"SmokeBomb"},{"floor":6,"key":"EssenceOfDarkness"},{"floor":11,"key":"EssenceOfDarkness"},{"floor":13,"key":"SpeedPotion"}],"is_trial":false,"path_per_floor":["M","?","M","M","$","E","R","?","T","R","E","R","M","E","R","B"],"character_chosen":"DEFECT","items_purchased":["Loop","Ball Lightning"],"campfire_rested":2,"item_purchase_floors":[5,5],"current_hp_per_floor":[62,48,48,48,48,17,38,81,81,81,71,71,47,26,50,0,0],"gold":205,"neow_bonus":"RANDOM_COMMON_RELIC","is_daily":false,"chose_seed":false,"campfire_upgraded":2,"win_rate":0.0,"timestamp":1612944520,"path_taken":["M","?","M","M","$","E","R","?","T","R","E","R","?","E","R","BOSS"],"items_purchased_type":["Card","Card"],"build_version":"2020-12-22","purchased_purges":0,"victory":false,"max_hp_per_floor":[71,71,71,71,71,71,71,81,81,81,81,81,81,81,81,81,81],"relic_stats":{"Dream Catcher":1,"counters":[10,44],"Bronze Scales":[42],"Tiny Chest":0,"Question Card":1,"obtain_stats":[{"Potion Belt":6,"CaptainsWheel":0,"Dream Catcher":11,"Anvil of the Gods":0,"Bird Faced Urn":0,"Bronze Scales":9,"Tiny Chest":0,"Hammer of Thor":0,"Seething Fire":0,"Cracked Core":0,"Question Card":14},{"Potion Belt":6,"CaptainsWheel":0,"Dream Catcher":7,"Anvil of the Gods":0,"Bird Faced Urn":0,"Bronze Scales":6,"Tiny Chest":2,"Hammer of Thor":0,"Seething Fire":0,"Cracked Core":0,"Question Card":9},{"Potion Belt":23,"CaptainsWheel":0,"Dream Catcher":27,"Anvil of the Gods":0,"Bird Faced Urn":0,"Bronze Scales":23,"Tiny Chest":7,"Hammer of Thor":0,"Seething Fire":0,"Cracked Core":0,"Question Card":38}]},"card_choices":[{"not_picked":["Steam","Hologram"],"picked":"Cold Snap","floor":1},{"not_picked":["Sweeping Beam","Conserve Battery"],"picked":"Biased Cognition","floor":3},{"not_picked":["Tempest","Stack"],"picked":"Beam Cell","floor":4},{"not_picked":["TH:ArmorSpikes"],"picked":"TH:CursedSword","floor":6},{"not_picked":["Turbo","Reprogram","Streamline"],"picked":"SKIP","floor":6},{"not_picked":["TH:CursedSword"],"picked":"TH:BikiniMail","floor":9},{"not_picked":["TH:DeckOfManyThings"],"picked":"TH:CopperCoins","floor":11},{"not_picked":["Rebound","Compile Driver"],"picked":"Echo Form","floor":11},{"not_picked":["Chill","Stack"],"picked":"Glacier","floor":13},{"not_picked":["TH:EnergyPotion"],"picked":"TH:ElvenBoots","floor":14},{"not_picked":["Rebound","Multi-Cast","Hologram"],"picked":"SKIP","floor":14}],"player_experience":382595,"relics_obtained":[{"floor":6,"key":"Potion Belt"},{"floor":9,"key":"Bronze Scales"},{"floor":11,"key":"Dream Catcher"},{"floor":14,"key":"Question Card"}],"event_choices":[{"damage_healed":0,"gold_gain":0,"player_choice":"Entered Light","damage_taken":14,"max_hp_gain":0,"max_hp_loss":0,"event_name":"Shining Light","floor":2,"gold_loss":0,"cards_upgraded":["Strike_B","Strike_B"]},{"cards_removed":["TH:CursedSword"],"damage_healed":33,"gold_gain":0,"player_choice":"Offered Rare","damage_taken":0,"max_hp_gain":10,"max_hp_loss":0,"event_name":"Bonfire Elementals","floor":8,"gold_loss":0}],"is_beta":false,"boss_relics":[],"items_purged_floors":[],"is_endless":false,"potions_floor_spawned":[3,6,11,13],"killed_by":"Slime Boss","ascension_level":14}}