{"host":"fnndj664xgd3vavt","time":1612989548,"event":{"mods":["AchievementEnabler","BaseMod","Colored Powertips","DeckTracker","Downfall","Highlight Path","Infinite Spire","Marisa????????","Minty Spire (QoL Compilation)","Quick Restart","Random Character Button","Replay The Spire","StSLib","The Servant 0.9.4"],"gold_per_floor":[199,218,35,48,58,90,114,172,172,192,202,202,212,212,226,330,330,330,345,364,125,125,151,151,151,151,170,170,181,192,192,210,210,210,210],"floor_reached":33,"language":"ENG","playtime":1664,"items_purged":[],"score":271,"play_id":"8b45f94e-e2bf-43fd-81d8-96f9c7eb3ebd","local_time":"20210210153908","is_ascension_mode":false,"campfire_choices":[{"data":"Slimebound:Split","floor":1,"key":"SMITH"},{"data":"Slimebound:SplitAcid","floor":9,"key":"SMITH"},{"data":"Slimebound:MassRepurpose","floor":18,"key":"SMITH"},{"floor":25,"key":"REST"},{"data":"Slimebound:Repurpose","floor":28,"key":"SMITH"}],"circlet_count":0,"master_deck":["Slimebound:Strike_Slimebound","Slimebound:Strike_Slimebound","Slimebound:Tackle+1","Slimebound:Defend_Slimebound","Slimebound:Defend_Slimebound","Slimebound:Defend_Slimebound","Slimebound:Split+1","Slimebound:CorrosiveSpit","Slimebound:SplitAcid+1","Slimebound:SlimeTap","expansioncontent:QuickStudy+1","Slimebound:Nibble","Slimebound:RainOfGoop","Slimebound:TagTeam+1","Slimebound:SplitMire","Slimebound:Schlurp","Slimebound:TongueLash","Slimebound:OozeBath","Slimebound:SlimeBrawl","Slimebound:MassRepurpose+1","Slimebound:SplitLeeching+1","Slimebound:LeadByExample","Pot Of Greed","Pot Of Greed","Slimebound:LeadByExample+1","Slimebound:Repurpose+1","Pot Of Greed","Slimebound:PressTheAttack","Slimebound:SpikyOuterGoop+1","RitualDagger+1","Slimebound:Schlurp+1"],"relics":["Slimebound:AbsorbEndCombat","Pen Nib","Whetstone","FossilizedHelix","SacredBark","Blood Vial","Grinning Jar","Ice Cream","Nilry\u0027s Codex"],"acts_visited":["Exordium","TheCity"],"potions_floor_usage":[32,33],"damage_taken":[{"damage":3,"enemies":"2 Louse","floor":2,"turns":2},{"damage":5,"enemies":"downfall:FleeingMerchant","floor":3,"turns":4},{"damage":6,"enemies":"Jaw Worm","floor":4,"turns":3},{"damage":0,"enemies":"Cultist","floor":5,"turns":3},{"damage":29,"enemies":"3 Sentries","floor":6,"turns":6},{"damage":0,"enemies":"Gremlin Nob","floor":8,"turns":3},{"damage":0,"enemies":"Large Slime","floor":10,"turns":4},{"damage":0,"enemies":"Blue Slaver","floor":11,"turns":1},{"damage":0,"enemies":"2 Fungi Beasts","floor":13,"turns":2},{"damage":0,"enemies":"Exordium Wildlife","floor":15,"turns":3},{"damage":16,"enemies":"WA_ARCHETYPE_RETAIN","floor":16,"turns":5},{"damage":0,"enemies":"Shell Parasite","floor":19,"turns":3},{"damage":28,"enemies":"3 Cultists","floor":20,"turns":5},{"damage":0,"enemies":"downfall:FleeingMerchant","floor":21,"turns":4},{"damage":34,"enemies":"Slavers","floor":23,"turns":4},{"damage":0,"enemies":"Snecko","floor":27,"turns":3},{"damage":0,"enemies":"Cultist and Chosen","floor":29,"turns":2},{"damage":33,"enemies":"Shelled Parasite and Fungi","floor":30,"turns":4},{"damage":0,"enemies":"Centurion and Healer","floor":32,"turns":3},{"damage":39,"enemies":"IC_MUSHROOM_ARCHETYPE","floor":33,"turns":7}],"seed_played":"-8851156729669140798","potions_obtained":[{"floor":2,"key":"Explosive Potion"},{"floor":4,"key":"Swift Potion"},{"floor":5,"key":"champ:CounterPotion"},{"floor":11,"key":"ColorlessPotion"},{"floor":31,"key":"CultistPotion"},{"floor":32,"key":"Weak Potion"}],"is_trial":false,"path_per_floor":["R","M","$","M","M","E","T","?","R","M","M","?","M","?","M","B",null,"R","M","M","$","?","E","T","R","?","M","R","M","M","?","M","B"],"character_chosen":"SLIMEBOUND","items_purchased":["expansioncontent:QuickStudy+1","Slimebound:LeadByExample","Blood Vial"],"campfire_rested":1,"item_purchase_floors":[3,21,21],"current_hp_per_floor":[65,64,61,59,65,40,40,44,44,50,50,50,54,54,58,50,65,65,65,41,49,65,33,33,52,36,44,44,48,21,21,27,0,0,0],"gold":210,"neow_bonus":"HUNDRED_GOLD","is_daily":false,"chose_seed":false,"campfire_upgraded":4,"win_rate":0.0,"timestamp":1612989548,"path_taken":["R","M","$","M","M","E","T","?","R","M","M","?","?","?","M","BOSS","R","M","M","$","?","E","T","R","?","?","R","M","M","?","M","BOSS"],"items_purchased_type":["Card","Card","Relic"],"build_version":"2020-12-22","purchased_purges":0,"victory":false,"max_hp_per_floor":[65,65,65,65,65,65,65,65,65,65,65,65,65,65,65,65,65,65,65,65,65,65,65,65,65,65,65,65,65,65,65,65,65,65,65],"card_choices":[{"not_picked":["Slimebound:BestDefense","Slimebound:GoopTackle"],"picked":"Slimebound:SplitAcid","floor":2},{"not_picked":["Slimebound:Prepare","Slimebound:ComboTackle"],"picked":"Slimebound:SlimeTap","floor":3},{"not_picked":["Slimebound:ItLooksTasty","Slimebound:Equalize"],"picked":"Slimebound:Nibble","floor":4},{"not_picked":["Slimebound:RollThrough","Slimebound:SplitLeeching"],"picked":"Slimebound:RainOfGoop","floor":5},{"not_picked":["Slimebound:Dissolve","Slimebound:PressTheAttack"],"picked":"Slimebound:TagTeam","floor":6},{"not_picked":["Slimebound:LivingWall","Slimebound:Replication"],"picked":"Slimebound:SplitMire","floor":8},{"not_picked":["Slimebound:GoopSpray","Slimebound:ForwardTackle"],"picked":"Slimebound:Schlurp","floor":10},{"not_picked":["Slimebound:SplitAcid","Slimebound:Schlurp"],"picked":"Slimebound:TongueLash","floor":11},{"not_picked":["Slimebound:LivingWall","Slimebound:RollThrough"],"picked":"Slimebound:OozeBath","floor":13},{"not_picked":["Slimebound:LeechingTouch","Slimebound:ComboTackle"],"picked":"Slimebound:SlimeBrawl","floor":15},{"not_picked":["Slimebound:DuplicatedForm","Slimebound:Overexert"],"picked":"Slimebound:MassRepurpose","floor":16},{"not_picked":["Slimebound:SplitMire","Slimebound:FlameTackle","Slimebound:LivingWall"],"picked":"SKIP","floor":19},{"not_picked":["Slimebound:GoopSpray","Slimebound:FinishingTackle+1"],"picked":"Slimebound:SplitLeeching+1","floor":20},{"not_picked":["Slimebound:ForwardTackle+1","Slimebound:FormOfPuddle+1","Slimebound:RollThrough+1"],"picked":"SKIP","floor":21},{"not_picked":["Slimebound:SlimeSpikes","Slimebound:RollThrough"],"picked":"Slimebound:LeadByExample+1","floor":23},{"not_picked":["Slimebound:HauntingLick","Slimebound:Darklings"],"picked":"Slimebound:Repurpose","floor":27},{"not_picked":["Slimebound:ComboTackle","Slimebound:Chomp"],"picked":"Slimebound:PressTheAttack","floor":29},{"not_picked":["Slimebound:GoopTackle","Slimebound:ProtectTheBoss+1"],"picked":"Slimebound:SpikyOuterGoop+1","floor":30},{"not_picked":["Slimebound:LeadByExample","Slimebound:Gluttony"],"picked":"Slimebound:Schlurp+1","floor":32}],"player_experience":289856,"relics_obtained":[{"floor":6,"key":"Pen Nib"},{"floor":7,"key":"Whetstone"},{"floor":8,"key":"FossilizedHelix"},{"floor":23,"key":"Grinning Jar"},{"floor":24,"key":"Ice Cream"},{"floor":26,"key":"Nilry\u0027s Codex"}],"event_choices":[{"cards_removed":["Slimebound:Defend_Slimebound"],"damage_healed":0,"gold_gain":0,"player_choice":"Offered Basic","damage_taken":0,"max_hp_gain":0,"max_hp_loss":0,"event_name":"Bonfire Elementals","floor":12,"gold_loss":0},{"damage_healed":21,"gold_gain":0,"player_choice":"Heal","damage_taken":0,"max_hp_gain":0,"max_hp_loss":0,"event_name":"The Library","floor":22,"gold_loss":0}],"is_beta":false,"boss_relics":[{"not_picked":["infinitespire:Cupcake","Replay:Bronze Core"],"picked":"SacredBark"}],"items_purged_floors":[],"is_endless":false,"potions_floor_spawned":[2,4,5,10,11,15,20,27,30,32],"killed_by":"IC_MUSHROOM_ARCHETYPE","ascension_level":0}}