{"host":"4ag909k4xupnj24b","time":1612953964,"event":{"mods":["BaseMod","Minty Spire (QoL Compilation)","StSLib"],"gold_per_floor":[110,121,121,139,154,154,194,194,218,218,232,232,272,11,11,105,105,128,128,152,168,189,189,230,230,256,346,389,389,410,22,22,118,118,131,147,168,182,203,203,203,203],"floor_reached":41,"language":"ENG","playtime":3002,"items_purged":["Strike_B","Strike_B"],"score":801,"play_id":"6feb007a-00f3-478d-a7c2-cc2bb5df3701","local_time":"20210210024604","is_ascension_mode":true,"campfire_choices":[{"floor":6.0,"key":"REST"},{"floor":8.0,"key":"REST"},{"floor":10.0,"key":"REST"},{"data":"Chaos","floor":12.0,"key":"SMITH"},{"floor":15.0,"key":"REST"},{"data":"Reinforced Body","floor":23.0,"key":"SMITH"},{"data":"Self Repair","floor":25.0,"key":"SMITH"},{"floor":29.0,"key":"REST"},{"data":"Coolheaded","floor":32.0,"key":"SMITH"},{"data":"Buffer","floor":40,"key":"SMITH"}],"circlet_count":0,"master_deck":["AscendersBane","Strike_B","Strike_B","Defend_B","Defend_B","Defend_B","Defend_B","Zap","Dualcast","Chaos+1","Coolheaded+1","Rebound","Streamline","Sweeping Beam","Reinforced Body+1","Consume+1","Self Repair","Undo","Reboot","Self Repair+1","Compile Driver","Reboot","Self Repair","Buffer+1","Darkness+1","Parasite"],"relics":["Inserter","Golden Idol","Nunchaku","Bag of Preparation","Smiling Mask","Nuclear Battery","Pear","Bronze Scales","Letter Opener","Chemical X","Cursed Key"],"acts_visited":["Exordium","TheCity","TheBeyond"],"potions_floor_usage":[],"damage_taken":[{"damage":13.0,"enemies":"Cultist","floor":1.0,"turns":6.0},{"damage":14.0,"enemies":"Jaw Worm","floor":2.0,"turns":5.0},{"damage":9.0,"enemies":"2 Louse","floor":4.0,"turns":4.0},{"damage":17.0,"enemies":"Exordium Wildlife","floor":5.0,"turns":6.0},{"damage":32.0,"enemies":"3 Sentries","floor":7.0,"turns":9.0},{"damage":10.0,"enemies":"2 Fungi Beasts","floor":11.0,"turns":6.0},{"damage":40.0,"enemies":"Gremlin Nob","floor":13.0,"turns":5.0},{"damage":14.0,"enemies":"The Guardian","floor":16.0,"turns":13.0},{"damage":1.0,"enemies":"Shell Parasite","floor":18.0,"turns":7.0},{"damage":24.0,"enemies":"2 Thieves","floor":20.0,"turns":4.0},{"damage":17.0,"enemies":"Shelled Parasite and Fungi","floor":21.0,"turns":6.0},{"damage":0.0,"enemies":"Centurion and Healer","floor":22.0,"turns":9.0},{"damage":35.0,"enemies":"Gremlin Leader","floor":24.0,"turns":9.0},{"damage":27.0,"enemies":"Book of Stabbing","floor":28.0,"turns":6.0},{"damage":12.0,"enemies":"Cultist and Chosen","floor":30.0,"turns":8.0},{"damage":38.0,"enemies":"Champ","floor":33.0,"turns":13.0},{"damage":29.0,"enemies":"3 Shapes","floor":35.0,"turns":5.0},{"damage":0.0,"enemies":"Orb Walker","floor":36.0,"turns":5.0},{"damage":28.0,"enemies":"Spire Growth","floor":37.0,"turns":7.0},{"damage":47.0,"enemies":"3 Darklings","floor":38.0,"turns":6.0},{"damage":6.0,"enemies":"Writhing Mass","floor":39.0,"turns":6.0},{"damage":102,"enemies":"Giant Head","floor":41,"turns":9}],"seed_played":"-4350237284466457386","potions_obtained":[{"floor":1.0,"key":"FairyPotion"},{"floor":2.0,"key":"Swift Potion"},{"floor":11.0,"key":"Regen Potion"},{"floor":13.0,"key":"SpeedPotion"},{"floor":18.0,"key":"Weak Potion"},{"floor":21.0,"key":"PowerPotion"},{"floor":30.0,"key":"SneckoOil"},{"floor":33.0,"key":"Energy Potion"},{"floor":37.0,"key":"Fire Potion"},{"floor":38.0,"key":"FairyPotion"}],"is_trial":false,"path_per_floor":["M","M","?","M","M","R","E","R","T","R","M","R","E","$","R","B",null,"M","?","M","M","M","R","E","R","T","?","E","R","M","$","R","B",null,"M","M","M","M","M","R","E"],"character_chosen":"DEFECT","items_purchased":["Self Repair","FocusPotion","Undo","Chemical X","DuplicationPotion","Self Repair"],"campfire_rested":5,"item_purchase_floors":[14,14,14,31,31,31],"current_hp_per_floor":[51,37,37,28,11,30,19,38,38,57,47,47,7,7,26,19,53,59,59,42,39,53,53,42,42,42,30,25,47,52,52,52,38,65,60,74,70,47,65,65,0,0],"gold":203,"neow_bonus":"BOSS_RELIC","is_daily":false,"chose_seed":false,"campfire_upgraded":5,"win_rate":0.0,"timestamp":1612953964,"path_taken":["M","M","?","M","M","R","E","R","T","R","M","R","E","$","R","BOSS","M","?","M","M","?","R","E","R","T","?","E","R","M","$","R","BOSS","M","M","M","M","M","R","E"],"items_purchased_type":["Card","Potion","Card","Relic","Potion","Card"],"build_version":"2020-12-22","purchased_purges":2,"victory":false,"max_hp_per_floor":[71,71,64,64,64,64,64,64,64,64,64,64,64,64,64,64,64,64,64,64,64,64,64,74,74,74,74,74,74,74,74,74,74,74,74,74,74,74,74,74,74,74],"card_choices":[{"not_picked":["Compile Driver","Stack"],"picked":"Chaos","floor":1.0},{"not_picked":["Steam","Stack"],"picked":"Coolheaded","floor":2.0},{"not_picked":["Steam","Storm"],"picked":"Rebound","floor":4.0},{"not_picked":["Stack","Steam Power"],"picked":"Streamline","floor":5.0},{"not_picked":["Scrape","Genetic Algorithm"],"picked":"Sweeping Beam","floor":7.0},{"not_picked":["Rebound","Reprogram"],"picked":"Reinforced Body","floor":11.0},{"not_picked":["Compile Driver","Thunder Strike"],"picked":"Consume","floor":13.0},{"not_picked":["Fission","Machine Learning"],"picked":"Reboot","floor":16.0},{"not_picked":["Conserve Battery+1","Cold Snap"],"picked":"Self Repair","floor":18.0},{"not_picked":["Conserve Battery","Leap+1"],"picked":"Compile Driver","floor":20.0},{"not_picked":["Undo","FTL+1","Compile Driver"],"picked":"SKIP","floor":21.0},{"not_picked":["Beam Cell","Rebound","Sweeping Beam"],"picked":"SKIP","floor":22.0},{"not_picked":["Beam Cell","Rebound","Sweeping Beam"],"picked":"SKIP","floor":22.0},{"not_picked":["Fusion","Storm"],"picked":"Reboot","floor":24.0},{"not_picked":["Lockon","Force Field","Conserve Battery"],"picked":"SKIP","floor":28.0},{"not_picked":["Leap","Beam Cell","Gash"],"picked":"SKIP","floor":30.0},{"not_picked":["Core Surge","Reboot"],"picked":"Buffer","floor":33.0},{"not_picked":["Coolheaded","Turbo"],"picked":"Darkness+1","floor":35.0},{"not_picked":["Redo","Cold Snap","Gash+1"],"picked":"SKIP","floor":36.0},{"not_picked":["Reprogram","Beam Cell","Conserve Battery+1"],"picked":"SKIP","floor":37.0},{"not_picked":["Conserve Battery","Gash+1","Storm"],"picked":"SKIP","floor":38.0},{"not_picked":["Auto Shields","Conserve Battery+1","Compile Driver"],"picked":"SKIP","floor":39.0}],"player_experience":888116,"relics_obtained":[{"floor":7.0,"key":"Nunchaku"},{"floor":9.0,"key":"Bag of Preparation"},{"floor":13.0,"key":"Smiling Mask"},{"floor":24.0,"key":"Pear"},{"floor":26.0,"key":"Bronze Scales"},{"floor":28.0,"key":"Letter Opener"}],"event_choices":[{"damage_healed":0.0,"max_hp_gain":0.0,"max_hp_loss":7.0,"gold_gain":0.0,"event_name":"Golden Idol","player_choice":"Lose Max HP","floor":3.0,"gold_loss":0.0,"damage_taken":0.0,"relics_obtained":["Golden Idol"]},{"damage_healed":0.0,"max_hp_gain":0.0,"max_hp_loss":0.0,"gold_gain":0.0,"event_name":"Upgrade Shrine","player_choice":"Upgraded","floor":19.0,"gold_loss":0.0,"damage_taken":0.0,"cards_upgraded":["Consume"]},{"damage_healed":0.0,"max_hp_gain":0.0,"max_hp_loss":0.0,"gold_gain":90.0,"event_name":"Knowing Skull","player_choice":"GOLD ","floor":27.0,"potions_obtained":[],"gold_loss":0.0,"damage_taken":12.0,"cards_obtained":[]}],"is_beta":false,"boss_relics":[{"not_picked":["Snecko Eye","Pandora\u0027s Box"],"picked":"Nuclear Battery"},{"not_picked":["Coffee Dripper","SacredBark"],"picked":"Cursed Key"}],"items_purged_floors":[14,31],"is_endless":false,"potions_floor_spawned":[1,2,11,13,18,21,30,33,37,38,39],"killed_by":"Giant Head","ascension_level":16}}