{"host":"8z0h4areh8sio1k0","time":1612938597,"event":{"mods":["10 clothes from DAL","Act Like it!","Aspiration","BaseMod","Colored Map","Conspire","Crowbot","Hubris","Library of Ruina Extra","Mimic Mod","Minty Spire (QoL Compilation)","Replay The Spire","StSLib","TestMod","The Blue Laboratory","The Fake Hero","The Hierophant","TheWitcherMod","[Fun]BeWhatYouAte","【功能Mod】精心准备","【遗物Mod】死灵法师NEW","老伊莉雅"],"gold_per_floor":[113,127,137,155,171,171,171,191,191,191,226,226,259,270,270,372,372,382,398,3,23,42,42,76,76,145,157,257,289,289,289,289,388,388,400,400,414,414,424,459,459,471,502,502,513,286,300,200,200,200],"floor_reached":51,"language":"ZHS","playtime":4604,"items_purged":["Parasite","Toxic_Smoke_Screen"],"score":584,"play_id":"489b0087-b92e-40d5-b300-23d686efec52","local_time":"20210210142957","is_ascension_mode":true,"campfire_choices":[{"data":"LuckyCard","floor":6.0,"key":"SMITH"},{"floor":10.0,"key":"REST"},{"floor":15,"key":"REST"},{"floor":23,"key":"REST"},{"floor":25,"key":"REST"},{"floor":30,"key":"REST"},{"floor":32,"key":"REST"},{"floor":41,"key":"REST"},{"floor":44,"key":"REST"},{"floor":49,"key":"REST"}],"circlet_count":0,"master_deck":["PosionRing+1","PosionRing+1","Acid_Javelin","PosionWeak+1","Toxic_Smoke_Screen+1","PosionArmor+1","Negative_Energy_Mist","Negative_Energy_Sphere+1","Vampiric_Strike+1","Posionadd+1","LuckyCard+1","Requiem","PosionWeak2","Cloudkill","Acid_Javelin+1","Kotodama+1","Time_Jump"],"relics":["Vampire_Amulet","testmod-TestBox","testmod-Maize","Bag of Preparation","ReplayTheSpireMod:Lightbulb","Gremlin Food","hubris:OldNail","hubris:TerracottaHorce","Anchor","SharePain","Replay:Baseball","ReplayTheSpireMod:Shallot","DALC_ONE","Replay:Bottled Steam","Mummified Hand","testmod-Nine","Meat on the Bone","Peace Pipe"],"acts_visited":["Exordium","TheCity","TheBeyond"],"potions_floor_usage":[16,18,19,22,37,39,50,50,51],"damage_taken":[{"damage":0.0,"enemies":"Cultist","floor":1.0,"turns":2.0},{"damage":0.0,"enemies":"Small Slimes","floor":2.0,"turns":6.0},{"damage":1.0,"enemies":"2 Louse","floor":3.0,"turns":2.0},{"damage":7.0,"enemies":"Large Slime","floor":4.0,"turns":4.0},{"damage":8.0,"enemies":"Exordium Wildlife","floor":5.0,"turns":5.0},{"damage":19.0,"enemies":"Exordium Thugs","floor":8.0,"turns":5.0},{"damage":16.0,"enemies":"3 Sentries","floor":11.0,"turns":7.0},{"damage":23,"enemies":"Lagavulin","floor":13,"turns":6},{"damage":21,"enemies":"Looter","floor":14,"turns":4},{"damage":47,"enemies":"The Guardian","floor":16,"turns":7},{"damage":8,"enemies":"3 Byrds","floor":18,"turns":4},{"damage":1,"enemies":"Spheric Guardian","floor":19,"turns":3},{"damage":16,"enemies":"Snecko","floor":21,"turns":4},{"damage":16,"enemies":"Sentry and Sphere","floor":22,"turns":4},{"damage":18,"enemies":"Slavers","floor":24,"turns":2},{"damage":9,"enemies":"Shelled Parasite and Fungi","floor":27,"turns":3},{"damage":14,"enemies":"Colosseum Slavers","floor":28,"turns":2},{"damage":5,"enemies":"Colosseum Nobs","floor":28,"turns":4},{"damage":5,"enemies":"Gremlin Leader","floor":29,"turns":5},{"damage":22,"enemies":"Collector","floor":33,"turns":6},{"damage":6,"enemies":"3 Shapes","floor":35,"turns":2},{"damage":0,"enemies":"Orb Walker","floor":37,"turns":2},{"damage":3,"enemies":"Jaw Worm Horde","floor":39,"turns":3},{"damage":13,"enemies":"Giant Head","floor":40,"turns":7},{"damage":12,"enemies":"Writhing Mass","floor":42,"turns":4},{"damage":2,"enemies":"3 Darklings","floor":43,"turns":4},{"damage":17,"enemies":"3 Darklings","floor":45,"turns":3},{"damage":7,"enemies":"Maw","floor":47,"turns":4},{"damage":10,"enemies":"Replay:Hell Engine","floor":50,"turns":3}],"seed_played":"6869554778115046197","potions_obtained":[{"floor":3.0,"key":"Toxic Potion"},{"floor":8.0,"key":"Energy Potion"},{"floor":14,"key":"SkillPotion"},{"floor":16,"key":"Weak Potion"},{"floor":18,"key":"Toxic Potion"},{"floor":21,"key":"AttackPotion"},{"floor":22,"key":"CultistPotion"},{"floor":28,"key":"blueLaboratory:BottleOfRum"},{"floor":35,"key":"Block Potion"},{"floor":45,"key":"PowerPotion"},{"floor":47,"key":"PowerPotion"}],"is_trial":false,"path_per_floor":["M","M","M","M","M","R","T","M","T","R","E","?","E","M","R","B",null,"M","M","$","M","M","R","E","R","T","M","?","E","R","?","R","B",null,"M","?","M","T","M","E","R","M","MIM","R","M","$","M","$","R","B",null],"character_chosen":"NECROMANCER","items_purchased":["Anchor","SharePain","Time_Jump"],"campfire_rested":9,"item_purchase_floors":[20,20,46],"current_hp_per_floor":[75,75,74,67,63,63,63,50,50,72,60,60,37,20,42,5,58,50,49,49,37,21,43,29,51,51,42,31,34,56,56,75,57,71,69,69,74,74,72,59,75,63,61,75,58,58,57,57,72,62],"gold":200,"neow_bonus":"RANDOM_COMMON_RELIC","is_daily":false,"chose_seed":false,"campfire_upgraded":1,"win_rate":0.0,"timestamp":1612938597,"path_taken":["M","M","M","M","M","R","?","M","T","R","E","?","E","?","R","BOSS","M","M","$","M","M","R","E","R","T","M","?","E","R","?","R","BOSS","M","?","M","?","?","E","R","M","MIM","R","M","$","M","$","R","BOSS"],"items_purchased_type":["Relic","Relic","Card"],"build_version":"2020-12-22","purchased_purges":2,"victory":true,"max_hp_per_floor":[75,75,75,75,75,75,75,75,75,75,75,75,75,75,75,75,75,75,75,75,75,75,75,75,75,75,75,75,75,75,75,75,75,75,75,75,75,75,75,75,75,75,75,75,75,72,72,72,72,72],"card_choices":[{"not_picked":["PosionWeak","Toxic_Smoke_Screen"],"picked":"Negative_Energy_Mist","floor":1.0},{"not_picked":["PosionArmor","Thousand_Bone_Knives"],"picked":"Negative_Energy_Sphere","floor":2.0},{"not_picked":["Hellfire","Spectral_Walk"],"picked":"Vampiric_Strike","floor":3.0},{"not_picked":["Detonate_Bones","Life_Drain"],"picked":"Posionadd","floor":4.0},{"not_picked":["Blood_Whip","Toxic_Smoke_Screen"],"picked":"LuckyCard","floor":5.0},{"not_picked":["Negative_Energy_Sphere","Blood_Whip"],"picked":"Requiem","floor":8.0},{"not_picked":["Negative_Energy_Mist","finger_Of_Death","Bone_Spikes"],"picked":"SKIP","floor":11.0},{"not_picked":["Posionadd","Blood_Shield","Strike_from_Beyond"],"picked":"SKIP","floor":13},{"not_picked":["Vampiric_Strike","Toxic_Smoke_Screen"],"picked":"PosionWeak2","floor":14},{"not_picked":["Requiem","Reap_The_Weak"],"picked":"Cloudkill","floor":16},{"not_picked":["Bone_Spikes","Negative_Energy_Sphere","PosionRing"],"picked":"SKIP","floor":18},{"not_picked":["LuckyCard","ZombiePosion","Bone_Spikes"],"picked":"SKIP","floor":19},{"not_picked":["Negative_Energy_Mist+1","Vampiric_Strike+1","Thousand_Bone_Knives"],"picked":"SKIP","floor":21},{"not_picked":["Blood_Whip","Toxic_Smoke_Screen+1","Shackles_Of_Pain+1"],"picked":"SKIP","floor":22},{"not_picked":["Bone_Armor","Shackles_Of_Pain","Bone_Armory"],"picked":"SKIP","floor":24},{"not_picked":["Epidemicm","Life_Drain","PosionRing"],"picked":"SKIP","floor":27},{"not_picked":["PosionRing","Toxic_Smoke_Screen","PosionWeak"],"picked":"SKIP","floor":29},{"not_picked":["Shackles_Of_Pain","ZombiePosion+1"],"picked":"Acid_Javelin+1","floor":35},{"not_picked":["Hellfire","PosionArmor","PosionRing+1"],"picked":"SKIP","floor":37},{"not_picked":["OverdoomLine","Shackles_Of_Pain+1","Scare+1"],"picked":"SKIP","floor":39},{"not_picked":["Bone_Armor+1","Bone_Armory+1"],"picked":"Kotodama+1","floor":40},{"not_picked":["Summon_Lich","Stop_Heart+1","Kotodama"],"picked":"SKIP","floor":42},{"not_picked":["Bone_Spikes","PosionRing","Acid_Javelin"],"picked":"SKIP","floor":45},{"not_picked":["Bone_Armor","Shackles_Of_Pain","Kotodama+1"],"picked":"SKIP","floor":47}],"player_experience":570801,"relics_obtained":[{"floor":9.0,"key":"ReplayTheSpireMod:Lightbulb"},{"floor":11.0,"key":"Gremlin Food"},{"floor":13,"key":"hubris:OldNail"},{"floor":24,"key":"Replay:Baseball"},{"floor":26,"key":"ReplayTheSpireMod:Shallot"},{"floor":28,"key":"DALC_ONE"},{"floor":28,"key":"Replay:Bottled Steam"},{"floor":29,"key":"Mummified Hand"},{"floor":38,"key":"Meat on the Bone"},{"floor":43,"key":"Peace Pipe"}],"event_choices":[{"damage_healed":0,"gold_gain":0,"player_choice":"Leave","damage_taken":0,"max_hp_gain":0,"max_hp_loss":0,"event_name":"FaceTrader","floor":12,"gold_loss":0},{"damage_healed":0,"gold_gain":0,"player_choice":"Fight","damage_taken":0,"max_hp_gain":0,"max_hp_loss":0,"event_name":"Colosseum","floor":28,"gold_loss":0},{"damage_healed":0,"gold_gain":0,"player_choice":"Fought Nobs","damage_taken":0,"max_hp_gain":0,"max_hp_loss":0,"event_name":"Colosseum","floor":28,"gold_loss":0},{"damage_healed":0,"gold_gain":0,"player_choice":"Ignored","damage_taken":0,"max_hp_gain":0,"max_hp_loss":0,"event_name":"给自己的盒子","floor":31,"gold_loss":0},{"damage_healed":0,"gold_gain":0,"player_choice":"Leave","damage_taken":0,"max_hp_gain":0,"max_hp_loss":0,"event_name":"conspire:Investor","floor":36,"gold_loss":0}],"is_beta":false,"boss_relics":[{"not_picked":["Philosopher\u0027s Stone","Fusion Hammer"],"picked":"hubris:TerracottaHorce"},{"not_picked":["aspiration:SilentSkillbook","conspire:SlowCooker"],"picked":"testmod-Nine"}],"items_purged_floors":[46,48],"is_endless":false,"potions_floor_spawned":[3,8,14,16,18,21,22,28,28,35,45,47],"ascension_level":2}}