{"host":"f0gpob8hq9vgebej","time":1612976245,"event":{"mods":["AchievementEnabler","BaseMod","Minty Spire (QoL Compilation)","Quick Restart","SuperFastMode"],"gold_per_floor":[116,116,2,2,2,2,32,44,70,80,92,92,102,113,113,191,191,201,175,175,175],"floor_reached":20,"language":"KOR","playtime":519,"items_purged":["Strike_G"],"score":372,"play_id":"d7f68a9c-f7b4-444e-844a-d979f3590616","local_time":"20210211015725","is_ascension_mode":true,"campfire_choices":[{"data":"Well Laid Plans","floor":6.0,"key":"SMITH"},{"data":"Deadly Poison","floor":12.0,"key":"SMITH"},{"data":"Cloak And Dagger","floor":15.0,"key":"SMITH"}],"circlet_count":0,"master_deck":["AscendersBane","Strike_G","Strike_G","Defend_G","Defend_G","Defend_G","Defend_G","Defend_G","Survivor","Neutralize","Quick Slash","Well Laid Plans+1","After Image","Backflip","Cloak And Dagger+1","Deadly Poison+1","Tactician","PiercingWail","Die Die Die","Choke"],"relics":["Ring of the Snake","NeowsBlessing","Kunai","Snake Skull","Oddly Smooth Stone","Empty Cage"],"acts_visited":["Exordium","TheCity"],"potions_floor_usage":[19,19],"damage_taken":[{"damage":0.0,"enemies":"Jaw Worm","floor":1.0,"turns":1.0},{"damage":0.0,"enemies":"3 Sentries","floor":7.0,"turns":1.0},{"damage":0.0,"enemies":"Small Slimes","floor":8.0,"turns":1.0},{"damage":4.0,"enemies":"Cultist","floor":10.0,"turns":5.0},{"damage":2.0,"enemies":"Exordium Thugs","floor":11.0,"turns":7.0},{"damage":5.0,"enemies":"3 Louse","floor":13.0,"turns":4.0},{"damage":3.0,"enemies":"2 Fungi Beasts","floor":14.0,"turns":5.0},{"damage":11,"enemies":"Hexaghost","floor":16,"turns":12},{"damage":9,"enemies":"Spheric Guardian","floor":18,"turns":8},{"damage":22,"enemies":"2 Thieves","floor":19,"turns":4},{"damage":0,"enemies":"3 Cultists","floor":20,"turns":2}],"seed_played":"4122714366275763500","potions_obtained":[{"floor":7.0,"key":"Fruit Juice"},{"floor":11.0,"key":"LiquidBronze"},{"floor":16,"key":"EssenceOfSteel"},{"floor":18,"key":"Poison Potion"}],"is_trial":false,"path_per_floor":["M","?","$","?","?","R","E","M","T","M","M","R","M","M","R","B",null,"M","M","M"],"character_chosen":"THE_SILENT","items_purchased":["Well Laid Plans"],"campfire_rested":0,"item_purchase_floors":[3],"current_hp_per_floor":[59,48,48,48,39,39,39,39,39,40,38,38,33,30,30,19,58,49,27,27,27],"gold":175,"neow_bonus":"THREE_ENEMY_KILL","is_daily":false,"chose_seed":false,"campfire_upgraded":3,"win_rate":0.0,"timestamp":1612976245,"path_taken":["M","?","$","?","?","R","E","M","T","?","M","R","M","M","R","BOSS","M","M","M"],"items_purchased_type":["Card"],"build_version":"2020-12-22","purchased_purges":1,"victory":false,"max_hp_per_floor":[66,66,66,66,66,66,66,66,66,71,71,71,71,71,71,71,71,71,71,71,71],"card_choices":[{"not_picked":["Acrobatics","Eviscerate"],"picked":"Quick Slash","floor":1.0},{"not_picked":["Prepared","Quick Slash"],"picked":"After Image","floor":7.0},{"not_picked":["Poisoned Stab","Deadly Poison"],"picked":"Backflip","floor":8.0},{"not_picked":["Sucker Punch","Prepared"],"picked":"Cloak And Dagger","floor":10.0},{"not_picked":["Heel Hook","Flying Knee"],"picked":"Deadly Poison","floor":11.0},{"not_picked":["Deadly Poison","Outmaneuver"],"picked":"Tactician","floor":13.0},{"not_picked":["Sucker Punch","Deadly Poison"],"picked":"PiercingWail","floor":14.0},{"not_picked":["Malaise","After Image"],"picked":"Die Die Die","floor":16},{"not_picked":["Bane","Slice+1"],"picked":"Choke","floor":18},{"not_picked":["Backflip","Dagger Throw","All Out Attack"],"picked":"SKIP","floor":19}],"player_experience":383741,"relics_obtained":[{"floor":7.0,"key":"Snake Skull"},{"floor":9.0,"key":"Oddly Smooth Stone"}],"event_choices":[{"damage_healed":0.0,"max_hp_gain":0.0,"max_hp_loss":0.0,"gold_gain":0.0,"event_name":"Scrap Ooze","player_choice":"Success","floor":2.0,"gold_loss":0.0,"damage_taken":11.0,"relics_obtained":["Kunai"]},{"damage_healed":0.0,"max_hp_gain":0.0,"max_hp_loss":0.0,"gold_gain":0.0,"event_name":"Liars Game","player_choice":"Ignored","floor":4.0,"gold_loss":0.0,"damage_taken":0.0},{"damage_healed":0.0,"max_hp_gain":0.0,"max_hp_loss":0.0,"gold_gain":0.0,"event_name":"Wheel of Change","player_choice":"Damaged","floor":5.0,"gold_loss":0.0,"damage_taken":9.0}],"is_beta":false,"boss_relics":[{"not_picked":["Black Star","Runic Pyramid"],"picked":"Empty Cage"}],"items_purged_floors":[3],"is_endless":false,"potions_floor_spawned":[7,11,16,18],"killed_by":"3 Cultists","ascension_level":17}}