{"host":"rmt60uil2jppa14k","time":1612991107,"event":{"mods":["AchievementEnabler","BaseMod","Better Third Choice","Colored Powertips","Highlight Path","Minty Spire (QoL Compilation)","Quick Restart","Rare Cards Sparkle","Shop Mod","StSLib"],"gold_per_floor":[111,125,125,143,153,153,153,18,45,45,56,70,81,91,91,192,192,208,133,133,38,38,38,51,64,64,74,74,74,86,11,11,11,11],"floor_reached":33,"language":"ENG","playtime":986,"items_purged":[],"score":241,"play_id":"214377bd-cc8d-4a85-8a43-98e0b9069f44","local_time":"20210210210507","is_ascension_mode":false,"campfire_choices":[{"data":"Zap","floor":6,"key":"SMITH"},{"data":"Machine Learning","floor":10,"key":"SMITH"},{"floor":15,"key":"REST"},{"floor":23,"key":"REST"},{"floor":29,"key":"REST"},{"floor":32,"key":"REST"}],"circlet_count":0,"master_deck":["Strike_B","Strike_B","Strike_B","Strike_B","Defend_B","Defend_B","Defend_B","Defend_B","Zap+1","Dualcast","Sunder","Conserve Battery","Ball Lightning","Redo","Machine Learning+1","Aggregate","Defragment","Streamline","Echo Form","Buffer","Ball Lightning","Static Discharge","Capacitor","Turbo","Turbo","Defragment","Tempest","Conserve Battery","Double Energy"],"relics":["Cracked Core","NeowsBlessing","CultistMask","Mummified Hand","Smiling Mask","Cables"],"acts_visited":["Exordium","TheCity"],"potions_floor_usage":[11,16,16,25,25],"damage_taken":[{"damage":0,"enemies":"Cultist","floor":1,"turns":1},{"damage":0,"enemies":"Jaw Worm","floor":2,"turns":1},{"damage":0,"enemies":"2 Louse","floor":4,"turns":1},{"damage":1,"enemies":"Exordium Wildlife","floor":5,"turns":3},{"damage":7,"enemies":"Exordium Thugs","floor":11,"turns":3},{"damage":3,"enemies":"2 Fungi Beasts","floor":12,"turns":3},{"damage":10,"enemies":"Looter","floor":13,"turns":2},{"damage":0,"enemies":"Large Slime","floor":14,"turns":3},{"damage":15,"enemies":"The Guardian","floor":16,"turns":9},{"damage":19,"enemies":"3 Byrds","floor":18,"turns":4},{"damage":10,"enemies":"Spheric Guardian","floor":24,"turns":4},{"damage":21,"enemies":"Snake Plant","floor":25,"turns":3},{"damage":23,"enemies":"Centurion and Healer","floor":27,"turns":6},{"damage":28,"enemies":"3 Cultists","floor":30,"turns":4},{"damage":55,"enemies":"Champ","floor":33,"turns":5}],"seed_played":"1183358233618392692","potions_obtained":[{"floor":1,"key":"Strength Potion"},{"floor":5,"key":"ColorlessPotion"},{"floor":13,"key":"PotionOfCapacity"},{"floor":16,"key":"BlessingOfTheForge"},{"floor":24,"key":"EssenceOfDarkness"}],"is_trial":false,"path_per_floor":["M","M","?","M","M","R","T","$","T","R","M","M","M","M","R","B",null,"M","$","?","$","?","R","M","M","T","M","?","R","M","?","R","B"],"character_chosen":"DEFECT","items_purchased":["Machine Learning","Static Discharge","Capacitor","Turbo"],"campfire_rested":4,"item_purchase_floors":[8,19,21,21],"current_hp_per_floor":[75,75,75,75,74,74,74,74,74,74,67,64,54,54,75,60,75,56,56,56,56,56,75,65,44,44,21,21,43,15,15,37,0,0],"gold":11,"neow_bonus":"THREE_ENEMY_KILL","is_daily":false,"chose_seed":false,"campfire_upgraded":2,"win_rate":0.0,"timestamp":1612991107,"path_taken":["M","?","?","M","?","R","?","$","T","R","?","M","M","M","R","BOSS","M","$","?","$","?","R","M","M","T","?","?","R","M","?","R","BOSS"],"items_purchased_type":["Card","Card","Card","Card"],"build_version":"2020-12-22","purchased_purges":0,"victory":false,"max_hp_per_floor":[75,75,75,75,75,75,75,75,75,75,75,75,75,75,75,75,75,75,75,75,75,75,75,75,75,75,75,75,75,75,75,75,75,75],"card_choices":[{"not_picked":["Sweeping Beam","Barrage"],"picked":"Sunder","floor":1},{"not_picked":["Leap","Rebound"],"picked":"Conserve Battery","floor":2},{"not_picked":["Go for the Eyes","Chaos"],"picked":"Ball Lightning","floor":4},{"not_picked":["Seek","Chill"],"picked":"Redo","floor":5},{"not_picked":["Stack","Leap"],"picked":"Aggregate","floor":11},{"not_picked":["Auto Shields","Darkness"],"picked":"Defragment","floor":12},{"not_picked":["Conserve Battery","Compile Driver"],"picked":"Streamline","floor":13},{"not_picked":["Compile Driver","Redo"],"picked":"Echo Form","floor":14},{"not_picked":["Reboot","Rainbow"],"picked":"Buffer","floor":16},{"not_picked":["Steam","Undo"],"picked":"Ball Lightning","floor":18},{"not_picked":["Turbo+1","Sunder"],"picked":"Defragment","floor":24},{"not_picked":["Turbo+1","Coolheaded+1"],"picked":"Tempest","floor":25},{"not_picked":["Ball Lightning","Beam Cell"],"picked":"Conserve Battery","floor":27},{"not_picked":["Redo","Genetic Algorithm"],"picked":"Double Energy","floor":30}],"player_experience":150269,"relics_obtained":[{"floor":7,"key":"Mummified Hand"},{"floor":9,"key":"Smiling Mask"},{"floor":26,"key":"Cables"}],"event_choices":[{"damage_healed":0,"gold_gain":0,"player_choice":"Trade","damage_taken":0,"relics_obtained":["CultistMask"],"max_hp_gain":0,"max_hp_loss":0,"event_name":"FaceTrader","floor":3,"gold_loss":0},{"damage_healed":0,"gold_gain":0,"player_choice":"Adaptability","damage_taken":0,"max_hp_gain":0,"max_hp_loss":0,"event_name":"betterThird:BetterWriting","floor":20,"gold_loss":0},{"damage_healed":0,"gold_gain":0,"player_choice":"Copied","damage_taken":0,"max_hp_gain":0,"max_hp_loss":0,"event_name":"Duplicator","floor":22,"gold_loss":0,"cards_obtained":["Turbo"]},{"damage_healed":0,"gold_gain":0,"player_choice":"Smashed Altar","damage_taken":0,"max_hp_gain":0,"max_hp_loss":0,"event_name":"Forgotten Altar","floor":28,"gold_loss":0,"cards_obtained":["Decay"]},{"cards_removed":["Decay"],"damage_healed":0,"gold_gain":0,"player_choice":"Gave Gold","damage_taken":0,"max_hp_gain":0,"max_hp_loss":0,"event_name":"Beggar","floor":31,"gold_loss":75}],"is_beta":false,"boss_relics":[{"not_picked":["Runic Dome","FrozenCore","Philosopher\u0027s Stone"]}],"items_purged_floors":[],"is_endless":false,"potions_floor_spawned":[1,5,13,16,24],"killed_by":"Champ","ascension_level":0}}