{"host":"qxeepl7ydvsgmfdb","time":1612973168,"event":{"mods":["AchievementEnabler","BaseMod","Colored Powertips","Minty Spire (QoL Compilation)","Quick Restart","slay the spire mod where everything is the same but ironclad has a cowboy hat"],"gold_per_floor":[114,114,129,129,54,86,86,113,113,66,85,85,85,102,102,199,249,268,53,53,67,67,94,94,50,50,0,17,51,51,21,21,21,21],"floor_reached":33,"language":"ENG","playtime":739,"items_purged":["Strike_G","Strike_G"],"score":502,"play_id":"7f36bb6e-8b3b-486b-9672-47a115b2fbd6","local_time":"20210210110608","is_ascension_mode":true,"campfire_choices":[{"data":"Blade Dance","floor":7,"key":"SMITH"},{"floor":15,"key":"REST"},{"floor":24,"key":"REST"},{"data":"After Image","floor":30,"key":"SMITH"},{"floor":32,"key":"REST"}],"circlet_count":0,"master_deck":["AscendersBane","Strike_G","Strike_G","Strike_G","Defend_G","Defend_G","Defend_G+1","Defend_G","Defend_G","Survivor","Neutralize+1","Poisoned Stab","Corpse Explosion+1","Blade Dance+1","Catalyst","Slice","Deadly Poison","After Image+1","Deadly Poison","Dagger Spray","Discovery"],"relics":["Ring of the Snake","NeowsBlessing","Pantograph","Letter Opener","Bronze Scales","Shuriken","Tiny House","Membership Card","Molten Egg 2","CaptainsWheel","Regal Pillow"],"acts_visited":["Exordium","TheCity"],"potions_floor_usage":[11,14,14,23,29,33],"damage_taken":[{"damage":0,"enemies":"Small Slimes","floor":1,"turns":1},{"damage":0,"enemies":"Cultist","floor":3,"turns":1},{"damage":0,"enemies":"Gremlin Nob","floor":6,"turns":1},{"damage":28,"enemies":"3 Sentries","floor":8,"turns":3},{"damage":0,"enemies":"Jaw Worm","floor":11,"turns":2},{"damage":0,"enemies":"Looter","floor":14,"turns":3},{"damage":20,"enemies":"Hexaghost","floor":16,"turns":8},{"damage":6,"enemies":"3 Byrds","floor":18,"turns":2},{"damage":6,"enemies":"Chosen","floor":21,"turns":4},{"damage":22,"enemies":"Slavers","floor":23,"turns":2},{"damage":9,"enemies":"Centurion and Healer","floor":28,"turns":5},{"damage":3,"enemies":"Book of Stabbing","floor":29,"turns":4},{"damage":86,"enemies":"Champ","floor":33,"turns":10}],"seed_played":"8245015560574373310","potions_obtained":[{"floor":1,"key":"SneckoOil"},{"floor":6,"key":"GamblersBrew"},{"floor":11,"key":"Fruit Juice"},{"floor":13,"key":"GhostInAJar"},{"floor":13,"key":"PowerPotion"},{"floor":17,"key":"Energy Potion"},{"floor":23,"key":"SteroidPotion"},{"floor":28,"key":"Energy Potion"},{"floor":31,"key":"AttackPotion"}],"is_trial":false,"path_per_floor":["M","?","M","?","$","E","R","E","T","$","M","?","?","M","R","B",null,"M","$","?","M","?","E","R","$","T","$","M","E","R","?","R","B"],"character_chosen":"THE_SILENT","items_purchased":["Corpse Explosion","Slice","Membership Card","Dagger Spray","Discovery"],"campfire_rested":3,"item_purchase_floors":[5,10,19,19,25],"current_hp_per_floor":[63,63,63,49,49,49,49,21,21,21,26,1,1,1,23,28,68,62,62,80,74,65,43,67,67,67,67,58,55,55,55,80,0,0],"gold":21,"neow_bonus":"THREE_ENEMY_KILL","is_daily":false,"chose_seed":false,"campfire_upgraded":2,"win_rate":0.0,"timestamp":1612973168,"path_taken":["M","?","?","?","$","E","R","E","T","$","M","?","?","M","R","BOSS","M","?","?","?","?","E","R","?","T","$","M","E","R","?","R","BOSS"],"items_purchased_type":["Card","Card","Relic","Card","Card"],"build_version":"2020-12-22","purchased_purges":2,"victory":false,"max_hp_per_floor":[70,70,70,70,70,70,70,70,70,70,75,75,75,75,75,75,80,80,80,80,80,80,80,80,80,80,80,80,80,80,80,80,80,80],"card_choices":[{"not_picked":["Terror","Outmaneuver"],"picked":"Poisoned Stab","floor":1},{"not_picked":["Flying Knee","Backflip","Reflex"],"picked":"SKIP","floor":3},{"not_picked":["Flying Knee","Cloak And Dagger"],"picked":"Blade Dance","floor":6},{"not_picked":["Choke","Backflip"],"picked":"Catalyst","floor":8},{"not_picked":["Quick Slash","Leg Sweep"],"picked":"Distraction","floor":11},{"not_picked":["Catalyst","Sucker Punch"],"picked":"Deadly Poison","floor":14},{"not_picked":["A Thousand Cuts","Wraith Form v2"],"picked":"After Image","floor":16},{"not_picked":["Bane","Catalyst"],"picked":"Deadly Poison","floor":17},{"not_picked":["Flechettes","Bouncing Flask","Dodge and Roll"],"picked":"SKIP","floor":18},{"not_picked":["Concentrate","Escape Plan","Leg Sweep+1"],"picked":"SKIP","floor":21},{"not_picked":["Sucker Punch+1","Expertise","Prepared"],"picked":"SKIP","floor":23},{"not_picked":["Endless Agony+1","Acrobatics+1","Setup"],"picked":"SKIP","floor":28},{"not_picked":["Flechettes+1","Masterful Stab+1","Corpse Explosion"],"picked":"SKIP","floor":29}],"player_experience":152586,"relics_obtained":[{"floor":6,"key":"Letter Opener"},{"floor":8,"key":"Bronze Scales"},{"floor":9,"key":"Shuriken"},{"floor":23,"key":"Molten Egg 2"},{"floor":26,"key":"CaptainsWheel"},{"floor":29,"key":"Regal Pillow"}],"event_choices":[{"damage_healed":0,"gold_gain":0,"player_choice":"Gave Potion","damage_taken":0,"relics_obtained":["Pantograph"],"max_hp_gain":0,"max_hp_loss":0,"event_name":"WeMeetAgain","floor":2,"gold_loss":0},{"damage_healed":0,"gold_gain":0,"player_choice":"Entered Light","damage_taken":14,"max_hp_gain":0,"max_hp_loss":0,"event_name":"Shining Light","floor":4,"gold_loss":0,"cards_upgraded":["Neutralize","Defend_G"]},{"damage_healed":0,"gold_gain":0,"player_choice":"Fled","damage_taken":25,"max_hp_gain":0,"max_hp_loss":0,"event_name":"Scrap Ooze","floor":12,"gold_loss":0},{"damage_healed":0,"gold_gain":0,"player_choice":"Got Potions","damage_taken":0,"max_hp_gain":0,"max_hp_loss":0,"event_name":"Lab","floor":13,"gold_loss":0},{"cards_removed":["Distraction"],"damage_healed":18,"gold_gain":0,"player_choice":"Offered Uncommon","damage_taken":0,"max_hp_gain":0,"max_hp_loss":0,"event_name":"Bonfire Elementals","floor":20,"gold_loss":0},{"damage_healed":0,"gold_gain":0,"player_choice":"Stopped","damage_taken":9,"max_hp_gain":0,"max_hp_loss":0,"event_name":"Cursed Tome","floor":22,"gold_loss":0},{"damage_healed":0,"gold_gain":0,"player_choice":"Bought 2 Potions","damage_taken":0,"max_hp_gain":0,"max_hp_loss":0,"event_name":"The Woman in Blue","floor":31,"gold_loss":0}],"is_beta":false,"boss_relics":[{"not_picked":["Fusion Hammer","Astrolabe"],"picked":"Tiny House"}],"items_purged_floors":[19,27],"is_endless":false,"potions_floor_spawned":[1,6,11,23,28],"killed_by":"Champ","ascension_level":12}}