{"host":"a5lz0e76zb3fcwkm","time":1612943519,"event":{"mods":["AchievementEnabler","BaseMod","Colored Map","Colored Powertips","Minty Spire (QoL Compilation)","StSLib","SuperFastMode"],"gold_per_floor":[112,37,37,37,52,85,85,98,124,149,168,168,168,185,185,260,260,276,291,291,291,304,304,335,351,351,276,276,276,276,10,10,87,87,97,1096,646,657,672,698,698,715,739,739,749,760,777,812,812,812,812,812,812,217,250,250],"floor_reached":57,"language":"KOR","playtime":1498,"items_purged":["Anger","Strike_R","Cleave+1","Defend_R"],"score":2859,"play_id":"17e226e4-1d02-4716-b09c-606f36ec5d95","local_time":"20210210165159","is_ascension_mode":true,"campfire_choices":[{"data":"Barricade","floor":7.0,"key":"SMITH"},{"data":"Shockwave","floor":13.0,"key":"SMITH"},{"data":"Body Slam","floor":15.0,"key":"SMITH"},{"data":"Evolve","floor":23.0,"key":"SMITH"},{"floor":28.0,"key":"REST"},{"data":"Second Wind","floor":32,"key":"SMITH"},{"floor":41,"key":"RECALL"},{"data":"Battle Trance","floor":44,"key":"SMITH"},{"data":"Feel No Pain","floor":49,"key":"SMITH"},{"data":"Impervious","floor":53,"key":"SMITH"}],"circlet_count":0,"master_deck":["AscendersBane","Defend_R","Defend_R","Defend_R","Bash","Shockwave+1","Barricade+1","Power Through+1","Body Slam+1","Double Tap+1","Power Through+1","Shrug It Off","Body Slam+1","Evolve+1","Second Wind+1","Battle Trance+1","Impervious+1","Feel No Pain+1","Entrench","Seeing Red"],"relics":["Black Blood","NeowsBlessing","Bag of Marbles","Oddly Smooth Stone","Pen Nib","Astrolabe","Juzu Bracelet","Red Skull","MutagenicStrength","Omamori","PreservedInsect","Orrery","Centennial Puzzle","Toy Ornithopter","Pantograph","Sundial","Art of War"],"acts_visited":["Exordium","TheCity","TheBeyond","TheEnding"],"potions_floor_usage":[56,56],"damage_taken":[{"damage":0.0,"enemies":"2 Louse","floor":1.0,"turns":2.0},{"damage":0.0,"enemies":"Jaw Worm","floor":5.0,"turns":1.0},{"damage":0.0,"enemies":"Lagavulin","floor":6.0,"turns":1.0},{"damage":0.0,"enemies":"Small Slimes","floor":8.0,"turns":4.0},{"damage":24.0,"enemies":"Gremlin Nob","floor":10.0,"turns":4.0},{"damage":0.0,"enemies":"Exordium Wildlife","floor":11.0,"turns":4.0},{"damage":4.0,"enemies":"Blue Slaver","floor":14.0,"turns":3.0},{"damage":16.0,"enemies":"Slime Boss","floor":16.0,"turns":5.0},{"damage":10.0,"enemies":"2 Thieves","floor":18.0,"turns":4.0},{"damage":0.0,"enemies":"Spheric Guardian","floor":19.0,"turns":4.0},{"damage":6.0,"enemies":"Snake Plant","floor":22.0,"turns":4.0},{"damage":11.0,"enemies":"Slavers","floor":24.0,"turns":4.0},{"damage":17.0,"enemies":"Centurion and Healer","floor":25.0,"turns":6.0},{"damage":16,"enemies":"Automaton","floor":33,"turns":6},{"damage":30,"enemies":"3 Darklings","floor":35,"turns":6},{"damage":8,"enemies":"Orb Walker","floor":38,"turns":4},{"damage":0,"enemies":"Maw","floor":39,"turns":6},{"damage":0,"enemies":"Giant Head","floor":40,"turns":5},{"damage":13,"enemies":"4 Shapes","floor":42,"turns":6},{"damage":0,"enemies":"Sphere and 2 Shapes","floor":45,"turns":4},{"damage":8,"enemies":"Writhing Mass","floor":46,"turns":5},{"damage":3,"enemies":"3 Darklings","floor":47,"turns":5},{"damage":0,"enemies":"Nemesis","floor":48,"turns":3},{"damage":31,"enemies":"Awakened One","floor":50,"turns":9},{"damage":18,"enemies":"Time Eater","floor":51,"turns":8},{"damage":55,"enemies":"Shield and Spear","floor":55,"turns":6},{"damage":12,"enemies":"The Heart","floor":56,"turns":9}],"seed_played":"-2063449795471380921","potions_obtained":[{"floor":5.0,"key":"DistilledChaos"},{"floor":6.0,"key":"FearPotion"},{"floor":10.0,"key":"DistilledChaos"},{"floor":16.0,"key":"SteroidPotion"},{"floor":19.0,"key":"Dexterity Potion"},{"floor":33,"key":"SteroidPotion"},{"floor":42,"key":"SkillPotion"},{"floor":46,"key":"PowerPotion"},{"floor":55,"key":"DuplicationPotion"}],"is_trial":false,"path_per_floor":["M","?","?","?","M","E","R","M","T","E","M","?","R","M","R","B",null,"M","M","?","?","M","R","E","M","T","$","R","?","?","$","R","B",null,"M","?","$","M","M","E","R","M","T","R","M","M","M","E","R","B","B",null,"R","$","E","B",null],"character_chosen":"IRONCLAD","items_purchased":["Omamori","PreservedInsect","Orrery","Entrench","Seeing Red","Sundial"],"campfire_rested":1,"item_purchase_floors":[31,37,37,54,54,54],"current_hp_per_floor":[74,74,79,79,80,80,80,80,80,62,68,63,63,65,65,55,74,70,76,53,53,53,53,48,37,37,37,62,62,62,62,62,52,77,59,59,59,63,75,85,85,84,84,84,85,85,85,85,85,66,79,84,84,84,41,76],"gold":250,"neow_bonus":"THREE_ENEMY_KILL","is_daily":false,"chose_seed":false,"campfire_upgraded":8,"win_rate":0.0,"timestamp":1612943519,"path_taken":["M","?","?","?","?","E","R","M","T","E","M","?","R","M","R","BOSS","M","M","?","?","?","R","E","M","T","$","R","?","?","$","R","BOSS","M","?","$","M","M","E","R","M","T","R","M","M","M","E","R","BOSS","BOSS","R","$","E","BOSS"],"items_purchased_type":["Relic","Relic","Relic","Card","Card","Relic"],"build_version":"2020-12-22","purchased_purges":4,"victory":true,"max_hp_per_floor":[75,75,80,80,80,80,80,80,80,80,80,80,80,80,80,80,80,80,80,85,85,85,85,85,85,85,85,85,85,85,85,85,85,85,85,85,85,85,85,85,85,85,85,85,85,85,85,85,85,85,85,85,85,85,85,85],"card_choices":[{"not_picked":["Clothesline","Rupture"],"picked":"Anger","floor":1.0},{"not_picked":["Feel No Pain","Iron Wave"],"picked":"Shockwave","floor":5.0},{"not_picked":["Perfected Strike","Warcry"],"picked":"Barricade","floor":6.0},{"not_picked":["Inflame","Armaments"],"picked":"Power Through","floor":8.0},{"not_picked":["Clothesline","Bludgeon"],"picked":"Body Slam","floor":10.0},{"not_picked":["Pommel Strike","Heavy Blade","Bloodletting"],"picked":"SKIP","floor":11.0},{"not_picked":["Pummel","Sword Boomerang","Clothesline"],"picked":"SKIP","floor":14.0},{"not_picked":["Burning Pact","Searing Blow+1"],"picked":"Shrug It Off","floor":18.0},{"not_picked":["Shockwave+1","Power Through+1"],"picked":"Body Slam+1","floor":19.0},{"not_picked":["Anger","Twin Strike+1"],"picked":"Evolve","floor":22.0},{"not_picked":["Pommel Strike","Shrug It Off","Pummel"],"picked":"SKIP","floor":24.0},{"not_picked":["Dark Embrace","Perfected Strike","Shrug It Off"],"picked":"SKIP","floor":25.0},{"not_picked":["Power Through","True Grit","Fire Breathing"],"picked":"SKIP","floor":35},{"not_picked":["Uppercut+1","Ghostly Armor"],"picked":"Battle Trance","floor":37},{"not_picked":["True Grit","Twin Strike+1"],"picked":"Impervious","floor":38},{"not_picked":["Iron Wave+1","Clash","Sword Boomerang"],"picked":"SKIP","floor":39},{"not_picked":["Inflame","Burning Pact+1","Perfected Strike"],"picked":"SKIP","floor":40},{"not_picked":["Rampage+1","Body Slam","Shockwave"],"picked":"SKIP","floor":42},{"not_picked":["Cleave","Body Slam","Flame Barrier"],"picked":"SKIP","floor":45},{"not_picked":["Clash","Combust","Intimidate"],"picked":"SKIP","floor":46},{"not_picked":["Dual Wield","Clash","Metallicize"],"picked":"SKIP","floor":47},{"not_picked":["Berserk","Flex+1"],"picked":"Feel No Pain","floor":48},{"not_picked":["Body Slam","Armaments+1","Twin Strike+1"],"picked":"SKIP","floor":55}],"player_experience":1853282,"relics_obtained":[{"floor":6.0,"key":"Bag of Marbles"},{"floor":10.0,"key":"Oddly Smooth Stone"},{"floor":24.0,"key":"Juzu Bracelet"},{"floor":26.0,"key":"Red Skull"},{"floor":40,"key":"Centennial Puzzle"},{"floor":43,"key":"Toy Ornithopter"},{"floor":48,"key":"Pantograph"},{"floor":55,"key":"Art of War"}],"event_choices":[{"cards_removed":["Strike_R"],"damage_healed":0.0,"max_hp_gain":0.0,"max_hp_loss":0.0,"gold_gain":0.0,"event_name":"The Cleric","player_choice":"Card Removal","floor":2.0,"gold_loss":75.0,"damage_taken":0.0},{"damage_healed":0.0,"max_hp_gain":5.0,"max_hp_loss":0.0,"gold_gain":0.0,"event_name":"Big Fish","player_choice":"Donut","floor":3.0,"gold_loss":0.0,"damage_taken":0.0},{"damage_healed":0.0,"max_hp_gain":0.0,"max_hp_loss":0.0,"gold_gain":0.0,"event_name":"Liars Game","player_choice":"Ignored","floor":4.0,"gold_loss":0.0,"damage_taken":0.0},{"damage_healed":0.0,"max_hp_gain":0.0,"max_hp_loss":0.0,"gold_gain":0.0,"event_name":"Scrap Ooze","player_choice":"Success","floor":12.0,"gold_loss":0.0,"damage_taken":5.0,"relics_obtained":["Pen Nib"]},{"damage_healed":0.0,"max_hp_gain":5.0,"max_hp_loss":0.0,"gold_gain":0.0,"event_name":"Forgotten Altar","player_choice":"Shed Blood","floor":20.0,"gold_loss":0.0,"damage_taken":28.0},{"damage_healed":0.0,"max_hp_gain":0.0,"max_hp_loss":0.0,"gold_gain":0.0,"event_name":"Accursed Blacksmith","player_choice":"Forge","floor":21.0,"gold_loss":0.0,"damage_taken":0.0,"cards_upgraded":["Power Through"]},{"damage_healed":0.0,"max_hp_gain":0.0,"max_hp_loss":0.0,"gold_gain":0.0,"event_name":"The Library","player_choice":"Read","floor":29.0,"gold_loss":0.0,"damage_taken":0.0,"cards_obtained":["Second Wind"]},{"damage_healed":0,"gold_gain":0,"player_choice":"Inject Mutagens","damage_taken":0,"relics_obtained":["MutagenicStrength"],"max_hp_gain":0,"max_hp_loss":0,"event_name":"Drug Dealer","floor":30,"gold_loss":0},{"damage_healed":0,"gold_gain":999,"player_choice":"Gold","damage_taken":0,"max_hp_gain":0,"max_hp_loss":0,"event_name":"MindBloom","floor":36,"gold_loss":0,"cards_obtained":["Normality","Normality"]}],"is_beta":false,"boss_relics":[{"not_picked":["SacredBark","Runic Dome"],"picked":"Astrolabe"},{"not_picked":["Runic Cube","Tiny House"],"picked":"Black Blood"}],"items_purged_floors":[27,31,37,54],"is_endless":false,"potions_floor_spawned":[5,6,10,16,19,22,33,38,42,46,47,55],"ascension_level":20}}