{"host":"coame8l8goqx0svj","time":1612991688,"event":{"mods":["BaseMod","Downfall","Minty Spire (QoL Compilation)","StSLib"],"gold_per_floor":[99,113,124,124,124,124,124,124,124,135,135,154,154,64,79,184,184,184,203,203,203,203,222,245,245,162,162,162,162],"floor_reached":27,"language":"ENG","playtime":1128,"items_purged":["bronze:Strike"],"score":259,"play_id":"ff20528c-8159-4d69-94fd-6a91185664cd","local_time":"20210210221448","is_ascension_mode":true,"campfire_choices":[{"data":"bronze:Replicate","floor":1,"key":"SMITH"},{"data":"bronze:Shell","floor":6,"key":"SMITH"},{"data":"bronze:Constructor","floor":8,"key":"SMITH"},{"floor":11,"key":"REST"},{"data":"bronze:Goto","floor":13,"key":"SMITH"},{"data":"bronze:Repulsor","floor":18,"key":"SMITH"}],"circlet_count":0,"master_deck":["bronze:Strike","bronze:Strike","bronze:Defend","bronze:Defend","bronze:Defend","bronze:Defend","bronze:Replicate+1","bronze:Goto+1","bronze:Constructor+1","bronze:Shell+1","bronze:ForLoop","bronze:Iterate","bronze:Repulsor+1","bronze:GetLatest","bronze:HardenedForm","bronze:FineTuning","Pride","bronze:BronzeArmor","bronze:Boost","bronze:Terminator"],"relics":["bronze:BronzeCore","bronze:ProtectiveGoggles","Ginger","bronze:Mallet","bronze:ElectromagneticCoil","Prayer Wheel"],"acts_visited":["Exordium","TheCity"],"potions_floor_usage":[19],"damage_taken":[{"damage":7,"enemies":"Jaw Worm","floor":2,"turns":3},{"damage":4,"enemies":"2 Louse","floor":3,"turns":2},{"damage":13,"enemies":"Small Slimes","floor":10,"turns":4},{"damage":0,"enemies":"2 Fungi Beasts","floor":12,"turns":4},{"damage":0,"enemies":"downfall:FleeingMerchant","floor":14,"turns":4},{"damage":0,"enemies":"Exordium Wildlife","floor":15,"turns":3},{"damage":3,"enemies":"SI_SHIV_ARCHETYPE","floor":16,"turns":9},{"damage":22,"enemies":"Shell Parasite","floor":19,"turns":4},{"damage":7,"enemies":"Chosen","floor":23,"turns":6},{"damage":0,"enemies":"downfall:FleeingMerchant","floor":26,"turns":4},{"damage":39,"enemies":"Sentry and Sphere","floor":27,"turns":5}],"seed_played":"3649082687584408769","potions_obtained":[{"floor":15,"key":"SkillPotion"},{"floor":21,"key":"CultistPotion"}],"is_trial":false,"path_per_floor":["R","M","M","?","?","R","T","R","T","M","R","M","R","$","M","B",null,"R","M","?","?","?","M","T","?","$","M"],"character_chosen":"THE_AUTOMATON","items_purchased":["bronze:Terminator"],"campfire_rested":1,"item_purchase_floors":[26],"current_hp_per_floor":[63,56,52,52,52,52,52,52,52,39,60,60,60,60,60,57,67,67,45,45,45,45,38,38,38,38,0,0,0],"gold":162,"neow_bonus":"RANDOM_COMMON_RELIC","is_daily":false,"chose_seed":false,"campfire_upgraded":5,"win_rate":0.0,"timestamp":1612991688,"path_taken":["R","M","M","?","?","R","T","R","?","M","R","M","R","$","M","BOSS","R","M","?","?","?","M","T","?","$","M"],"items_purchased_type":["Card"],"build_version":"2020-12-22","purchased_purges":1,"victory":false,"max_hp_per_floor":[70,70,70,70,70,70,70,70,70,70,70,70,70,70,70,70,70,70,70,70,70,70,70,70,70,70,70,70,70],"card_choices":[{"not_picked":["bronze:Frontload","bronze:Overheat"],"picked":"bronze:Constructor","floor":2},{"not_picked":["bronze:BitShift","bronze:Safeguard"],"picked":"bronze:Shell","floor":3},{"not_picked":["bronze:BuggyMess","bronze:Overheat","bronze:Separator"],"picked":"SKIP","floor":10},{"not_picked":["bronze:BitShift","bronze:Turbo"],"picked":"bronze:Iterate","floor":12},{"not_picked":["bronze:Frontload","bronze:Backtrace"],"picked":"bronze:Repulsor","floor":14},{"not_picked":["bronze:Branch","bronze:InfiniteBeams"],"picked":"bronze:GetLatest","floor":15},{"not_picked":["bronze:InfiniteLoop","bronze:Format"],"picked":"bronze:HardenedForm","floor":16},{"not_picked":["bronze:OilSpill","bronze:CutThrough"],"picked":"bronze:FineTuning","floor":19},{"not_picked":["bronze:BugBarrage","bronze:Safeguard+1"],"picked":"bronze:BronzeArmor","floor":23},{"not_picked":["bronze:Boost","bronze:DelayedGuard","bronze:Overload"],"picked":"SKIP","floor":23},{"not_picked":["bronze:DelayedGuard","bronze:Overload"],"picked":"bronze:Boost","floor":23},{"not_picked":["bronze:BugBarrage","bronze:WildBeam+1","bronze:Safeguard"],"picked":"SKIP","floor":26}],"player_experience":1793533,"relics_obtained":[{"floor":7,"key":"Ginger"},{"floor":9,"key":"bronze:Mallet"}],"event_choices":[{"damage_healed":0,"gold_gain":0,"cards_transformed":["bronze:Strike"],"player_choice":"Change","damage_taken":0,"max_hp_gain":0,"max_hp_loss":0,"event_name":"Living Wall","floor":5,"gold_loss":0,"cards_obtained":["bronze:ForLoop"]},{"damage_healed":0,"gold_gain":0,"player_choice":"Stole Relic","damage_taken":0,"relics_obtained":["Prayer Wheel"],"max_hp_gain":0,"max_hp_loss":0,"event_name":"Addict","floor":20,"gold_loss":0,"cards_obtained":["Pride"]},{"damage_healed":0,"gold_gain":0,"player_choice":"Ignored","damage_taken":0,"max_hp_gain":0,"max_hp_loss":0,"event_name":"Ghosts","floor":22,"gold_loss":0}],"is_beta":false,"boss_relics":[{"not_picked":["bronze:MakeshiftBattery","Runic Pyramid"],"picked":"bronze:ElectromagneticCoil"}],"items_purged_floors":[14],"is_endless":false,"potions_floor_spawned":[15],"killed_by":"Sentry and Sphere","ascension_level":6}}