{"host":"rlwsj8oje50c4na7","time":1612961539,"event":{"mods":["2.2 Compatiblity","Act Like it!","Arknights","Aspiration","BaseMod","Beaked The Cultist","Bestiary","Better Altar","Better Match","Better Note","Better Sensory Stone","Better Skull","Better Third Choice","Better Vampires","BetterRewards","Bossed Relics","Colored Map","Colored Powertips","Conspire","Defuse TimeMaze Blight","Energized Spire","Friendly Minions","Gensokyo","GifTheSpireLib","GungeonMod","Halation","Hallownest","Hermit","Highlight Path","Hubris","Infinite Spire","Ironclad Rager","Jedi Mod","JesterMod","Jorbs\u0027s Wanderer Trilogy","Mad Scientist","Minty Spire (QoL Compilation)","Pale of the Ancients","Quick Restart","Random Character Button","Relic Filter","Relic Stats","Reliquary","Reorder Act Four","Replay The Spire","Retaliation","Shop Mod","Spicy Shops","StSLib","Stuff the Spire","The Administrix","The Bladedancer","The Blue Laboratory","The Bug Knight","The Construct","The Cursed","The Exalted","The Hierophant","The IronCluck","The Judge","The Kombatant","The Marked","The Necromancer","The Runesmith","The Servant 0.9.4","TheSwordswoman","Waifu the Spire","everything is the same but u backflip on backflip","slay the spire mod where everything is the same but ironclad has a cowboy hat"],"gold_per_floor":[119,119,132,144,144,161,161,193,193,211,235,266,266,284,284,383,383,398,410,410,340,357,390,390,402,402,402,413,413,413,426,426,530,530,550,550,75,167,225,252,252,252,275,292,292,292,0,12,23,38,38,38,38,38,38,68,68],"floor_reached":58,"language":"ENG","playtime":16405,"items_purged":["Defend_S","Strike_S"],"score":1319,"play_id":"0c0f384a-761a-40a9-995d-a3e890d1dfa9","local_time":"20210210145219","is_ascension_mode":false,"campfire_choices":[{"floor":13,"key":"RECALL"},{"data":"Defend_S","floor":15,"key":"SMITH"},{"data":"Hightail","floor":24,"key":"SMITH"},{"data":"InstantArmor","floor":29,"key":"SMITH"},{"floor":32,"key":"DIG"},{"data":"RealityMarble","floor":41,"key":"SMITH"},{"data":"Barrier","floor":55,"key":"SMITH"}],"circlet_count":0,"master_deck":["Strike_S","Strike_S","Strike_S","Defend_S","Defend_S","Defend_S","Exchange+1","BottledTime","RealityMarble+1","KidneyShot+1","Desolation","Rearm+1","LightFlow+1","Hightail+1","Barrier+1","BottledTime","InstantArmor+1","Luminosity+1","FlawlessForm+1","Sabotage+1","StuffTheSpire:BrainWave+1","BottledTime+1","DoubleEdge+1","Amnesia","InstantArmor"],"relics":["Uniform","Boot","StuffTheSpire:Mouthbags","Whetstone","Golden Egg","Simple Rune","Vajra","Black Star","Juzu Bracelet","reliquary:TuningFork","construct:RocketBooster","Vajra","Thread and Needle","hubris:ScarierMask","reliquary:BallBearing","jedi:kaleidoscope","hubris:VirtuousBlindfold","Pet Ghost","DemoMod:MemoryAlloy","hubris:SlimyHat","infinitespire:Lucky Rock","Pantograph","reliquary:FeatherDuster","Ring of Chaos","Ring of Hypnosis","DemoMod:GlassGuonStoneRelic","Red Mask","reliquary:PartyBalloon","DemoMod:ClearGuonStone"],"acts_visited":["Exordium","TheCity","TheBeyond","TheEnding"],"potions_floor_usage":[12,14,16,16,23,25,31,39,52,57],"damage_taken":[{"damage":0,"enemies":"ats:Genji","floor":1,"turns":4},{"damage":0,"enemies":"Jaw Worm","floor":3,"turns":3},{"damage":0,"enemies":"Cultist","floor":4,"turns":3},{"damage":0,"enemies":"Large Slime","floor":6,"turns":5},{"damage":27,"enemies":"Lagavulin","floor":8,"turns":7},{"damage":10,"enemies":"Exordium Thugs","floor":10,"turns":6},{"damage":9,"enemies":"Gremlin Nob","floor":12,"turns":4},{"damage":0,"enemies":"conspire:2 RoseBushes","floor":14,"turns":4},{"damage":10,"enemies":"The Guardian","floor":16,"turns":10},{"damage":9,"enemies":"3 Byrds","floor":18,"turns":5},{"damage":14,"enemies":"Shell Parasite","floor":19,"turns":4},{"damage":8,"enemies":"Chosen and Byrds","floor":22,"turns":8},{"damage":2,"enemies":"Book of Stabbing","floor":23,"turns":7},{"damage":0,"enemies":"Sentry and Sphere","floor":25,"turns":6},{"damage":0,"enemies":"Snecko","floor":28,"turns":6},{"damage":2,"enemies":"Snake Plant","floor":31,"turns":3},{"damage":10,"enemies":"Collector","floor":33,"turns":18},{"damage":0,"enemies":"Orb Walker","floor":35,"turns":4},{"damage":0,"enemies":"conspire:MimicChest","floor":39,"turns":8},{"damage":0,"enemies":"Nemesis","floor":40,"turns":8},{"damage":0,"enemies":"3 Shapes","floor":44,"turns":2},{"damage":0,"enemies":"Spire Growth","floor":48,"turns":2},{"damage":0,"enemies":"Jaw Worm Horde","floor":49,"turns":2},{"damage":0,"enemies":"Sphere and 2 Shapes","floor":50,"turns":2},{"damage":0,"enemies":"Time Eater","floor":52,"turns":6},{"damage":0,"enemies":"Shield and Spear","floor":56,"turns":3},{"damage":2,"enemies":"The Heart","floor":57,"turns":9}],"seed_played":"4020112654264716772","potions_obtained":[{"floor":3,"key":"SpeedPotion"},{"floor":6,"key":"Explosive Potion"},{"floor":8,"key":"FearPotion"},{"floor":12,"key":"Strength Potion"},{"floor":22,"key":"EssenceOfSteel"},{"floor":23,"key":"blueLaboratory:Moonshine"},{"floor":25,"key":"EssenceOfSteel"},{"floor":33,"key":"Adrenaline Potion"},{"floor":35,"key":"BlessingOfTheForge"},{"floor":39,"key":"PowerPotion"},{"floor":44,"key":"Fire Potion"}],"is_trial":false,"path_per_floor":["M","?","M","M","?","M","?","E","T","M","T","E","R","M","R","B",null,"M","M","?","?","M","E","R","M","T","?","M","R","AVR","M","R_BF","B",null,"M","?","$","?","?","E","R","?","T","M","PTL","PTL","?","M","M","M","R_BF","B",null,"$","R","E","B",null],"character_chosen":"THE_SERVANT","items_purchased":["Pet Ghost","DemoMod:MemoryAlloy"],"campfire_rested":0,"item_purchase_floors":[37,37],"current_hp_per_floor":[65,65,65,65,65,65,65,38,38,28,28,19,19,19,19,9,65,56,42,42,42,34,32,32,32,32,32,32,32,32,30,30,20,65,65,59,59,36,36,36,36,36,36,36,36,36,36,36,36,36,53,59,59,59,59,59,59],"gold":68,"neow_bonus":"RANDOM_COMMON_RELIC","is_daily":false,"chose_seed":false,"campfire_upgraded":5,"win_rate":0.0,"timestamp":1612961539,"path_taken":["M","?","M","?","?","?","?","E","T","?","?","E","R","M","R","BOSS","M","M","?","?","M","E","R","M","T","?","M","R","AVR","M","R_BF","BOSS","M","?","$","?","?","E","R","?","T","M","PTL","PTL","?","M","M","M","R_BF","BOSS","$","R","E","BOSS"],"items_purchased_type":["Relic","Relic"],"build_version":"2020-12-22","purchased_purges":2,"victory":true,"max_hp_per_floor":[65,65,65,65,65,65,65,65,65,65,65,65,65,65,65,65,65,65,65,65,65,65,65,65,65,65,65,65,65,65,65,65,65,65,65,59,59,59,59,59,59,59,59,59,59,59,59,59,59,59,59,59,59,59,59,59,59],"relic_stats":{"counters":[27,149],"Pantograph":6,"Black Star":3,"Juzu Bracelet":2,"Whetstone":["Strike_S","Strike_S"],"Boot":[184],"obtain_stats":[{"Golden Egg":9,"reliquary:FeatherDuster":40,"reliquary:PartyBalloon":56,"Vajra":12,"hubris:VirtuousBlindfold":34,"DemoMod:GlassGuonStoneRelic":3,"Uniform":0,"Juzu Bracelet":20,"hubris:SlimyHat":38,"Whetstone":8,"Boot":0,"Pet Ghost":37,"Pantograph":40,"hubris:ScarierMask":30,"Red Mask":47,"DemoMod:ClearGuonStone":56,"construct:RocketBooster":23,"Ring of Hypnosis":42,"DemoMod:MemoryAlloy":37,"Thread and Needle":26,"Ring of Chaos":42,"infinitespire:Lucky Rock":39,"jedi:kaleidoscope":32,"StuffTheSpire:Mouthbags":7,"Simple Rune":11,"reliquary:SculptingSteel":23,"reliquary:BallBearing":30,"Black Star":17,"reliquary:TuningFork":21},{"Golden Egg":5,"reliquary:FeatherDuster":20,"reliquary:PartyBalloon":26,"Vajra":7,"hubris:VirtuousBlindfold":17,"DemoMod:GlassGuonStoneRelic":2,"Uniform":0,"Juzu Bracelet":11,"hubris:SlimyHat":18,"Whetstone":5,"Boot":0,"Pet Ghost":18,"Pantograph":20,"hubris:ScarierMask":15,"Red Mask":21,"DemoMod:ClearGuonStone":26,"construct:RocketBooster":13,"Ring of Hypnosis":20,"DemoMod:MemoryAlloy":18,"Thread and Needle":14,"Ring of Chaos":20,"infinitespire:Lucky Rock":19,"jedi:kaleidoscope":16,"StuffTheSpire:Mouthbags":4,"Simple Rune":6,"reliquary:SculptingSteel":13,"reliquary:BallBearing":15,"Black Star":9,"reliquary:TuningFork":11},{"Golden Egg":22,"reliquary:FeatherDuster":123,"reliquary:PartyBalloon":140,"Vajra":32,"hubris:VirtuousBlindfold":103,"DemoMod:GlassGuonStoneRelic":7,"Uniform":0,"Juzu Bracelet":55,"hubris:SlimyHat":107,"Whetstone":22,"Boot":0,"Pet Ghost":107,"Pantograph":123,"hubris:ScarierMask":82,"Red Mask":125,"DemoMod:ClearGuonStone":140,"construct:RocketBooster":70,"Ring of Hypnosis":123,"DemoMod:MemoryAlloy":107,"Thread and Needle":76,"Ring of Chaos":123,"infinitespire:Lucky Rock":115,"jedi:kaleidoscope":85,"StuffTheSpire:Mouthbags":15,"Simple Rune":28,"reliquary:SculptingSteel":70,"reliquary:BallBearing":82,"Black Star":46,"reliquary:TuningFork":55}]},"card_choices":[{"not_picked":["FastForward","Shuttle"],"picked":"BottledTime","floor":1},{"not_picked":["MoonPhase","Replace","StarChef"],"picked":"SKIP","floor":3},{"not_picked":["BottledTime","MoonPhase"],"picked":"RealityMarble","floor":4},{"not_picked":["Unruled","BottledTime","Starlight"],"picked":"SKIP","floor":6},{"not_picked":["WasteNot","Revamp","Shuttle"],"picked":"SKIP","floor":8},{"not_picked":["ShiftingGears","FastForward"],"picked":"Desolation","floor":10},{"not_picked":["Alleviate","Replace","Snipe"],"picked":"SKIP","floor":12},{"not_picked":["Snipe","Hightail"],"picked":"Rearm","floor":14},{"not_picked":["PendulumOfEternity","Deny"],"picked":"LightFlow","floor":16},{"not_picked":["InstantArmor","FastForward"],"picked":"Hightail","floor":18},{"not_picked":["TimeWarp","ShatteredReality"],"picked":"Barrier","floor":19},{"not_picked":["TimeWarp","ShatteredReality","SilverBlades"],"picked":"SKIP","floor":22},{"not_picked":["Revamp","DoubleEdge+1"],"picked":"Defy","floor":23},{"not_picked":["RealityMarble","TimeWarp+1","FastForward"],"picked":"SKIP","floor":25},{"not_picked":["Starlight","Rearm"],"picked":"InstantArmor","floor":28},{"not_picked":["ShiftingGears","Defy"],"picked":"Luminosity+1","floor":31},{"not_picked":["TheWorld","FloweringNight"],"picked":"FlawlessForm","floor":33},{"not_picked":["BottledTime+1","BestPractice"],"picked":"Sabotage+1","floor":35},{"not_picked":["Reset+1","Potential+1"],"picked":"BottledTime+1","floor":38},{"not_picked":["Hightail","Ricochet+1"],"picked":"DoubleEdge+1","floor":39},{"not_picked":["Gouge","WasteNot","DoubleEdge"],"picked":"SKIP","floor":40},{"not_picked":["Sunlight","Revamp","Ricochet"],"picked":"SKIP","floor":44},{"not_picked":["Spin+1","ShatteredReality","DoubleEdge"],"picked":"SKIP","floor":48},{"not_picked":["Comet+1","Potential+1"],"picked":"InstantArmor","floor":49},{"not_picked":["Rewind","Read+1","Foresight+1"],"picked":"SKIP","floor":50},{"not_picked":["Rewind+1","Initiator","Potential+1"],"picked":"SKIP","floor":56}],"player_experience":1070805,"relics_obtained":[{"floor":8,"key":"Whetstone"},{"floor":9,"key":"Golden Egg"},{"floor":11,"key":"Simple Rune"},{"floor":12,"key":"Vajra"},{"floor":20,"key":"Juzu Bracelet"},{"floor":23,"key":"construct:RocketBooster"},{"floor":23,"key":"reliquary:SculptingSteel"},{"floor":26,"key":"Thread and Needle"},{"floor":32,"key":"jedi:kaleidoscope"},{"floor":38,"key":"hubris:SlimyHat"},{"floor":39,"key":"infinitespire:Lucky Rock"},{"floor":40,"key":"Pantograph"},{"floor":40,"key":"reliquary:FeatherDuster"},{"floor":42,"key":"Ring of Chaos"},{"floor":42,"key":"Ring of Hypnosis"},{"floor":56,"key":"reliquary:PartyBalloon"},{"floor":56,"key":"DemoMod:ClearGuonStone"}],"event_choices":[{"damage_healed":0,"gold_gain":0,"player_choice":"Upgraded","damage_taken":0,"max_hp_gain":0,"max_hp_loss":0,"event_name":"Upgrade Shrine","floor":2,"gold_loss":0,"cards_upgraded":["KidneyShot"]},{"damage_healed":0,"gold_gain":0,"player_choice":"Bought 0 Potions","damage_taken":0,"max_hp_gain":0,"max_hp_loss":0,"event_name":"The Woman in Blue","floor":5,"gold_loss":0},{"damage_healed":0,"gold_gain":0,"player_choice":"Relic","damage_taken":0,"max_hp_gain":0,"max_hp_loss":0,"event_name":"Wheel of Change","floor":20,"gold_loss":0},{"damage_healed":0,"gold_gain":0,"player_choice":"Paid Gold","damage_taken":0,"relics_obtained":["reliquary:TuningFork"],"max_hp_gain":0,"max_hp_loss":0,"event_name":"WeMeetAgain","floor":21,"gold_loss":70},{"damage_healed":0,"gold_gain":0,"player_choice":"Copied","damage_taken":0,"max_hp_gain":0,"max_hp_loss":0,"event_name":"Duplicator","floor":27,"gold_loss":0,"cards_obtained":["BottledTime"]},{"damage_healed":0,"gold_gain":0,"player_choice":"Paid","damage_taken":0,"relics_obtained":["Red Mask"],"max_hp_gain":0,"max_hp_loss":0,"event_name":"Tomb of Lord Red Mask","floor":47,"gold_loss":292}],"is_beta":false,"boss_relics":[{"not_picked":["conspire:SpecialSausage","Bromod:ArcaneBarrier"],"picked":"Black Star"},{"not_picked":["conspire:RunicOctahedron","construct:WeddingRing"],"picked":"hubris:VirtuousBlindfold"}],"items_purged_floors":[30,37],"is_endless":false,"potions_floor_spawned":[3,6,8,12,22,23,25,33,35,39,44,49],"ascension_level":0}}