{"host":"si2ec0wbmfkjihef","time":1612989793,"event":{"mods":["AchievementEnabler","Act Like it!","BaseMod","BetterRewards","Colored Map","Colored Powertips","Energized Spire","Evolution","Gold Saver","Highlight Path","Infinite Spire","Minty Spire (QoL Compilation)","Quick Restart","Reworked Bosses","StSLib","The Jungle"],"gold_per_floor":[356,356,356,356,356,356,368,368,391,391,491,503,532,544,544,643,643,654,654,667,517,534,534,547,559,559,123,123,123,123,135,135,230,230,248,267,267,267,65,65,94,94,118,118,118],"floor_reached":44,"language":"DEU","playtime":2109,"items_purged":["Strike_B","Dualcast","Regret"],"score":456,"play_id":"93d5a049-4166-4dbc-9032-9edd6d481503","local_time":"20210210214313","is_ascension_mode":true,"campfire_choices":[{"floor":6,"key":"REST"},{"data":"infinitespire:Fortify","floor":8,"key":"SMITH"},{"data":"Loop","floor":10,"key":"SMITH"},{"floor":15,"key":"REST"},{"data":"Defragment","floor":23,"key":"SMITH"},{"data":"Defragment","floor":29,"key":"SMITH"},{"data":"infinitespire:Starlight","floor":32,"key":"SMITH"},{"data":"Static Discharge","floor":40,"key":"SMITH"},{"floor":42,"key":"REST"}],"circlet_count":0,"master_deck":["Cold Snap+1","Cold Snap+1","Cold Snap","Defend_B","Defend_B","Defend_B","Zap","infinitespire:Fortify+1","Loop+1","White Noise","Biased Cognition","Iron Wave","Defragment+1","Loop","Defragment+1","infinitespire:Starlight+1","Ball Lightning+1","Electrodynamics","Ball Lightning+1","Hello World","Writhe","Static Discharge+1","Capacitor"],"relics":["Cracked Core","EVO:Axolotl","Lantern","Juzu Bracelet","Nuclear Battery","Turnip","Bottled Tornado","Philosopher\u0027s Stone","Ancient Tea Set","Omamori"],"acts_visited":["Exordium","TheCity","TheBeyond"],"potions_floor_usage":[],"damage_taken":[{"damage":3,"enemies":"Small Slimes","floor":1,"turns":4},{"damage":1,"enemies":"2 Louse","floor":7,"turns":2},{"damage":0,"enemies":"Cultist","floor":12,"turns":3},{"damage":5,"enemies":"3 Sentries","floor":13,"turns":8},{"damage":0,"enemies":"Red Slaver","floor":14,"turns":3},{"damage":47,"enemies":"Hexaghost","floor":16,"turns":15},{"damage":0,"enemies":"Chosen","floor":18,"turns":7},{"damage":3,"enemies":"3 Byrds","floor":20,"turns":7},{"damage":0,"enemies":"Snake Plant","floor":22,"turns":5},{"damage":13,"enemies":"Shelled Parasite and Fungi","floor":24,"turns":7},{"damage":7,"enemies":"Snecko","floor":25,"turns":7},{"damage":15,"enemies":"Centurion and Healer","floor":31,"turns":7},{"damage":47,"enemies":"bossMod:newCollector","floor":33,"turns":16},{"damage":3,"enemies":"3 Darklings","floor":35,"turns":2},{"damage":8,"enemies":"Orb Walker","floor":36,"turns":3},{"damage":77,"enemies":"Reptomancer","floor":41,"turns":5},{"damage":22,"enemies":"infinitespire:Three Voidlings","floor":44,"turns":2},{"damage":15,"enemies":"Nightmare_Alpha","floor":44,"turns":4}],"seed_played":"-1220785666362268094","potions_obtained":[{"floor":7,"key":"EssenceOfSteel"},{"floor":41,"key":"CultistPotion"}],"is_trial":false,"path_per_floor":["M","?","$","?","?","R","M","R","T","R","?","M","E","M","R","B",null,"M","?","M","$","M","R","M","M","T","$","?","R","AVR","M","R","B",null,"M","M","?","?","$","R","E","R","T","?"],"character_chosen":"DEFECT","items_purchased":["Defragment","Bottled Tornado","Defragment","Static Discharge"],"campfire_rested":3,"item_purchase_floors":[21,27,27,39],"current_hp_per_floor":[72,72,72,57,38,60,59,59,59,59,59,59,54,54,75,28,75,75,75,72,72,72,72,59,52,52,52,52,52,52,57,57,25,75,72,64,64,75,75,75,13,35,35,0,0],"gold":118,"neow_bonus":"THREE_CARDS","is_daily":false,"chose_seed":false,"campfire_upgraded":6,"win_rate":0.0,"timestamp":1612989793,"path_taken":["M","?","$","?","?","R","M","R","T","R","?","M","E","M","R","BOSS","M","?","M","?","M","R","M","M","T","$","?","R","AVR","M","R","BOSS","M","M","?","?","$","R","E","R","T","?"],"items_purchased_type":["Card","Relic","Card","Card"],"build_version":"2020-12-22","purchased_purges":3,"victory":false,"max_hp_per_floor":[75,75,75,75,75,75,75,75,75,75,75,75,75,75,75,75,75,75,75,75,75,75,75,75,75,75,75,75,75,75,75,75,75,75,75,75,75,75,75,75,75,75,75,75,75],"card_choices":[{"not_picked":["Steam","Hologram","Redo"],"picked":"SKIP","floor":1},{"not_picked":["infinitespire:Collect","infinitespire:FinalStrike"],"picked":"infinitespire:Fortify","floor":5},{"not_picked":["Rebound","Coolheaded"],"picked":"Loop","floor":7},{"not_picked":["Coolheaded","Lockon","Compile Driver"],"picked":"SKIP","floor":12},{"not_picked":["Fission","Lockon","Ball Lightning"],"picked":"SKIP","floor":13},{"not_picked":["Cold Snap","Coolheaded"],"picked":"White Noise","floor":14},{"not_picked":["Hyperbeam","Multi-Cast"],"picked":"Biased Cognition","floor":16},{"not_picked":["Coolheaded","Turbo","Consume"],"picked":"SKIP","floor":18},{"not_picked":["Melter","Auto Shields","Darkness"],"picked":"SKIP","floor":20},{"not_picked":["Conserve Battery","Chill","Hologram"],"picked":"SKIP","floor":22},{"not_picked":["FTL","Beam Cell+1"],"picked":"Loop","floor":24},{"not_picked":["Hologram","Sweeping Beam","Leap"],"picked":"SKIP","floor":25},{"not_picked":["Rebound","Sunder"],"picked":"Ball Lightning+1","floor":31},{"not_picked":["Fission","All For One"],"picked":"Electrodynamics","floor":33},{"not_picked":["Streamline+1","Sweeping Beam+1"],"picked":"Ball Lightning+1","floor":35},{"not_picked":["Consume+1","Beam Cell+1","Redo"],"picked":"SKIP","floor":36},{"not_picked":["Turbo+1","Streamline"],"picked":"Capacitor","floor":41}],"player_experience":105419,"relics_obtained":[{"floor":9,"key":"Lantern"},{"floor":13,"key":"Juzu Bracelet"},{"floor":26,"key":"Turnip"},{"floor":41,"key":"Ancient Tea Set"},{"floor":43,"key":"Omamori"}],"event_choices":[{"damage_healed":0,"gold_gain":0,"player_choice":"Entered Light","damage_taken":15,"max_hp_gain":0,"max_hp_loss":0,"event_name":"Shining Light","floor":4,"gold_loss":0,"cards_upgraded":["Cold Snap","Cold Snap"]},{"damage_healed":0,"gold_gain":100,"player_choice":"Pray","damage_taken":0,"max_hp_gain":0,"max_hp_loss":0,"event_name":"Golden Shrine","floor":11,"gold_loss":0},{"cards_removed":["Defend_B"],"damage_healed":0,"gold_gain":0,"player_choice":"Took Card","damage_taken":0,"max_hp_gain":0,"max_hp_loss":0,"event_name":"NoteForYourself","floor":19,"gold_loss":0,"cards_obtained":["Iron Wave"]},{"damage_healed":0,"gold_gain":0,"player_choice":"Ignored","damage_taken":0,"max_hp_gain":0,"max_hp_loss":0,"event_name":"Ghosts","floor":28,"gold_loss":0},{"damage_healed":0,"gold_gain":0,"player_choice":"2 cards matched","damage_taken":0,"max_hp_gain":0,"max_hp_loss":0,"event_name":"Match and Keep!","floor":37,"gold_loss":0,"cards_obtained":["Regret","Hello World"]},{"damage_healed":0,"gold_gain":0,"player_choice":"2 cards matched","damage_taken":0,"max_hp_gain":0,"max_hp_loss":0,"event_name":"Match and Keep!","floor":37,"gold_loss":0,"cards_obtained":["Regret","Hello World"]},{"damage_healed":19,"gold_gain":0,"player_choice":"Writhe","damage_taken":0,"max_hp_gain":0,"max_hp_loss":0,"event_name":"Winding Halls","floor":38,"gold_loss":0,"cards_obtained":["Writhe"]}],"is_beta":false,"boss_relics":[{"not_picked":["energizedSpire:SpiderWeb","Calling Bell"],"picked":"Nuclear Battery"},{"not_picked":["Tiny House","Fusion Hammer"],"picked":"Philosopher\u0027s Stone"}],"items_purged_floors":[21,27,39],"is_endless":false,"potions_floor_spawned":[7,16,18,20,35,41],"killed_by":"Nightmare_Alpha","ascension_level":1}}