{"host":"bnpj5ln693dhfj4y","time":1612985080,"event":{"mods":["AchievementEnabler","BaseMod","Colored Map","Colored Powertips","DeckTracker","Highlight Path","Minty Spire (QoL Compilation)","Weighted Paths"],"gold_per_floor":[359,374,385,405,405,405,424,424,424,48,48,66,79,109,109,214,214,234,251,268,281,281,281,281,281],"floor_reached":24,"language":"ENG","playtime":1655,"items_purged":["Regret"],"score":202,"play_id":"dad071c5-f876-4695-9009-ef2741842784","local_time":"20210210202440","is_ascension_mode":false,"campfire_choices":[{"data":"True Grit","floor":6,"key":"SMITH"},{"data":"Inflame","floor":8,"key":"SMITH"},{"data":"Bash","floor":11,"key":"SMITH"},{"data":"Evolve","floor":15,"key":"SMITH"},{"data":"Rage","floor":23,"key":"SMITH"}],"circlet_count":0,"master_deck":["Strike_R","Strike_R","Strike_R","Strike_R","Defend_R","Defend_R","Defend_R","Bash+1","Iron Wave","Inflame+1","Heavy Blade","True Grit+1","Shockwave","Rampage+1","Evolve+1","Cleave+1","Exhume","Flame Barrier+1","Rage+1","Whirlwind+1","Flex"],"relics":["Burning Blood","Ancient Tea Set","Lantern","Membership Card","Molten Egg 2","Vajra","Meat on the Bone","Empty Cage","MutagenicStrength"],"acts_visited":["Exordium","TheCity"],"potions_floor_usage":[7,16,21],"damage_taken":[{"damage":8,"enemies":"Jaw Worm","floor":1,"turns":4},{"damage":7,"enemies":"Small Slimes","floor":2,"turns":4},{"damage":0,"enemies":"2 Louse","floor":3,"turns":2},{"damage":18,"enemies":"Red Slaver","floor":4,"turns":4},{"damage":8,"enemies":"Gremlin Gang","floor":7,"turns":4},{"damage":0,"enemies":"2 Fungi Beasts","floor":12,"turns":2},{"damage":0,"enemies":"Blue Slaver","floor":13,"turns":3},{"damage":21,"enemies":"Gremlin Nob","floor":14,"turns":5},{"damage":24,"enemies":"Hexaghost","floor":16,"turns":7},{"damage":16,"enemies":"2 Thieves","floor":18,"turns":3},{"damage":15,"enemies":"Spheric Guardian","floor":19,"turns":4},{"damage":25,"enemies":"Snake Plant","floor":20,"turns":4},{"damage":19,"enemies":"Sentry and Sphere","floor":21,"turns":7},{"damage":45,"enemies":"Centurion and Healer","floor":24,"turns":4}],"seed_played":"-2402451251105533105","potions_obtained":[{"floor":1,"key":"AttackPotion"},{"floor":4,"key":"DistilledChaos"},{"floor":7,"key":"HeartOfIron"},{"floor":12,"key":"ColorlessPotion"},{"floor":13,"key":"Dexterity Potion"},{"floor":16,"key":"BlessingOfTheForge"}],"is_trial":false,"path_per_floor":["M","M","M","M","?","R","M","R","T","$","R","M","M","E","R","B",null,"M","M","M","M","?","R","M"],"character_chosen":"IRONCLAD","items_purchased":["Membership Card","Molten Egg 2","Vajra"],"campfire_rested":0,"item_purchase_floors":[10,10,10],"current_hp_per_floor":[70,69,72,60,60,60,58,58,58,58,58,64,70,55,55,49,72,62,53,46,45,45,45,0,0],"gold":281,"neow_bonus":"TWO_FIFTY_GOLD","is_daily":false,"chose_seed":false,"campfire_upgraded":5,"win_rate":0.0,"timestamp":1612985080,"path_taken":["M","M","M","M","?","R","M","R","T","$","R","M","M","E","R","BOSS","M","M","M","M","?","R","M"],"items_purchased_type":["Relic","Relic","Relic"],"build_version":"2020-12-22","purchased_purges":1,"victory":false,"max_hp_per_floor":[72,72,72,72,72,72,72,72,72,72,72,72,72,72,72,72,72,72,72,72,72,72,72,72,72],"card_choices":[{"not_picked":["Rupture","Warcry"],"picked":"Iron Wave","floor":1},{"not_picked":["Cleave","Sword Boomerang"],"picked":"Inflame","floor":2},{"not_picked":["Clash","Juggernaut"],"picked":"Heavy Blade","floor":3},{"not_picked":["Seeing Red","Clothesline"],"picked":"True Grit","floor":4},{"not_picked":["Carnage","Clash"],"picked":"Shockwave","floor":7},{"not_picked":["Sever Soul+1","Anger+1"],"picked":"Rampage+1","floor":12},{"not_picked":["Anger+1","Heavy Blade+1"],"picked":"Evolve","floor":13},{"not_picked":["Clothesline+1","Clash+1"],"picked":"Cleave+1","floor":14},{"not_picked":["Berserk","Brutality"],"picked":"Exhume","floor":16},{"not_picked":["Anger+1","Flex+1"],"picked":"Flame Barrier+1","floor":18},{"not_picked":["Ghostly Armor","Armaments"],"picked":"Rage","floor":19},{"not_picked":["Anger+1","Twin Strike+1"],"picked":"Whirlwind+1","floor":20},{"not_picked":["Carnage+1","Dark Embrace+1"],"picked":"Flex","floor":21}],"player_experience":381390,"relics_obtained":[{"floor":9,"key":"Lantern"},{"floor":14,"key":"Meat on the Bone"}],"event_choices":[{"damage_healed":0,"gold_gain":0,"player_choice":"Box","damage_taken":0,"relics_obtained":["Ancient Tea Set"],"max_hp_gain":0,"max_hp_loss":0,"event_name":"Big Fish","floor":5,"gold_loss":0,"cards_obtained":["Regret"]},{"damage_healed":0,"gold_gain":0,"player_choice":"Inject Mutagens","damage_taken":0,"relics_obtained":["MutagenicStrength"],"max_hp_gain":0,"max_hp_loss":0,"event_name":"Drug Dealer","floor":22,"gold_loss":0}],"is_beta":false,"boss_relics":[{"not_picked":["SacredBark","Velvet Choker"],"picked":"Empty Cage"}],"items_purged_floors":[10],"is_endless":false,"potions_floor_spawned":[1,4,7,12,13,16,18,19],"killed_by":"Centurion and Healer","ascension_level":0}}