{"host":"t1puqh5lxz8sp6fn","time":1612924356,"event":{"mods":["AchievementEnabler","BaseMod","Colored Powertips","Minty Spire (QoL Compilation)","Rare Cards Sparkle","Relic Stats","StSLib"],"gold_per_floor":[117,117,44,119,119,148,168,168,193,218,239,272,287,305,305,384,384,396,321,321,332,164,196,196,213,213,213,213,248,248,248,248],"floor_reached":31,"playtime":1001,"items_purged":["Strike_R","Strike_R"],"score":550,"play_id":"b54b8db8-7d4c-4c99-87d8-cfdb247fd084","local_time":"20210209233236","is_ascension_mode":true,"campfire_choices":[{"data":"Inflame","floor":8.0,"key":"SMITH"},{"floor":15.0,"key":"REST"},{"data":"Barricade","floor":24,"key":"SMITH"},{"floor":28,"key":"REST"}],"circlet_count":0,"master_deck":["AscendersBane","Strike_R","Strike_R+1","Defend_R","Defend_R","Defend_R+1","Defend_R","Bash","Inflame+1","Impervious","Sword Boomerang","Thunderclap","Cleave","Impervious","Pommel Strike","Pummel","Barricade+1","Dropkick","Armaments","Exhume","Demon Form","Shrug It Off+1","Second Wind","Pain"],"relics":["Burning Blood","NeowsBlessing","Paper Frog","Centennial Puzzle","MealTicket","Odd Mushroom","Orichalcum","Mark of Pain","Charon\u0027s Ashes","Kunai","HornCleat","WarpedTongs"],"acts_visited":["Exordium","TheCity"],"potions_floor_usage":[29],"damage_taken":[{"damage":0.0,"enemies":"Jaw Worm","floor":1.0,"turns":1.0},{"damage":0.0,"enemies":"Lagavulin","floor":6.0,"turns":1.0},{"damage":0.0,"enemies":"Cultist","floor":7.0,"turns":1.0},{"damage":32.0,"enemies":"Gremlin Nob","floor":10.0,"turns":4.0},{"damage":10.0,"enemies":"The Mushroom Lair","floor":11.0,"turns":3.0},{"damage":20.0,"enemies":"Lagavulin","floor":12.0,"turns":5.0},{"damage":0.0,"enemies":"Small Slimes","floor":13.0,"turns":3.0},{"damage":4.0,"enemies":"Blue Slaver","floor":14.0,"turns":4.0},{"damage":17.0,"enemies":"Hexaghost","floor":16.0,"turns":10.0},{"damage":26,"enemies":"Spheric Guardian","floor":18,"turns":6},{"damage":2,"enemies":"3 Byrds","floor":21,"turns":4},{"damage":42,"enemies":"Gremlin Leader","floor":23,"turns":7},{"damage":18,"enemies":"3 Cultists","floor":25,"turns":4},{"damage":36,"enemies":"Slavers","floor":29,"turns":5},{"damage":25,"enemies":"Sentry and Sphere","floor":31,"turns":3}],"seed_played":"-4003286511015400157","potions_obtained":[{"floor":6.0,"key":"Fire Potion"},{"floor":10.0,"key":"BloodPotion"},{"floor":11.0,"key":"Ancient Potion"},{"floor":12.0,"key":"SkillPotion"},{"floor":21,"key":"FearPotion"}],"is_trial":false,"path_per_floor":["M","?","$","?","?","E","M","R","T","E","?","E","M","M","R","B",null,"M","$","?","M","$","E","R","M","T","?","R","E","?","M"],"character_chosen":"IRONCLAD","items_purchased":["Inflame","Exhume"],"campfire_rested":2,"item_purchase_floors":[3,22],"current_hp_per_floor":[74,74,74,63,40,46,52,52,52,26,22,8,14,16,38,27,63,43,58,58,62,75,39,39,27,27,27,49,19,19,0,0],"gold":248,"neow_bonus":"THREE_ENEMY_KILL","is_daily":false,"chose_seed":false,"campfire_upgraded":2,"win_rate":0.0,"timestamp":1612924356,"path_taken":["M","?","?","?","?","E","?","R","T","E","?","E","M","M","R","BOSS","M","$","?","M","$","E","R","M","T","?","R","E","?","?"],"items_purchased_type":["Card","Card"],"build_version":"2020-12-13","purchased_purges":2,"victory":false,"max_hp_per_floor":[75,75,75,75,75,75,75,75,75,75,75,75,75,75,75,75,75,75,75,75,75,75,75,75,75,75,75,75,75,75,75,75],"relic_stats":{"Centennial Puzzle":[33],"counters":[15,61],"MealTicket":28,"Charon\u0027s Ashes":[24],"Kunai":[1],"Orichalcum":[84],"obtain_stats":[{"Centennial Puzzle":9,"HornCleat":29,"NeowsBlessing":0,"MealTicket":10,"Mark of Pain":17,"Charon\u0027s Ashes":23,"Kunai":26,"Odd Mushroom":11,"Orichalcum":12,"Burning Blood":0,"Paper Frog":6,"WarpedTongs":30},{"Centennial Puzzle":3,"HornCleat":14,"NeowsBlessing":0,"MealTicket":4,"Mark of Pain":9,"Charon\u0027s Ashes":12,"Kunai":13,"Odd Mushroom":5,"Orichalcum":6,"Burning Blood":0,"Paper Frog":2,"WarpedTongs":14},{"Centennial Puzzle":3,"HornCleat":58,"NeowsBlessing":0,"MealTicket":7,"Mark of Pain":32,"Charon\u0027s Ashes":49,"Kunai":53,"Odd Mushroom":10,"Orichalcum":15,"Burning Blood":0,"Paper Frog":2,"WarpedTongs":58}],"Burning Blood":84,"WarpedTongs":[3]},"card_choices":[{"not_picked":["Clash","Havoc","Dual Wield"],"picked":"SKIP","floor":1.0},{"not_picked":["Barricade","True Grit"],"picked":"Impervious","floor":6.0},{"not_picked":["Armaments","Searing Blow"],"picked":"Sword Boomerang","floor":7.0},{"not_picked":["Perfected Strike","Flex"],"picked":"Thunderclap","floor":10.0},{"not_picked":["Blood for Blood","Flex"],"picked":"Cleave","floor":11.0},{"not_picked":["Reckless Charge","Anger"],"picked":"Impervious","floor":12.0},{"not_picked":["Burning Pact","Dark Embrace"],"picked":"Pommel Strike","floor":13.0},{"not_picked":["Flex","Twin Strike"],"picked":"Pummel","floor":14.0},{"not_picked":["Reaper","Brutality"],"picked":"Barricade","floor":16.0},{"not_picked":["Dual Wield","Clothesline"],"picked":"Dropkick","floor":18},{"not_picked":["Cleave","Iron Wave"],"picked":"Armaments","floor":21},{"not_picked":["Uppercut","Warcry+1"],"picked":"Demon Form","floor":23},{"not_picked":["Blood for Blood","Iron Wave"],"picked":"Shrug It Off+1","floor":25},{"not_picked":["Reckless Charge","Bludgeon"],"picked":"Second Wind","floor":29}],"player_experience":497298,"relics_obtained":[{"floor":6.0,"key":"Paper Frog"},{"floor":9.0,"key":"Centennial Puzzle"},{"floor":10.0,"key":"MealTicket"},{"floor":11.0,"key":"Odd Mushroom"},{"floor":12.0,"key":"Orichalcum"},{"floor":23,"key":"Charon\u0027s Ashes"},{"floor":26,"key":"Kunai"},{"floor":29,"key":"HornCleat"}],"event_choices":[{"cards_removed":["Strike_R"],"damage_healed":0.0,"max_hp_gain":0.0,"max_hp_loss":0.0,"gold_gain":0.0,"event_name":"Purifier","player_choice":"Purged","floor":2.0,"gold_loss":0.0,"damage_taken":0.0},{"damage_healed":0.0,"max_hp_gain":0.0,"max_hp_loss":0.0,"gold_gain":75.0,"event_name":"World of Goop","player_choice":"Gather Gold","floor":4.0,"gold_loss":0.0,"damage_taken":11.0},{"damage_healed":0.0,"max_hp_gain":0.0,"max_hp_loss":0.0,"gold_gain":0.0,"event_name":"Shining Light","player_choice":"Entered Light","floor":5.0,"gold_loss":0.0,"damage_taken":23.0,"cards_upgraded":["Strike_R","Defend_R"]},{"damage_healed":0.0,"max_hp_gain":0.0,"max_hp_loss":0.0,"gold_gain":0.0,"event_name":"Mushrooms","player_choice":"Fought Mushrooms","floor":11.0,"gold_loss":0.0,"damage_taken":0.0},{"damage_healed":0,"gold_gain":0,"player_choice":"Ignored","damage_taken":0,"max_hp_gain":0,"max_hp_loss":0,"event_name":"Beggar","floor":20,"gold_loss":0},{"damage_healed":0,"gold_gain":0,"player_choice":"Ignored","damage_taken":0,"max_hp_gain":0,"max_hp_loss":0,"event_name":"Ghosts","floor":27,"gold_loss":0},{"damage_healed":0,"gold_gain":0,"player_choice":"Rummage","damage_taken":0,"relics_obtained":["WarpedTongs"],"max_hp_gain":0,"max_hp_loss":0,"event_name":"Accursed Blacksmith","floor":30,"gold_loss":0,"cards_obtained":["Pain"]}],"is_beta":false,"boss_relics":[{"not_picked":["Runic Pyramid","Fusion Hammer"],"picked":"Mark of Pain"}],"items_purged_floors":[19,22],"is_endless":false,"potions_floor_spawned":[6,10,11,12,21,23],"killed_by":"Sentry and Sphere","ascension_level":15}}