{"host":"fc5kl670efuhtomy","time":1612965492,"event":{"mods":["AchievementEnabler","BaseMod","Colored Powertips","Downfall","Marisa（F雨　魔理沙）","Minty Spire (QoL Compilation)","Quick Restart","Rare Cards Sparkle","Relic Stats","Replay The Spire","StSLib","The Bug Knight","The Construct","The Cursed","The Servant 0.9.4","WarShipGirlsR/战舰少女R mod"],"gold_per_floor":[115,131,145,157,157,157,172,172,197,208,242,242,242,261,261,363,363,377,377,377,392,392,392,392],"floor_reached":23,"language":"ZHS","playtime":1039,"items_purged":[],"score":193,"play_id":"3e159700-52c6-463d-b56d-a237e9d889e4","local_time":"20210210215812","is_ascension_mode":false,"campfire_choices":[{"data":"rmod:basicallowance","floor":6,"key":"SMITH"},{"data":"rmod:luckystar","floor":13,"key":"SMITH"},{"data":"rmod:generalist","floor":15,"key":"SMITH"}],"circlet_count":0,"master_deck":["rmod:strick","rmod:strick","rmod:strick","rmod:defend","rmod:defend","rmod:defend","rmod:defend","rmod:basicallowance+1","rmod:maingunfire","rmod:bulid","rmod:diamondstrike","rmod:luckystar+1","rmod:aluminumsupply+1","rmod:goodfighter","rmod:wife","rmod:rockthrower","Amnesia","rmod:generalist+1","rmod:saltedfish","CurseOfTheBell","rmod:expedition","rmod:expedition+1"],"relics":["Philosopher\u0027s Stone","Toy Ornithopter","Juzu Bracelet","Calling Bell","Art of War","Snack Pack","WingedGreaves","MutagenicStrength"],"acts_visited":["Exordium","TheCity"],"potions_floor_usage":[10,16,18,21,23],"damage_taken":[{"damage":0.0,"enemies":"2 Louse","floor":1.0,"turns":3.0},{"damage":4,"enemies":"Jaw Worm","floor":2,"turns":3},{"damage":0,"enemies":"Small Slimes","floor":3,"turns":3},{"damage":25,"enemies":"Exordium Thugs","floor":4,"turns":7},{"damage":8,"enemies":"Blue Slaver","floor":7,"turns":4},{"damage":0,"enemies":"Looter","floor":10,"turns":2},{"damage":16,"enemies":"3 Sentries","floor":11,"turns":7},{"damage":11,"enemies":"Exordium Thugs","floor":14,"turns":4},{"damage":49,"enemies":"Hexaghost","floor":16,"turns":10},{"damage":0,"enemies":"Spheric Guardian","floor":18,"turns":3},{"damage":66,"enemies":"3 Cultists","floor":21,"turns":6},{"damage":18,"enemies":"Replay:Snechameleon","floor":23,"turns":1}],"seed_played":"8878179424618699695","potions_obtained":[{"floor":4,"key":"Swift Potion"},{"floor":11,"key":"EssenceOfSteel"},{"floor":14,"key":"LiquidBronze"},{"floor":16,"key":"Fire Potion"},{"floor":21,"key":"SteroidPotion"}],"is_trial":false,"path_per_floor":["M","M","M","M","?","R","M","?","T","M","E","?","R","M","R","B",null,"M","?","T","M","?","E"],"character_chosen":"PRAEFECT","items_purchased":[],"campfire_rested":0,"item_purchase_floors":[],"current_hp_per_floor":[75,71,71,46,39,39,31,31,31,36,20,75,75,64,64,20,75,75,75,75,11,11,0,0],"gold":392,"neow_bonus":"BOSS_RELIC","is_daily":false,"chose_seed":false,"campfire_upgraded":3,"win_rate":0.0,"timestamp":1612965492,"path_taken":["M","M","M","M","?","R","M","?","T","M","E","?","R","M","R","BOSS","M","?","?","M","?","E"],"items_purchased_type":[],"build_version":"2020-12-22","purchased_purges":0,"victory":false,"max_hp_per_floor":[75,75,75,75,75,75,75,75,75,75,75,75,75,75,75,75,75,75,75,75,75,75,75,75],"relic_stats":{"counters":[12,53],"Juzu Bracelet":0,"Art of War":[1],"obtain_stats":[{"Calling Bell":17,"MutagenicStrength":22,"Philosopher\u0027s Stone":0,"WingedGreaves":17,"rmod:firstchargereward":0,"Juzu Bracelet":11,"Art of War":17,"Snack Pack":17,"Toy Ornithopter":9},{"Calling Bell":9,"MutagenicStrength":11,"Philosopher\u0027s Stone":0,"WingedGreaves":9,"rmod:firstchargereward":0,"Juzu Bracelet":7,"Art of War":9,"Snack Pack":9,"Toy Ornithopter":5},{"Calling Bell":43,"MutagenicStrength":52,"Philosopher\u0027s Stone":0,"WingedGreaves":43,"rmod:firstchargereward":0,"Juzu Bracelet":29,"Art of War":43,"Snack Pack":43,"Toy Ornithopter":20}],"Toy Ornithopter":15},"card_choices":[{"not_picked":["rmod:ammunitionsupply","rmod:tearstotiara"],"picked":"rmod:bulid","floor":1},{"not_picked":["rmod:victimresponsibility","rmod:luckystar"],"picked":"rmod:diamondstrike","floor":2},{"not_picked":["rmod:steelsupply","rmod:unsinkable"],"picked":"rmod:luckystar","floor":3},{"not_picked":["rmod:aviationdawn","rmod:luckystar"],"picked":"rmod:aluminumsupply","floor":4},{"not_picked":["rmod:firesupport","rmod:victimresponsibility"],"picked":"rmod:goodfighter","floor":7},{"not_picked":["rmod:supportescort","rmod:guardianhero"],"picked":"rmod:wife","floor":10},{"not_picked":["rmod:maintain","rmod:fuelsupply"],"picked":"rmod:rockthrower","floor":11},{"not_picked":["rmod:aviationdawn","rmod:victimresponsibility"],"picked":"rmod:generalist","floor":14},{"not_picked":["rmod:stealaluminum","rmod:ridicule"],"picked":"rmod:saltedfish","floor":16},{"not_picked":["rmod:ammunitionsupply","rmod:bulid"],"picked":"rmod:expedition","floor":18},{"not_picked":["rmod:aluminumsupply","rmod:circuitoustactics"],"picked":"rmod:expedition+1","floor":21}],"player_experience":202098,"relics_obtained":[{"floor":9,"key":"Toy Ornithopter"},{"floor":11,"key":"Juzu Bracelet"},{"floor":17,"key":"Art of War"},{"floor":17,"key":"Snack Pack"},{"floor":17,"key":"WingedGreaves"}],"event_choices":[{"cards_removed":["rmod:strick"],"damage_healed":0,"gold_gain":0,"player_choice":"Card Removal","damage_taken":7,"max_hp_gain":0,"max_hp_loss":0,"event_name":"Golden Wing","floor":5,"gold_loss":0},{"damage_healed":0,"gold_gain":0,"player_choice":"Inject Mutagens","damage_taken":0,"relics_obtained":["MutagenicStrength"],"max_hp_gain":0,"max_hp_loss":0,"event_name":"Drug Dealer","floor":22,"gold_loss":0}],"is_beta":false,"boss_relics":[{"not_picked":["Tiny House","Velvet Choker"],"picked":"Calling Bell"}],"items_purged_floors":[],"is_endless":false,"potions_floor_spawned":[4,11,14,16,21],"killed_by":"Replay:Snechameleon","ascension_level":0}}