{"host":"hyfpy4s3im8mj1lj","time":1612993691,"event":{"mods":["AchievementEnabler","Act Like it!","BaseMod","Downfall","Googly Eyes","Hallownest","Hermit","Hubris","Infinite Spire","Minty Spire (QoL Compilation)","Replay The Spire","StSLib","SuperFastMode","The Bug Knight","The IronCluck","The Necromancer","The Valiant","The Wild Card"],"gold_per_floor":[99,117,137,237,237,437,437,456,556,573,588,324,335,349,365,467,467,467,486,500,600,661,661,661,691,708,708,758,808,838,459,472,570,570,570,586,598,648,283,296,369,388,438,488,638,426,437,497,510,510],"floor_reached":51,"language":"ENG","playtime":3723,"items_purged":["Guardian:Strike_Guardian"],"score":835,"play_id":"da572c10-1d45-4c5c-98d3-0f540ed1b3d2","local_time":"20210210214811","is_ascension_mode":false,"campfire_choices":[{"data":"Guardian:TwinSlam","floor":1,"key":"SMITH"},{"data":"Apotheosis","floor":18,"key":"SMITH"},{"data":"Guardian:WalkerClaw","floor":23,"key":"SMITH"},{"data":"Guardian:ShieldSpikes","floor":27,"key":"SMITH"},{"data":"Guardian:ConstructionForm","floor":35,"key":"SMITH"}],"circlet_count":0,"master_deck":["Guardian:Strike_Guardian","Guardian:Defend_Guardian","Guardian:Defend_Guardian","Guardian:Defend_Guardian","Guardian:CurlUp","Guardian:TwinSlam+1","Guardian:DecasProtection+1","Guardian:PrimingBeam","Guardian:ConstructionForm","Guardian:Repulse","Guardian:VentSteam","Apotheosis+1","Replay:Parry","Guardian:PiercingHide","Guardian:SpikerProtocol","Guardian:RevengeProtocol","Guardian:AncientConstruct","Guardian:FloatingOrbs","Guardian:ShieldSpikes+1","Guardian:WalkerClaw+1","Guardian:Clone+1","Guardian:ChargeCore+1","Guardian:PiercingHide","Replay:SS_forest_2","Violence","Guardian:StasisStrike","Guardian:ConstructionForm+1","Guardian:RefractedBeam+1","Guardian:Gem_Fragmented","Panache","Guardian:BronzeOrb","Panache","Trip","Replay:Parry","Guardian:Reroute+1","Guardian:ChargeCore+1","Guardian:RefractedBeam+1","Guardian:TemporalStrike"],"relics":["Guardian:ModeShifter","Pen Nib","hubris:Icosahedron","ReplayTheSpireMod:Shallot","Sozu","downfall:CloakOfManyFaces","CultistMask","FaceOfCleric","NlothsMask","GremlinMask","SsserpentHead","Orichalcum","hubris:Towel","InkBottle","Durian","bronze:MakeshiftBattery","ReplayTheSpireMod:ShopPack","Onion Ring","Replay:PocketPolymizer","infinitespire:Broken Mirror"],"acts_visited":["Exordium","TheCity","TheBeyond"],"potions_floor_usage":[6,16,16,16],"damage_taken":[{"damage":0,"enemies":"Small Slimes","floor":2,"turns":3},{"damage":1,"enemies":"Jaw Worm","floor":3,"turns":3},{"damage":23,"enemies":"downfall:Heads","floor":6,"turns":7},{"damage":7,"enemies":"2 Louse","floor":8,"turns":3},{"damage":2,"enemies":"Large Slime","floor":10,"turns":9},{"damage":1,"enemies":"Red Slaver","floor":11,"turns":4},{"damage":8,"enemies":"downfall:FleeingMerchant","floor":12,"turns":4},{"damage":11,"enemies":"Lots of Slimes","floor":13,"turns":4},{"damage":5,"enemies":"Blue Slaver","floor":14,"turns":5},{"damage":0,"enemies":"Exordium Wildlife","floor":15,"turns":3},{"damage":0,"enemies":"IC_STATUS_ARCHETYPE","floor":16,"turns":7},{"damage":0,"enemies":"Spheric Guardian","floor":19,"turns":5},{"damage":0,"enemies":"Sentry and Sphere","floor":20,"turns":5},{"damage":0,"enemies":"downfall:FaceTrader","floor":21,"turns":8},{"damage":0,"enemies":"Snake Plant","floor":22,"turns":4},{"damage":7,"enemies":"Book of Stabbing","floor":25,"turns":4},{"damage":9,"enemies":"3 Cultists","floor":26,"turns":6},{"damage":0,"enemies":"HollowMod:Nosk","floor":30,"turns":7},{"damage":0,"enemies":"downfall:FleeingMerchant","floor":31,"turns":4},{"damage":0,"enemies":"Cultist and Chosen","floor":32,"turns":6},{"damage":18,"enemies":"DF_ARCHETYPE_CLAW","floor":33,"turns":8},{"damage":0,"enemies":"3 Darklings","floor":36,"turns":5},{"damage":0,"enemies":"3 Shapes","floor":37,"turns":5},{"damage":0,"enemies":"downfall:FleeingMerchant","floor":39,"turns":4},{"damage":5,"enemies":"3 Darklings","floor":40,"turns":3},{"damage":0,"enemies":"Sphere and 2 Shapes","floor":42,"turns":3},{"damage":0,"enemies":"downfall:FleeingMerchant","floor":46,"turns":2},{"damage":0,"enemies":"Writhing Mass","floor":47,"turns":3},{"damage":0,"enemies":"Jaw Worm Horde","floor":48,"turns":3},{"damage":0,"enemies":"Spire Growth","floor":49,"turns":3},{"damage":0,"enemies":"SI_POISON_ARCHETYPE","floor":50,"turns":7}],"seed_played":"-7658904869770771443","potions_obtained":[{"floor":3,"key":"champ:CounterPotion"},{"floor":10,"key":"Guardian:BlockOnCardUsePotion"},{"floor":14,"key":"SneckoOil"},{"floor":15,"key":"FearPotion"}],"is_trial":false,"path_per_floor":["R","M","M","?","?","?","T","M","?","M","M","$","M","M","M","B",null,"R","M","M","?","M","R","T","E","M","R","?","T","E","$","M","B",null,"R","M","M","?","$","M","T","M","?","?","?","$","M","M","M","B",null],"character_chosen":"GUARDIAN","items_purchased":["Apotheosis","Replay:Parry","Replay:SS_forest_2","Violence","Panache","ReplayTheSpireMod:ShopPack","Guardian:BronzeOrb","Replay:PocketPolymizer","infinitespire:Broken Mirror"],"campfire_rested":0,"item_purchase_floors":[12,12,31,31,39,39,39,46,46],"current_hp_per_floor":[80,80,79,79,79,56,56,49,49,47,46,38,27,22,22,22,80,80,80,80,80,81,81,81,75,67,67,67,67,73,74,75,58,92,92,93,94,94,95,91,91,92,92,92,92,93,94,95,96,97],"gold":510,"neow_bonus":"RANDOM_COMMON_RELIC","is_daily":false,"chose_seed":false,"campfire_upgraded":5,"win_rate":0.0,"timestamp":1612993691,"path_taken":["R","M","M","?","?","?","T","M","?","?","M","$","M","M","M","BOSS","R","M","M","?","?","R","T","E","M","R","?","?","E","$","M","BOSS","R","M","M","?","$","M","T","M","?","?","?","$","M","?","M","BOSS"],"items_purchased_type":["Card","Card","Card","Card","Card","Relic","Card","Relic","Relic"],"build_version":"2020-12-22","purchased_purges":1,"victory":true,"max_hp_per_floor":[80,80,80,80,80,80,80,80,80,80,80,80,80,80,80,80,80,80,80,80,80,81,81,81,82,83,83,83,83,89,90,91,92,92,92,93,94,94,95,96,96,97,97,97,97,98,99,100,101,102],"card_choices":[{"not_picked":["Guardian:Planning","Guardian:Gem_Green"],"picked":"Guardian:DecasProtection","floor":2},{"not_picked":["Guardian:Planning","Guardian:TimeCapacitor"],"picked":"Guardian:PrimingBeam","floor":3},{"not_picked":["Guardian:FastForward","Guardian:ChargeCore"],"picked":"Guardian:Gem_White","floor":6},{"not_picked":["Guardian:Gem_Lightblue","Guardian:Incinerate"],"picked":"Guardian:Gem_Purple","floor":8},{"not_picked":["Guardian:CrystalBeam","Guardian:RollAttack"],"picked":"Guardian:Gem_Purple","floor":10},{"not_picked":["Guardian:TemporalStrike","Guardian:MultiBeam"],"picked":"Guardian:Repulse","floor":11},{"not_picked":["Guardian:CrystalBeam","Guardian:Gem_Crimson"],"picked":"Guardian:VentSteam","floor":12},{"not_picked":["Guardian:ExploitGems","Guardian:ChargeCore"],"picked":"Guardian:PiercingHide","floor":13},{"not_picked":["Guardian:ChargeCore","Guardian:DecasProtection"],"picked":"Guardian:SpikerProtocol","floor":14},{"not_picked":["Guardian:Gem_Green","Guardian:CrystalBeam"],"picked":"Guardian:RevengeProtocol","floor":15},{"not_picked":["Guardian:StasisStrike","Guardian:RevengeProtocol"],"picked":"Guardian:AncientConstruct","floor":16},{"not_picked":["Guardian:Preprogram","Guardian:ChargeCore"],"picked":"Guardian:FloatingOrbs","floor":19},{"not_picked":["Guardian:RollAttack+1","Guardian:SentryBeam"],"picked":"Guardian:ShieldSpikes","floor":20},{"not_picked":["Guardian:BodySlam","Guardian:RefractedBeam+1"],"picked":"Guardian:WalkerClaw","floor":21},{"not_picked":["Guardian:TemporalStrike","Guardian:SentryBeam"],"picked":"Guardian:Gem_White","floor":22},{"not_picked":["Guardian:ExploitGems","Guardian:GuardianWhirl"],"picked":"Guardian:Clone+1","floor":25},{"not_picked":["Guardian:Clone+1","Guardian:SentryBeam+1"],"picked":"Guardian:ChargeCore+1","floor":26},{"not_picked":["Guardian:HyperBeam_Guardian","Guardian:Recover"],"picked":"Guardian:PiercingHide","floor":30},{"not_picked":["Guardian:ArmoredProtocol","Guardian:PrimingBeam"],"picked":"Guardian:Gem_Green","floor":31},{"not_picked":["Guardian:TimeCapacitor","Guardian:EvasiveProtocol"],"picked":"Guardian:StasisStrike","floor":32},{"not_picked":["Guardian:HyperBeam_Guardian","Guardian:RevengeProtocol"],"picked":"Guardian:ConstructionForm","floor":33},{"not_picked":["Guardian:VentSteam+1","Guardian:TemporalStrike"],"picked":"Guardian:Gem_Crimson","floor":36},{"not_picked":["Guardian:Suspension","Guardian:TemporalStrike"],"picked":"Guardian:RefractedBeam+1","floor":37},{"not_picked":["Guardian:BodySlam","Guardian:DecasProtection+1"],"picked":"Guardian:Gem_Fragmented","floor":39},{"not_picked":["Sadistic Nature","Transmutation"],"picked":"Panache","floor":39},{"not_picked":["Discovery","Good Instincts"],"picked":"Trip","floor":39},{"not_picked":["hubris:EnhanceAbility","ReplayTheSpireMod:Trickstab"],"picked":"Replay:Parry","floor":39},{"not_picked":["Guardian:Gem_Synthetic","Guardian:ArmoredProtocol"],"picked":"Guardian:Gem_Green","floor":40},{"not_picked":["Guardian:PiercingHide","Guardian:Suspension+1"],"picked":"Guardian:Gem_Lightblue","floor":42},{"not_picked":["Guardian:VentSteam","Guardian:PiercingHide+1"],"picked":"Guardian:Reroute+1","floor":46},{"not_picked":["Guardian:TemporalShield+1","Guardian:Gem_Cyan"],"picked":"Guardian:ChargeCore+1","floor":47},{"not_picked":["Guardian:Gem_Fragmented","Guardian:ShieldSpikes"],"picked":"Guardian:RefractedBeam+1","floor":48},{"not_picked":["Guardian:Repulse+1","Guardian:Reroute+1"],"picked":"Guardian:TemporalStrike","floor":49}],"player_experience":336299,"relics_obtained":[{"floor":7,"key":"ReplayTheSpireMod:Shallot"},{"floor":21,"key":"downfall:CloakOfManyFaces"},{"floor":25,"key":"Orichalcum"},{"floor":29,"key":"InkBottle"},{"floor":30,"key":"Durian"},{"floor":41,"key":"Onion Ring"}],"event_choices":[{"cards_removed":["Guardian:Strike_Guardian"],"damage_healed":0,"gold_gain":0,"player_choice":"Removed Attack","damage_taken":0,"max_hp_gain":0,"max_hp_loss":0,"event_name":"Falling","floor":44,"gold_loss":0}],"is_beta":false,"boss_relics":[{"not_picked":["hubris:VirtuousBlindfold","Velvet Choker"],"picked":"Sozu"},{"not_picked":["Coffee Dripper","Guardian:ModeShifterPlus"],"picked":"bronze:MakeshiftBattery"}],"items_purged_floors":[31],"is_endless":false,"potions_floor_spawned":[3,10,14,15,22,25,26,32,37,40,42],"ascension_level":0}}