{"host":"v543qxxvvceaeui9","time":1612960539,"event":{"mods":["BaseMod","BetterRewards","Downfall","Hermit","Hubris","Infinite Spire","Marisa????????","Minty Spire (QoL Compilation)","Quick Restart","Replay The Spire","StSLib"],"gold_per_floor":[99,116,126,139,239,258,283,294,322,13,45,45,55,67,81,176,176,76,89,109,109,109,144,171,171,80,92,24,52,52,52,67,163,163,163,176,193,204,217,228,228,245,256,256,256,268,268,65,80,80],"floor_reached":51,"language":"ENG","playtime":5303,"items_purged":["Slimebound:Strike_Slimebound"],"score":897,"play_id":"2f494b45-10ec-4b25-b16b-1e29c1664145","local_time":"20210210073539","is_ascension_mode":true,"campfire_choices":[{"data":"Slimebound:Split","floor":1,"key":"SMITH"},{"data":"Slimebound:GrowthPunch","floor":12,"key":"SMITH"},{"data":"Slimebound:Defend_Slimebound","floor":18,"key":"PURGE"},{"data":"Slimebound:GoopSpray","floor":25,"key":"SMITH"},{"data":"Slimebound:LeadByExample","floor":30,"key":"SMITH"},{"data":"Slimebound:Defend_Slimebound","floor":35,"key":"PURGE"},{"data":"Slimebound:Gluttony","floor":45,"key":"SMITH"},{"floor":47,"key":"REST"}],"circlet_count":0,"master_deck":["Slimebound:Strike_Slimebound","Slimebound:Tackle","Slimebound:Defend_Slimebound","Slimebound:Defend_Slimebound+1","Slimebound:Split+1","Slimebound:CorrosiveSpit+1","Slimebound:GoopSpray+1","Slimebound:RejuvenatingLick","Slimebound:Schlurp","Slimebound:LeechingTouch","Slimebound:Prepare","Slimebound:GrowthPunch+1","Slimebound:Repurpose","Slimebound:LeadByExample+1","Slimebound:Prepare","Slimebound:RejuvenatingLick","Slimebound:LeechEnergy","Slimebound:Overexert","Slimebound:SamplingLick","Slimebound:HauntingLick+1","CommonCold","Slimebound:LeechingTouch","Slimebound:SlimeTap+1","Slimebound:LevelUp","Slimebound:Repurpose","Slimebound:LeechLife","Slimebound:SplitAcid+1","Slimebound:Gluttony+1","Slimebound:MassRepurpose","Slimebound:AcidTongue+1","Slimebound:HauntingLick+1","Slimebound:MassRepurpose","Slimebound:FlameTackle+1","Slimebound:SplitBruiser+1","Slimebound:MassFeed","Slimebound:MegaLick","Slimebound:SplitSpecialist","Slimebound:SplitSpecialist","Slimebound:SelfFormingGoo","Slimebound:LeechEnergy+1"],"relics":["Slimebound:AbsorbEndCombat","Slimebound:AggressiveSlimeRelic","Toy Ornithopter","infinitespire:WardingShard","hubris:GlazedTorus","PreservedInsect","hubris:VirtuousBlindfold","downfall:HeartBlessingBlue","ReplayTheSpireMod:Ring of Addiction","Ring of Fury","White Beast Statue","hubris:EmptyBottle","infinitespire:CheckeredPen","Gremlin Food","hubris:SphereOfDissonance","Garlic","Replay:Bronze Core","infinitespire:Beetle Shell"],"acts_visited":["Exordium","TheCity","TheBeyond"],"potions_floor_usage":[23,26,26,33,33,33,33,33,33,33,37,38,42,49,49,50,50,50,50,50,50,50],"damage_taken":[{"damage":1,"enemies":"Cultist","floor":2,"turns":3},{"damage":9,"enemies":"2 Louse","floor":3,"turns":2},{"damage":6,"enemies":"Jaw Worm","floor":4,"turns":3},{"damage":19,"enemies":"downfall:LadyInBlue","floor":5,"turns":12},{"damage":0,"enemies":"Blue Slaver","floor":6,"turns":3},{"damage":4,"enemies":"Lots of Slimes","floor":8,"turns":4},{"damage":8,"enemies":"Gremlin Nob","floor":9,"turns":4},{"damage":0,"enemies":"downfall:FleeingMerchant","floor":10,"turns":4},{"damage":0,"enemies":"Lagavulin","floor":11,"turns":4},{"damage":8,"enemies":"Exordium Thugs","floor":13,"turns":5},{"damage":0,"enemies":"2 Fungi Beasts","floor":14,"turns":3},{"damage":0,"enemies":"Red Slaver","floor":15,"turns":2},{"damage":0,"enemies":"SI_SHIV_ARCHETYPE","floor":16,"turns":5},{"damage":0,"enemies":"Chosen","floor":19,"turns":3},{"damage":0,"enemies":"Shell Parasite","floor":20,"turns":4},{"damage":0,"enemies":"Book of Stabbing","floor":23,"turns":3},{"damage":0,"enemies":"downfall:FleeingMerchant","floor":26,"turns":4},{"damage":5,"enemies":"Snecko","floor":27,"turns":3},{"damage":7,"enemies":"Nightmare","floor":29,"turns":4},{"damage":0,"enemies":"Shelled Parasite and Fungi","floor":32,"turns":2},{"damage":0,"enemies":"IC_MUSHROOM_ARCHETYPE","floor":33,"turns":3},{"damage":5,"enemies":"3 Darklings","floor":36,"turns":3},{"damage":0,"enemies":"3 Shapes","floor":37,"turns":3},{"damage":10,"enemies":"Jaw Worm Horde","floor":38,"turns":2},{"damage":33,"enemies":"Maw","floor":39,"turns":6},{"damage":26,"enemies":"Spire Growth","floor":40,"turns":5},{"damage":2,"enemies":"Transient","floor":42,"turns":5},{"damage":6,"enemies":"Writhing Mass","floor":43,"turns":3},{"damage":32,"enemies":"Spire Growth","floor":46,"turns":4},{"damage":23,"enemies":"Transient","floor":49,"turns":5},{"damage":29,"enemies":"WA_ARCHETYPE_DIVINITY","floor":50,"turns":6}],"seed_played":"3071291867901741919","potions_obtained":[{"floor":3,"key":"Elixir"},{"floor":5,"key":"EntropicBrew"},{"floor":5,"key":"DistilledChaos"},{"floor":5,"key":"Weak Potion"},{"floor":21,"key":"Slimebound:SlimedPotion"},{"floor":26,"key":"Reflective Coating"},{"floor":32,"key":"champ:CounterPotion"},{"floor":33,"key":"infinitespire:BlackPotion"},{"floor":37,"key":"Elixir"},{"floor":38,"key":"Adrenaline Potion"},{"floor":39,"key":"Slimebound:SpawnSlimePotion"}],"is_trial":false,"path_per_floor":["R","M","M","M","?","M","T","M","E","$","E","R","M","M","M","B",null,"R","M","M","?","?","E","T","R","$","M","$","NM","R","?","M","B",null,"R","M","M","M","M","M","T","M","M","?","R","M","R","$","M","B",null],"character_chosen":"SLIMEBOUND","items_purchased":["hubris:GlazedTorus","Slimebound:LevelUp","hubris:SphereOfDissonance","Slimebound:LeechLife","Slimebound:SplitSpecialist","Slimebound:SelfFormingGoo"],"campfire_rested":1,"item_purchase_floors":[10,26,26,28,48,48],"current_hp_per_floor":[65,65,58,56,45,47,47,51,51,59,65,65,61,65,65,65,65,75,75,75,75,75,75,75,75,75,72,72,71,71,71,73,71,71,71,71,69,61,55,37,37,52,63,63,63,35,54,54,63,63],"gold":80,"neow_bonus":"RANDOM_COMMON_RELIC","is_daily":false,"chose_seed":false,"campfire_upgraded":5,"win_rate":0.0,"timestamp":1612960539,"path_taken":["R","M","M","M","?","M","T","M","E","$","E","R","M","?","M","BOSS","R","M","M","?","?","E","T","R","$","M","$","NM","R","?","M","BOSS","R","M","M","?","M","M","T","M","M","?","R","M","R","?","M","BOSS"],"items_purchased_type":["Relic","Card","Relic","Card","Card","Card"],"build_version":"2020-12-22","purchased_purges":1,"victory":true,"max_hp_per_floor":[65,65,65,65,65,65,65,65,65,65,65,65,65,65,65,65,65,75,75,75,75,75,75,75,75,75,75,75,75,73,73,73,71,71,71,71,69,69,69,69,69,67,67,67,67,65,65,65,63,63],"card_choices":[{"not_picked":["Slimebound:SplitBruiser","Slimebound:ComboTackle"],"picked":"Slimebound:GoopSpray","floor":2},{"not_picked":["Slimebound:SamplingLick","Slimebound:LeechEnergy"],"picked":"Slimebound:RejuvenatingLick","floor":3},{"not_picked":["Slimebound:FinishingTackle","Slimebound:SlimeBarrage"],"picked":"Slimebound:Schlurp","floor":4},{"not_picked":["Slimebound:ItLooksTasty","Slimebound:SlimeBarrage"],"picked":"Slimebound:LeechingTouch","floor":5},{"not_picked":["Slimebound:PressTheAttack","Slimebound:Chomp"],"picked":"Slimebound:Prepare","floor":6},{"not_picked":["Slimebound:ComboTackle","Slimebound:MinionMaster"],"picked":"Slimebound:GrowthPunch","floor":8},{"not_picked":["Slimebound:MegaLick","Slimebound:HauntingLick"],"picked":"Slimebound:Repurpose","floor":9},{"not_picked":["Slimebound:RollThrough","Slimebound:FinishingTackle"],"picked":"Slimebound:LeadByExample","floor":10},{"not_picked":["Slimebound:LeechingTouch","Slimebound:ItLooksTasty","Slimebound:Dissolve"],"picked":"SKIP","floor":11},{"not_picked":["Slimebound:SamplingLick","Slimebound:GoopSpray"],"picked":"Slimebound:Prepare","floor":13},{"not_picked":["Slimebound:LeechingTouch","Slimebound:LivingWall"],"picked":"Slimebound:RejuvenatingLick","floor":14},{"not_picked":["Slimebound:RollThrough","Slimebound:ItLooksTasty"],"picked":"Slimebound:LeechEnergy","floor":15},{"not_picked":["Slimebound:OneTwoCombo","Slimebound:WasteNot"],"picked":"Slimebound:Overexert","floor":16},{"not_picked":["Slimebound:Dissolve","Slimebound:BestDefense"],"picked":"Slimebound:SamplingLick","floor":19},{"not_picked":["Slimebound:Nibble","Slimebound:ForwardTackle"],"picked":"Slimebound:HauntingLick+1","floor":20},{"not_picked":["Slimebound:SplitBruiser","Slimebound:RollThrough"],"picked":"Slimebound:LeechingTouch","floor":23},{"not_picked":["Slimebound:GrowthPunch","Slimebound:LeechEnergy"],"picked":"Slimebound:SlimeTap+1","floor":26},{"not_picked":["Slimebound:LeechEnergy","Slimebound:ItLooksTasty+1"],"picked":"Slimebound:Repurpose","floor":27},{"not_picked":["Slimebound:ItLooksTasty","Slimebound:LivingWall"],"picked":"Slimebound:SplitAcid+1","floor":29},{"not_picked":["Slimebound:LeadByExample","Slimebound:ViciousTackle"],"picked":"Slimebound:Gluttony","floor":32},{"not_picked":["Slimebound:MinionMaster","Slimebound:FirmFortitude"],"picked":"Slimebound:MassRepurpose","floor":33},{"not_picked":["Slimebound:SamplingLick+1","Slimebound:LeechEnergy"],"picked":"Slimebound:AcidTongue+1","floor":36},{"not_picked":["Slimebound:Grow","Slimebound:FlameTackle+1"],"picked":"Slimebound:HauntingLick+1","floor":37},{"not_picked":["Slimebound:LivingWall","Slimebound:BestDefense"],"picked":"Slimebound:MassRepurpose","floor":38},{"not_picked":["Slimebound:SlimeBarrage+1","Slimebound:Chomp+1","Slimebound:GoopTackle+1"],"picked":"SKIP","floor":39},{"not_picked":["Slimebound:Replication","Slimebound:LeadByExample"],"picked":"Slimebound:FlameTackle+1","floor":40},{"not_picked":["Slimebound:SplitAcid+1","Slimebound:Prepare"],"picked":"Slimebound:SplitBruiser+1","floor":42},{"not_picked":["Slimebound:SplitMire","Slimebound:RollThrough+1"],"picked":"Slimebound:MassFeed","floor":43},{"not_picked":["Slimebound:RollThrough","Slimebound:Nibble+1","Slimebound:Recollect"],"picked":"SKIP","floor":46},{"not_picked":["Slimebound:DisruptingSlam","Slimebound:Repurpose+1"],"picked":"Slimebound:LeechEnergy+1","floor":49}],"player_experience":311928,"relics_obtained":[{"floor":5,"key":"Toy Ornithopter"},{"floor":9,"key":"infinitespire:WardingShard"},{"floor":11,"key":"PreservedInsect"},{"floor":21,"key":"ReplayTheSpireMod:Ring of Addiction"},{"floor":21,"key":"Ring of Fury"},{"floor":21,"key":"White Beast Statue"},{"floor":21,"key":"hubris:EmptyBottle"},{"floor":23,"key":"infinitespire:CheckeredPen"},{"floor":24,"key":"Gremlin Food"},{"floor":29,"key":"Garlic"},{"floor":41,"key":"infinitespire:Beetle Shell"}],"event_choices":[{"damage_healed":0,"gold_gain":0,"player_choice":"Forge","damage_taken":0,"max_hp_gain":0,"max_hp_loss":0,"event_name":"Accursed Blacksmith","floor":31,"gold_loss":0,"cards_upgraded":["Slimebound:CorrosiveSpit"]}],"is_beta":false,"boss_relics":[{"not_picked":["hubris:RunicObelisk","infinitespire:Cupcake"],"picked":"hubris:VirtuousBlindfold"},{"not_picked":["Velvet Choker","Runic Dome"],"picked":"Replay:Bronze Core"}],"items_purged_floors":[26],"is_endless":false,"potions_floor_spawned":[3,5,6,11,13,20,23,26,27,29,32,33,36,37,38,39,40,42,43,46,49],"ascension_level":1}}