{"host":"xp5rvh2jwe2ejyfm","time":1612997291,"event":{"mods":["2.2 Compatiblity","Aspiration","BaseMod","Better Altar","Better Match","Better Note","Better Sensory Stone","Better Skull","BetterRewards","Colored Powertips","Conspire","Downfall","GifTheSpireLib","Gremlin Mod","GungeonMod","Hermit","Hubris","Jorbs\u0027s Wanderer Trilogy","Minty Spire (QoL Compilation)","Potionbrewer","Quick Restart","Replay The Spire","Robot Space Explorer","Shade Mod","Somnambulant","StSLib","The Bug Knight","The Clintock","The Construct","The Cursed","The Disciple","The Forsaken","The Hierophant","The Necromancer","The Runesmith","The Servant 0.9.4","The Valiant","The Witch","TheFirefly","thorton"],"gold_per_floor":[117,117,117,12,23,23,49,49,49,83,103,103,115,115,115,220,220,235,253,253,1,18,18,43,55,55,55,55,55,55],"floor_reached":29,"language":"ENG","playtime":944,"items_purged":[],"score":231,"play_id":"9db21cc6-2e2f-4d7e-975a-5391163ebb4d","local_time":"20210210174811","is_ascension_mode":false,"campfire_choices":[{"data":"RobotSpaceExplorer:Autoloader","floor":6,"key":"SMITH"},{"floor":8,"key":"RECALL"},{"floor":12,"key":"REST"},{"floor":15,"key":"REST"},{"floor":23,"key":"REST"}],"circlet_count":0,"master_deck":["RobotSpaceExplorer:Strike","RobotSpaceExplorer:Strike","RobotSpaceExplorer:Strike","RobotSpaceExplorer:Strike","RobotSpaceExplorer:Defend","RobotSpaceExplorer:Defend","RobotSpaceExplorer:Defend","RobotSpaceExplorer:Defend","RobotSpaceExplorer:Scan","RobotSpaceExplorer:MiniLasers+1","RobotSpaceExplorer:Electroshield+1","RobotSpaceExplorer:Pulsar+1","RobotSpaceExplorer:PowerGlove","RobotSpaceExplorer:Autoloader+1","RobotSpaceExplorer:ScrapMissile","RobotSpaceExplorer:ScrapMissile","RobotSpaceExplorer:Discharger","RobotSpaceExplorer:Electroshield+1","RobotSpaceExplorer:Comet","RobotSpaceExplorer:MiniDrones+1","RobotSpaceExplorer:LaserBurst","RobotSpaceExplorer:PowerGlove","RobotSpaceExplorer:Blitz","RobotSpaceExplorer:PowerCollector+1","RobotSpaceExplorer:TurboDodge","RobotSpaceExplorer:ScrapShield+1"],"relics":["RobotSpaceExplorer:RoboCore","PreservedInsect","Strawberry","ReplayFunnel","aspiration:StickyExplosives_weak","SacredBark","Gremlin Food","Eternal Feather","DemoMod:GlassGuonStoneRelic"],"acts_visited":["Exordium","TheCity"],"potions_floor_usage":[5,10,13,24,29],"damage_taken":[{"damage":0,"enemies":"Jaw Worm","floor":1,"turns":3},{"damage":0,"enemies":"Small Slimes","floor":5,"turns":2},{"damage":18,"enemies":"Lagavulin","floor":7,"turns":6},{"damage":36,"enemies":"Replay:BlueRogue","floor":10,"turns":5},{"damage":0,"enemies":"2 Louse","floor":11,"turns":2},{"damage":2,"enemies":"Large Slime","floor":13,"turns":5},{"damage":56,"enemies":"The Guardian","floor":16,"turns":18},{"damage":10,"enemies":"3 Byrds","floor":18,"turns":5},{"damage":11,"enemies":"Chosen","floor":19,"turns":5},{"damage":23,"enemies":"Snake Plant","floor":22,"turns":6},{"damage":27,"enemies":"conspire:MimicChest","floor":24,"turns":6},{"damage":33,"enemies":"Cultist and Chosen","floor":25,"turns":6},{"damage":0,"enemies":"Shelled Parasite and Fungi","floor":29,"turns":1}],"seed_played":"-3306056128772673493","potions_obtained":[{"floor":1,"key":"Explosive Potion"},{"floor":7,"key":"AttackPotion"},{"floor":11,"key":"Dexterity Potion"},{"floor":19,"key":"Guardian:BlockOnCardUsePotion"},{"floor":25,"key":"hexamod:SoulburnPotion"}],"is_trial":false,"path_per_floor":["M","?","?","$","M","R","E","R","T","E","M","R","M","?","R","B",null,"M","M","?","$","M","R","?","M","T","?","?","M"],"character_chosen":"RobotSpaceExplorer","items_purchased":["RobotSpaceExplorer:Pulsar+1","RobotSpaceExplorer:PowerGlove","RobotSpaceExplorer:PowerGlove","Gremlin Food","RobotSpaceExplorer:Blitz"],"campfire_rested":3,"item_purchase_floors":[4,4,21,21,21],"current_hp_per_floor":[75,63,63,63,63,63,52,52,52,16,16,40,38,38,62,6,82,72,61,61,61,38,62,35,2,2,2,2,2,2],"gold":55,"neow_bonus":"UPGRADE_CARD","is_daily":false,"chose_seed":false,"campfire_upgraded":1,"win_rate":0.0,"timestamp":1612997291,"path_taken":["M","?","?","$","M","R","E","R","T","E","M","R","M","?","R","BOSS","M","M","?","$","?","R","?","M","T","?","?","M"],"items_purchased_type":["Card","Card","Card","Relic","Card"],"build_version":"2020-12-22","purchased_purges":0,"victory":false,"max_hp_per_floor":[75,75,75,75,75,75,82,82,82,82,82,82,82,82,82,82,82,82,82,82,82,82,82,82,82,82,82,82,82,82],"card_choices":[{"not_picked":["RobotSpaceExplorer:SlimeMissile","RobotSpaceExplorer:SwiftStep"],"picked":"RobotSpaceExplorer:Electroshield","floor":1},{"not_picked":["RobotSpaceExplorer:Probe","RobotSpaceExplorer:SurgingStrike"],"picked":"RobotSpaceExplorer:Autoloader","floor":5},{"not_picked":["RobotSpaceExplorer:GlueShot","RobotSpaceExplorer:Wormhole"],"picked":"RobotSpaceExplorer:ScrapMissile","floor":7},{"not_picked":["RobotSpaceExplorer:FreezingShield","RobotSpaceExplorer:SlimeMissile"],"picked":"RobotSpaceExplorer:MiniDrones","floor":10},{"not_picked":["RobotSpaceExplorer:ImprovisedAttack","RobotSpaceExplorer:Calculate"],"picked":"RobotSpaceExplorer:ScrapMissile","floor":11},{"not_picked":["RobotSpaceExplorer:BigMissile","RobotSpaceExplorer:Accelerator"],"picked":"RobotSpaceExplorer:Discharger","floor":13},{"not_picked":["RobotSpaceExplorer:ShockMissile","RobotSpaceExplorer:Accelerator"],"picked":"RobotSpaceExplorer:Comet","floor":16},{"not_picked":["RobotSpaceExplorer:SurgingStrike","RobotSpaceExplorer:SwiftStep"],"picked":"RobotSpaceExplorer:MiniDrones","floor":18},{"not_picked":["RobotSpaceExplorer:SwiftStep","RobotSpaceExplorer:ScrapMissile"],"picked":"RobotSpaceExplorer:LaserBurst","floor":19},{"not_picked":["RobotSpaceExplorer:SlimeMissile","RobotSpaceExplorer:Counterblock+1"],"picked":"RobotSpaceExplorer:PowerCollector+1","floor":22},{"not_picked":["RobotSpaceExplorer:SwiftStep","RobotSpaceExplorer:ShovelStrike+1"],"picked":"RobotSpaceExplorer:TurboDodge","floor":24},{"not_picked":["RobotSpaceExplorer:FranticSearch","RobotSpaceExplorer:ShovelStrike+1"],"picked":"RobotSpaceExplorer:ScrapShield+1","floor":25}],"player_experience":482363,"relics_obtained":[{"floor":7,"key":"Strawberry"},{"floor":9,"key":"ReplayFunnel"},{"floor":10,"key":"aspiration:StickyExplosives_weak"},{"floor":24,"key":"Eternal Feather"}],"event_choices":[{"damage_healed":0,"gold_gain":0,"player_choice":"Success","damage_taken":12,"relics_obtained":["PreservedInsect"],"max_hp_gain":0,"max_hp_loss":0,"event_name":"Scrap Ooze","floor":2,"gold_loss":0},{"damage_healed":0,"gold_gain":0,"player_choice":"Grow","damage_taken":0,"max_hp_gain":0,"max_hp_loss":0,"event_name":"Living Wall","floor":3,"gold_loss":0,"cards_upgraded":["RobotSpaceExplorer:Electroshield"]},{"damage_healed":0,"gold_gain":0,"player_choice":"Ignored","damage_taken":0,"max_hp_gain":0,"max_hp_loss":0,"event_name":"betterNote:BetterNote","floor":20,"gold_loss":0,"cards_obtained":["Shade:AnimateDead"]}],"is_beta":false,"boss_relics":[{"not_picked":["aspiration:RunicSpoon","Astrolabe"],"picked":"SacredBark"}],"items_purged_floors":[],"is_endless":false,"potions_floor_spawned":[1,7,11,19,25],"killed_by":"Shelled Parasite and Fungi","ascension_level":0}}