{"host":"ris23a35wgbcqmkd","time":1612996343,"event":{"mods":["AchievementEnabler","BaseMod","BetterRewards","Colored Map","Colored Powertips","Downfall","Duelist Mod","Hermit","Minty Spire (QoL Compilation)","Rare Cards Sparkle","Shop Mod","StSLib","SuperFastMode","The Cursed","The Necromancer","The Wild Card"],"gold_per_floor":[113,188,188,204,155,184,200,213,213,213,213,230,241,253,253,253,253],"floor_reached":16,"language":"ENG","playtime":440,"items_purged":[],"score":129,"play_id":"db323a59-634d-486b-95bc-07cccc34397d","local_time":"20210210223223","is_ascension_mode":false,"campfire_choices":[{"floor":10,"key":"RECALL"},{"data":"TheCursedMod:HellsGateOpen","floor":15,"key":"SMITH"}],"circlet_count":0,"master_deck":["TheCursedMod:Strike_TheCursed","TheCursedMod:Strike_TheCursed","TheCursedMod:Strike_TheCursed","TheCursedMod:Strike_TheCursed","TheCursedMod:Defend_TheCursed","TheCursedMod:Defend_TheCursed","TheCursedMod:Defend_TheCursed","TheCursedMod:Defend_TheCursed","TheCursedMod:CursedWand","TheCursedMod:CleanUpWorkshop","TheCursedMod:Dregs","TheCursedMod:CursedShiv","TheCursedMod:SoulReap","TheCursedMod:CircleOfFlame","TheCursedMod:SoulCrush","TheCursedMod:Neurasthenia","TheCursedMod:HellfireBreathing","TheCursedMod:CircleOfFlame","TheCursedMod:Grudge","TheCursedMod:HellsGateOpen+1"],"relics":["TheCursedMod:BlackMagic101","NeowsBlessing","CultistMask","Nunchaku"],"acts_visited":["Exordium"],"potions_floor_usage":[13,16,16],"damage_taken":[{"damage":0,"enemies":"2 Louse","floor":1,"turns":1},{"damage":0,"enemies":"Jaw Worm","floor":4,"turns":1},{"damage":0,"enemies":"Lagavulin","floor":6,"turns":1},{"damage":1,"enemies":"Cultist","floor":7,"turns":3},{"damage":2,"enemies":"Blue Slaver","floor":8,"turns":4},{"damage":10,"enemies":"Red Slaver","floor":12,"turns":3},{"damage":17,"enemies":"Exordium Thugs","floor":13,"turns":4},{"damage":21,"enemies":"Gremlin Gang","floor":14,"turns":3},{"damage":36,"enemies":"The Guardian","floor":16,"turns":6}],"seed_played":"-7274063761150126277","potions_obtained":[{"floor":1,"key":"Energy Potion"},{"floor":7,"key":"Weak Potion"},{"floor":8,"key":"Explosive Potion"}],"is_trial":false,"path_per_floor":["M","?","?","M","$","E","M","M","T","R","?","M","M","M","R","B"],"character_chosen":"THE_CURSED","items_purchased":["TheCursedMod:CircleOfFlame"],"campfire_rested":0,"item_purchase_floors":[5],"current_hp_per_floor":[75,64,64,64,64,64,68,71,71,71,71,61,49,31,31,0,0],"gold":253,"neow_bonus":"THREE_ENEMY_KILL","is_daily":false,"chose_seed":false,"campfire_upgraded":1,"win_rate":0.0,"timestamp":1612996343,"path_taken":["M","?","?","?","$","E","M","M","T","R","?","?","M","M","R","BOSS"],"items_purchased_type":["Card"],"build_version":"2020-12-22","purchased_purges":0,"victory":false,"max_hp_per_floor":[75,75,75,75,75,75,75,75,75,75,75,75,75,75,75,75,75],"card_choices":[{"not_picked":["TheCursedMod:Grudge","TheCursedMod:TacticalStrike"],"picked":"TheCursedMod:CursedShiv","floor":1},{"not_picked":["TheCursedMod:CursedStaff","TheCursedMod:CircleOfFocus"],"picked":"TheCursedMod:SoulReap","floor":4},{"not_picked":["TheCursedMod:SpreadPlague","TheCursedMod:RavingStaff"],"picked":"TheCursedMod:SoulCrush","floor":6},{"not_picked":["TheCursedMod:WearCloak","TheCursedMod:Torture"],"picked":"TheCursedMod:Neurasthenia","floor":7},{"not_picked":["TheCursedMod:CursedAmulet","TheCursedMod:ReleasedKnowledge"],"picked":"TheCursedMod:HellfireBreathing","floor":8},{"not_picked":["TheCursedMod:Wield","TheCursedMod:SmokeScreen"],"picked":"TheCursedMod:CircleOfFlame","floor":12},{"not_picked":["TheCursedMod:FleshFromBone","TheCursedMod:ManaBullet"],"picked":"TheCursedMod:Grudge","floor":13},{"not_picked":["TheCursedMod:Obscuration","TheCursedMod:ReleasedKnowledge"],"picked":"TheCursedMod:HellsGateOpen","floor":14}],"player_experience":267921,"relics_obtained":[{"floor":6,"key":"Nunchaku"}],"event_choices":[{"damage_healed":0,"gold_gain":75,"player_choice":"Gather Gold","damage_taken":11,"max_hp_gain":0,"max_hp_loss":0,"event_name":"World of Goop","floor":2,"gold_loss":0},{"damage_healed":0,"gold_gain":0,"player_choice":"Trade","damage_taken":0,"relics_obtained":["CultistMask"],"max_hp_gain":0,"max_hp_loss":0,"event_name":"FaceTrader","floor":3,"gold_loss":0},{"damage_healed":0,"gold_gain":0,"player_choice":"Bought 0 Potions","damage_taken":0,"max_hp_gain":0,"max_hp_loss":0,"event_name":"The Woman in Blue","floor":11,"gold_loss":0}],"is_beta":false,"boss_relics":[],"items_purged_floors":[],"is_endless":false,"potions_floor_spawned":[1,7,8],"killed_by":"The Guardian","ascension_level":0}}