{"host":"m552uo5jodlktm3e","time":1612996268,"event":{"mods":["BaseMod","Colored Powertips","Downfall","Minty Spire (QoL Compilation)","Quick Restart","StSLib"],"gold_per_floor":[99,111,125,125,35,61,61,71,71,82,96,271,284,301,318,318,318,318],"floor_reached":16,"language":"ENG","playtime":887,"items_purged":["champ:Strike"],"score":106,"play_id":"67653746-73a9-4421-ab96-84d8470f6fc9","local_time":"20210210143108","is_ascension_mode":false,"campfire_choices":[{"data":"champ:Taunt","floor":1,"key":"SMITH"}],"circlet_count":0,"master_deck":["champ:Strike","champ:Strike","champ:Strike","champ:Defend","champ:Defend","champ:Defend","champ:Defend","champ:Execute","champ:Taunt+1","champ:EnGarde","champ:FaceSlap","champ:StanceDance","champ:FlashCut","champ:UltimateStance","champ:RisingSlash","Doubt","champ:HeartStrike","champ:Devastate","champ:Lariat"],"relics":["champ:ChampionCrown","Torii","Blood Vial","Gremlin Horn","champ:DefensiveTrainingManual","GremlinMask"],"acts_visited":["Exordium"],"potions_floor_usage":[11,13],"damage_taken":[{"damage":10,"enemies":"Jaw Worm","floor":2,"turns":4},{"damage":16,"enemies":"Cultist","floor":3,"turns":4},{"damage":31,"enemies":"downfall:FleeingMerchant","floor":5,"turns":4},{"damage":38,"enemies":"3 Sentries","floor":6,"turns":9},{"damage":10,"enemies":"2 Louse","floor":8,"turns":1},{"damage":28,"enemies":"Blue Slaver","floor":10,"turns":4},{"damage":6,"enemies":"2 Fungi Beasts","floor":11,"turns":3},{"damage":5,"enemies":"Exordium Wildlife","floor":13,"turns":3},{"damage":12,"enemies":"Blue Slaver","floor":14,"turns":4},{"damage":25,"enemies":"3 Louse","floor":15,"turns":4},{"damage":50,"enemies":"IC_STATUS_ARCHETYPE","floor":16,"turns":4}],"seed_played":"-8370569415967966066","potions_obtained":[{"floor":3,"key":"Regen Potion"},{"floor":6,"key":"hexamod:SoulburnPotion"},{"floor":11,"key":"Fire Potion"},{"floor":15,"key":"champ:TechniquePotion"}],"is_trial":false,"path_per_floor":["R","M","M","?","$","E","T","M","?","M","M","?","M","M","M","B"],"character_chosen":"THE_CHAMP","items_purchased":[],"campfire_rested":0,"item_purchase_floors":[],"current_hp_per_floor":[63,63,62,44,45,34,34,36,36,25,35,35,37,37,29,0,0,0],"gold":318,"neow_bonus":"ONE_RARE_RELIC","is_daily":false,"chose_seed":false,"campfire_upgraded":1,"win_rate":0.0,"timestamp":1612996268,"path_taken":["R","M","M","?","$","E","T","M","?","M","?","?","M","M","M","BOSS"],"items_purchased_type":[],"build_version":"2020-12-22","purchased_purges":1,"victory":false,"max_hp_per_floor":[90,90,90,90,90,90,90,90,90,90,90,90,90,90,90,90,90,90],"card_choices":[{"not_picked":["champ:AdrenalArmor","champ:Circumvent"],"picked":"champ:EnGarde","floor":2},{"not_picked":["champ:GutPunch","champ:EndlessRage"],"picked":"champ:FaceSlap","floor":3},{"not_picked":["champ:PreciseThrust","champ:EndlessRage"],"picked":"champ:StanceDance","floor":5},{"not_picked":["champ:EndlessRage","champ:Endure"],"picked":"champ:FlashCut","floor":6},{"not_picked":["champ:BringItOn","champ:DefensiveShout","champ:EnGarde"],"picked":"SKIP","floor":8},{"not_picked":["champ:TornadoPunch","champ:ArenaPreparation"],"picked":"champ:UltimateStance","floor":10},{"not_picked":["champ:FanOfKnives","champ:StanceDance"],"picked":"champ:RisingSlash","floor":11},{"not_picked":["champ:Shatter","champ:FlashCut"],"picked":"champ:HeartStrike","floor":13},{"not_picked":["champ:RapidStrikes","champ:FanOfKnives"],"picked":"champ:Devastate","floor":14},{"not_picked":["champ:Backstep","champ:CrookedStrike"],"picked":"champ:Lariat","floor":15}],"player_experience":1034523,"relics_obtained":[{"floor":6,"key":"Gremlin Horn"},{"floor":7,"key":"champ:DefensiveTrainingManual"}],"event_choices":[{"damage_healed":0,"gold_gain":0,"player_choice":"Success","damage_taken":18,"relics_obtained":["Blood Vial"],"max_hp_gain":0,"max_hp_loss":0,"event_name":"Scrap Ooze","floor":4,"gold_loss":0},{"damage_healed":0,"gold_gain":0,"player_choice":"Trade","damage_taken":0,"relics_obtained":["GremlinMask"],"max_hp_gain":0,"max_hp_loss":0,"event_name":"FaceTrader","floor":9,"gold_loss":0}],"is_beta":false,"boss_relics":[],"items_purged_floors":[5],"is_endless":false,"potions_floor_spawned":[3,6,11,15],"killed_by":"IC_STATUS_ARCHETYPE","ascension_level":0}}