{"host":"xp27heuvanyklt0b","time":1612932170,"event":{"mods":["100% Spire Juice","BaseMod","Lobotomy","Minty Spire (QoL Compilation)","StSLib"],"gold_per_floor":[112,112,82,93,93,93,105,105,131,34,64,67,67,77,77,154,154,164,148,148,148],"floor_reached":20,"language":"KOR","playtime":1219,"items_purged":[],"score":174,"play_id":"659b4547-a7f5-419a-a938-e9756e228c15","local_time":"20210210134250","is_ascension_mode":false,"campfire_choices":[{"data":"Inflame","floor":6,"key":"SMITH"},{"data":"Reckless Charge","floor":8,"key":"SMITH"},{"data":"Inflame","floor":15,"key":"SMITH"}],"circlet_count":0,"master_deck":["Strike_R","Strike_R","Strike_R","Strike_R","Strike_R","Defend_R","Defend_R","Defend_R","ShyLook","OldLady","BigBadWolf","Sentinel","Reckless Charge","Shrug It Off","Freischutz","OSAHOGD","Parasite","Inflame+1","Mercenary","BigBird","Impervious","LittlePrince","Perfected Strike","Sentinel+1","Wellcheers"],"relics":["Burning Blood","CogitoBucket","Pen Nib","Oddly Smooth Stone","InkBottle","AspirationHeart","Cursed Key"],"acts_visited":["Exordium","TheCity"],"potions_floor_usage":[],"damage_taken":[{"damage":5,"enemies":"2 Louse","floor":1,"turns":3},{"damage":0,"enemies":"Small Slimes","floor":4,"turns":4},{"damage":1,"enemies":"Cultist","floor":7,"turns":3},{"damage":23,"enemies":"3 Sentries","floor":11,"turns":9},{"damage":15,"enemies":"2 Fungi Beasts","floor":12,"turns":4},{"damage":38,"enemies":"Looter","floor":14,"turns":26},{"damage":36,"enemies":"Slime Boss","floor":16,"turns":9},{"damage":22,"enemies":"Shell Parasite","floor":18,"turns":7},{"damage":30,"enemies":"2 Thieves","floor":19,"turns":4},{"damage":54,"enemies":"3 Cultists","floor":20,"turns":5}],"seed_played":"1012213240329520192","potions_obtained":[{"floor":1,"key":"GamblersBrew"},{"floor":3,"key":"Dexterity Potion"},{"floor":3,"key":"LiquidBronze"},{"floor":11,"key":"Swift Potion"},{"floor":19,"key":"Regen Potion"}],"is_trial":false,"path_per_floor":["M","?","?","M","?","R","M","R","T","$","E","M","?","M","R","B",null,"M","M","M"],"character_chosen":"IRONCLAD","items_purchased":["Armaments","Reckless Charge"],"campfire_rested":0,"item_purchase_floors":[10,10],"current_hp_per_floor":[80,77,77,80,80,80,80,80,80,80,63,54,74,52,52,31,87,68,53,0,0],"gold":148,"neow_bonus":"","is_daily":false,"chose_seed":false,"campfire_upgraded":3,"win_rate":0.0,"timestamp":1612932170,"path_taken":["M","?","?","?","?","R","M","R","T","$","E","M","?","M","R","BOSS","M","M","M"],"items_purchased_type":["Card","Card"],"build_version":"2020-12-22","purchased_purges":0,"victory":false,"max_hp_per_floor":[80,80,80,80,80,80,80,80,80,80,80,80,80,90,90,87,87,84,81,81,81],"card_choices":[{"not_picked":["MHz","OSAHOGD"],"picked":"ShyLook","floor":1},{"not_picked":["Clothesline","Headbutt"],"picked":"Inflame","floor":1},{"not_picked":["Murderer","WallGazer","UniverseFragment"],"picked":"Singing Bowl","floor":4},{"not_picked":["WallGazer","Wellcheers"],"picked":"OldLady","floor":4},{"not_picked":["Headbutt","Entrench"],"picked":"Reckless Charge","floor":4},{"not_picked":["BeautyBeast","VoidDream"],"picked":"BigBadWolf","floor":7},{"not_picked":["Clash","Pummel"],"picked":"Sentinel","floor":7},{"not_picked":["Metallicize","Fire Breathing"],"picked":"Shrug It Off","floor":11},{"not_picked":["Murderer","GreedKing","CherryBlossoms"],"picked":"Singing Bowl","floor":11},{"not_picked":["Bloodbath","Wellcheers"],"picked":"Freischutz","floor":11},{"not_picked":["Brutality","Wild Strike"],"picked":"Blood for Blood","floor":12},{"not_picked":["PunishingBird","BeautyBeast"],"picked":"OSAHOGD","floor":12},{"not_picked":["Armaments","Havoc"],"picked":"Inflame","floor":14},{"not_picked":["CrumblingArmor","LaLuna"],"picked":"Mercenary","floor":14},{"not_picked":["Funeral","FairyFestival","UniverseFragment"],"picked":"Singing Bowl","floor":16},{"not_picked":["Alriune","MHz"],"picked":"BigBird","floor":16},{"not_picked":["Juggernaut","Corruption"],"picked":"Impervious","floor":16},{"not_picked":["Wellcheers","CherryBlossoms"],"picked":"LittlePrince","floor":18},{"not_picked":["Cleave","Rupture"],"picked":"Perfected Strike","floor":18},{"not_picked":["Evolve","True Grit"],"picked":"Sentinel+1","floor":19},{"not_picked":["HappyTeddy","WallGazer","Laetitia"],"picked":"Singing Bowl","floor":19},{"not_picked":["SingingMachine","Scorched"],"picked":"Wellcheers","floor":19}],"player_experience":197068,"relics_obtained":[{"floor":9,"key":"Oddly Smooth Stone"},{"floor":11,"key":"InkBottle"}],"event_choices":[{"damage_healed":0,"gold_gain":0,"player_choice":"Success","damage_taken":3,"relics_obtained":["Pen Nib"],"max_hp_gain":0,"max_hp_loss":0,"event_name":"Scrap Ooze","floor":2,"gold_loss":0},{"damage_healed":0,"gold_gain":0,"player_choice":"Bought 2 Potions","damage_taken":0,"max_hp_gain":0,"max_hp_loss":0,"event_name":"The Woman in Blue","floor":3,"gold_loss":0},{"damage_healed":0,"gold_gain":0,"player_choice":"Ignored","damage_taken":0,"max_hp_gain":0,"max_hp_loss":0,"event_name":"Shining Light","floor":5,"gold_loss":0},{"damage_healed":20,"gold_gain":0,"player_choice":"Healed and dodged fight","damage_taken":0,"max_hp_gain":0,"max_hp_loss":0,"event_name":"Mushrooms","floor":13,"gold_loss":0,"cards_obtained":["Parasite"]}],"is_beta":false,"boss_relics":[{"not_picked":["Pandora\u0027s Box","Runic Dome"],"picked":"Cursed Key"}],"items_purged_floors":[],"is_endless":false,"potions_floor_spawned":[1,11,12,16,18,19],"killed_by":"3 Cultists","ascension_level":0}}