{"host":"2e5gbsni44p3458r","time":1612955505,"event":{"mods":["BaseMod","Colored Map","Downfall","Hermit","Minty Spire (QoL Compilation)","Replay The Spire","StSLib","The Cursed"],"gold_per_floor":[99,117,117,117,134,134,134,34,34,51,82,113,13,80,105,279,279,279,307,325,325,162,189,189,95,164,64,141,241,321,388,426,611,611,611,644,674,318,350,261,288,363,395,413,413,483,333,367,408,415,415,448,11,11,18,25],"floor_reached":57,"language":"ENG","playtime":4599,"items_purged":["hermit:Strike_Hermit","hermit:Strike_Hermit+1","hermit:OverwhelmingPower","Writhe"],"score":1922,"play_id":"46d2911b-d376-4e20-8bd6-9f5371e55902","local_time":"20210210201145","is_ascension_mode":true,"campfire_choices":[{"data":"hermit:Snapshot","floor":1.0,"key":"SMITH"},{"floor":6.0,"key":"RECALL"},{"data":"hermit:Ricochet","floor":8.0,"key":"SMITH"},{"data":"hermit:Dive","floor":13.0,"key":"SMITH"},{"data":"hermit:DeadOrAlive","floor":18.0,"key":"SMITH"},{"data":"hermit:Combo","floor":27.0,"key":"SMITH"},{"data":"ReplayUltimateDefense","floor":35,"key":"SMITH"},{"data":"hermit:BigShot","floor":45,"key":"SMITH"},{"data":"hermit:Brawl","floor":54,"key":"SMITH"}],"circlet_count":0,"master_deck":["hermit:Defend_Hermit+1","hermit:Defend_Hermit+1","hermit:Defend_Hermit+1","hermit:Defend_Hermit+1","hermit:Snapshot+1","hermit:Covet","AbeCurse","hermit:GoldenBullet+1","hermit:Ricochet+1","hermit:GhostlyPresence","hermit:DeadOrAlive+1","hermit:Dive+1","hermit:EyeOfTheStorm","hermit:RoundhouseKick+1","hermit:Dive","hermit:GoldenBullet+1","hermit:Brawl+1","hermit:Scavenge+1","hermit:TakeAim+1","hermit:Combo+1","ReplayUltimateDefense+1","hermit:Enervate+1","hermit:Dive+1","hermit:BigShot+1","ReplayUltimateDefense+1","expansioncontent:Chronoboost","hermit:Enervate+1","hermit:Brawl+1","hermit:RoundhouseKick+1","hermit:Brawl+1"],"relics":["Abe\u0027s Treasure","ReplayTheSpireMod:Ninjato","downfall:HeartBlessingRed","FossilizedHelix","downfall:HeartBlessingGreen","Lantern","Painkiller Herb","ReplayTheSpireMod:Shallot","downfall:HeartBlessingBlue","Replay:Bottled Eggs","Molten Egg 2","Cursed Key","DollysMirror","Boot","TungstenRod","Whetstone","Gremlin Food","Replay:Bottled Steam","Happy Flower","Lee\u0027s Waffle"],"acts_visited":["Exordium","TheCity","TheBeyond","TheEnding"],"potions_floor_usage":[31,31,49,49,50,55,56,56],"damage_taken":[{"damage":7.0,"enemies":"Jaw Worm","floor":2.0,"turns":2.0},{"damage":0.0,"enemies":"Cultist","floor":5.0,"turns":2.0},{"damage":0.0,"enemies":"Small Slimes","floor":10.0,"turns":2.0},{"damage":14.0,"enemies":"Replay:BlueRogue","floor":11.0,"turns":4.0},{"damage":0.0,"enemies":"Gremlin Gang","floor":12.0,"turns":3.0},{"damage":0.0,"enemies":"Lagavulin","floor":14.0,"turns":5.0},{"damage":0.0,"enemies":"Blue Slaver","floor":15.0,"turns":2.0},{"damage":12.0,"enemies":"DF_ARCHETYPE_STREAMLINE","floor":16.0,"turns":9.0},{"damage":0.0,"enemies":"Chosen","floor":19.0,"turns":3.0},{"damage":0.0,"enemies":"Spheric Guardian","floor":20.0,"turns":2.0},{"damage":0.0,"enemies":"downfall:FleeingMerchant","floor":22.0,"turns":4.0},{"damage":1.0,"enemies":"Shelled Parasite and Fungi","floor":23.0,"turns":6.0},{"damage":7.0,"enemies":"downfall:FleeingMerchant","floor":25.0,"turns":5.0},{"damage":9.0,"enemies":"Slavers","floor":26.0,"turns":3.0},{"damage":0.0,"enemies":"Replay:Snechameleon","floor":28.0,"turns":7.0},{"damage":0,"enemies":"downfall:FleeingMerchant","floor":30,"turns":3},{"damage":0,"enemies":"Gremlin Leader","floor":31,"turns":7},{"damage":0,"enemies":"Chosen and Byrds","floor":32,"turns":4},{"damage":0,"enemies":"IC_MUSHROOM_ARCHETYPE","floor":33,"turns":5},{"damage":0,"enemies":"3 Shapes","floor":36,"turns":3},{"damage":0,"enemies":"Orb Walker","floor":37,"turns":2},{"damage":0,"enemies":"4 Shapes","floor":39,"turns":4},{"damage":0,"enemies":"Nemesis","floor":42,"turns":3},{"damage":0,"enemies":"Sphere and 2 Shapes","floor":43,"turns":5},{"damage":0,"enemies":"Jaw Worm Horde","floor":44,"turns":4},{"damage":0,"enemies":"Giant Head","floor":46,"turns":3},{"damage":0,"enemies":"R_Hoarder","floor":48,"turns":6},{"damage":0,"enemies":"4 Shapes","floor":49,"turns":6},{"damage":0,"enemies":"WA_ARCHETYPE_DIVINITY","floor":50,"turns":6},{"damage":0,"enemies":"downfall:CharBossMerchant","floor":52,"turns":7},{"damage":0,"enemies":"downfall:NeowBoss","floor":55,"turns":9},{"damage":0,"enemies":"downfall:NeowBossFinal","floor":56,"turns":9}],"seed_played":"-4058148277163871800","potions_obtained":[{"floor":2.0,"key":"champ:CounterPotion"},{"floor":10.0,"key":"GamblersBrew"},{"floor":15.0,"key":"SpeedPotion"},{"floor":16.0,"key":"Block Potion"},{"floor":19.0,"key":"Weak Potion"},{"floor":23.0,"key":"hermit:BlackBile"},{"floor":31,"key":"Fruit Juice"},{"floor":32,"key":"LifebloodPotion"},{"floor":37,"key":"hexamod:SoulburnPotion"},{"floor":39,"key":"hermit:BlackBile"},{"floor":44,"key":"SkillPotion"},{"floor":48,"key":"hermit:Tonic"}],"is_trial":false,"path_per_floor":["R","M","?","?","M","R","T","R","?","M","E","M","R","E","M","B",null,"T","?","?","?","T","?","T","T","E","T","E","?","T","E","?","B",null,"T","?","?","T","?","T","T","E","?","?","T","E","T","E","?","B",null,"E","T","T","B","B",null],"character_chosen":"HERMIT","items_purchased":["hermit:Brawl","hermit:Combo","ReplayUltimateDefense","hermit:BigShot","DollysMirror","expansioncontent:Chronoboost","Adrenaline Potion","Strength Potion","Happy Flower","Swift Potion","Lee\u0027s Waffle"],"campfire_rested":0,"item_purchase_floors":[22,25,30,38,38,40,53,53,53,53,53],"current_hp_per_floor":[75,68,68,68,68,68,68,68,68,68,54,54,54,54,54,42,75,75,75,75,75,75,74,74,67,58,68,68,68,68,73,73,73,90,90,90,90,90,90,90,90,90,90,90,90,90,90,90,90,90,90,90,97,97,97,97],"gold":25,"neow_bonus":"BOSS_RELIC","is_daily":false,"chose_seed":false,"campfire_upgraded":8,"win_rate":0.0,"timestamp":1612955505,"path_taken":["R","M","?","?","?","R","T","R","?","?","E","M","R","E","M","BOSS","T","?","?","?","T","?","T","T","E","T","E","?","?","E","?","BOSS","T","?","?","T","?","T","T","E","?","?","T","E","T","E","?","BOSS","E","T","T","BOSS","BOSS"],"items_purchased_type":["Card","Card","Card","Card","Relic","Card","Potion","Potion","Relic","Potion","Relic"],"build_version":"2020-12-22","purchased_purges":4,"victory":true,"max_hp_per_floor":[75,75,75,75,75,75,75,75,75,75,75,75,75,75,75,75,75,75,75,75,75,75,75,75,75,75,85,85,85,85,90,90,90,90,90,90,90,90,90,90,90,90,90,90,90,90,90,90,90,90,90,90,97,97,97,97],"card_choices":[{"not_picked":["hermit:DeadMansHand","hermit:Vantage"],"picked":"hermit:GoldenBullet","floor":2.0},{"not_picked":["hermit:BodyArmor","hermit:Desperado"],"picked":"hermit:Ricochet","floor":5.0},{"not_picked":["hermit:Gestalt","hermit:Midnight"],"picked":"hermit:GhostlyPresence","floor":10.0},{"not_picked":["hermit:BodyArmor","hermit:Shortfuse"],"picked":"hermit:DeadOrAlive","floor":11.0},{"not_picked":["hermit:TakeCover","hermit:BodyArmor"],"picked":"hermit:Dive","floor":12.0},{"not_picked":["hermit:Quickdraw","hermit:Cheat"],"picked":"hermit:EyeOfTheStorm","floor":14.0},{"not_picked":["hermit:Desperado","hermit:ItchyTrigger","hermit:BodyArmor"],"picked":"SKIP","floor":15.0},{"not_picked":["hermit:Adapt","hermit:FinalCanter"],"picked":"hermit:RoundhouseKick","floor":16.0},{"not_picked":["hermit:CalledShot","hermit:Midnight"],"picked":"hermit:Dive","floor":19.0},{"not_picked":["hermit:CalledShot","hermit:SprayPray","hermit:ShadowCloak+1"],"picked":"SKIP","floor":20.0},{"not_picked":["hermit:Shortfuse","hermit:HoleUp+1"],"picked":"hermit:GoldenBullet+1","floor":22.0},{"not_picked":["hermit:Coalescence","hermit:SprayPray+1"],"picked":"hermit:Scavenge+1","floor":23.0},{"not_picked":["hermit:Manifest+1","hermit:Deadeye"],"picked":"hermit:TakeAim+1","floor":25.0},{"not_picked":["hermit:Grudge","hermit:Snipe","hermit:SprayPray"],"picked":"SKIP","floor":26.0},{"not_picked":["hermit:EternalForm","hermit:DeadMansHand","hermit:Manifest"],"picked":"SKIP","floor":28},{"not_picked":["hermit:HighCaliber","hermit:Ricochet","hermit:Desperado"],"picked":"SKIP","floor":30},{"not_picked":["hermit:TrackingShot+1","hermit:Scavenge"],"picked":"hermit:OverwhelmingPower","floor":31},{"not_picked":["hermit:HighCaliber+1","hermit:Combo"],"picked":"hermit:Enervate+1","floor":32},{"not_picked":["hermit:Headshot+1","hermit:BodyArmor+1"],"picked":"hermit:Dive+1","floor":36},{"not_picked":["hermit:Roulette+1","hermit:WideOpen+1","hermit:HighCaliber+1"],"picked":"SKIP","floor":37},{"not_picked":["hermit:Quickdraw+1","hermit:Desperado+1","hermit:FromBeyond"],"picked":"SKIP","floor":39},{"not_picked":["hermit:Determination","hermit:Coalescence+1"],"picked":"hermit:Enervate+1","floor":42},{"not_picked":["hermit:Quickdraw+1","hermit:Roulette+1"],"picked":"hermit:Brawl+1","floor":43},{"not_picked":["hermit:Malice+1","hermit:ItchyTrigger+1"],"picked":"hermit:RoundhouseKick+1","floor":44},{"not_picked":["hermit:Glare+1","hermit:Dive","hermit:PistolWhip+1"],"picked":"SKIP","floor":46},{"not_picked":["hermit:CalledShot+1","hermit:Adapt"],"picked":"hermit:Brawl+1","floor":48},{"not_picked":["hermit:Dive","hermit:Ricochet+1","hermit:BodyArmor"],"picked":"SKIP","floor":49},{"not_picked":["hermit:BodyArmor+1","hermit:Misfire+1","hermit:Dive+1"],"picked":"SKIP","floor":52}],"player_experience":817256,"relics_obtained":[{"floor":7.0,"key":"ReplayTheSpireMod:Ninjato"},{"floor":11.0,"key":"FossilizedHelix"},{"floor":14.0,"key":"Lantern"},{"floor":26.0,"key":"ReplayTheSpireMod:Shallot"},{"floor":28,"key":"Replay:Bottled Eggs"},{"floor":31,"key":"Molten Egg 2"},{"floor":41,"key":"Boot"},{"floor":42,"key":"TungstenRod"},{"floor":46,"key":"Whetstone"},{"floor":48,"key":"Gremlin Food"},{"floor":52,"key":"Replay:Bottled Steam"}],"event_choices":[],"is_beta":false,"boss_relics":[{"not_picked":["Sozu","Honey Jar"],"picked":"Painkiller Herb"},{"not_picked":["Kintsugi","Calling Bell"],"picked":"Cursed Key"}],"items_purged_floors":[22,30,38,47],"is_endless":false,"potions_floor_spawned":[2,10,15,16,19,23,31,32,37,39,44,48],"ascension_level":3}}