{"host":"36t3qd3wjvajtu1z","time":1612993499,"event":{"mods":["2.2 Compatiblity","AchievementEnabler","BaseMod","Bestiary","Block Reminder","Colored Powertips","Curses Come First","Highlight Path","Minty Spire (QoL Compilation)","Permanent Neow","Quick Restart","Random Character Button","Rare Cards Sparkle","Relic Stats","Slay-I","StSLib","Unknown Chances"],"gold_per_floor":[115,115,127,146,157,157,186,145,145,145,145,145],"floor_reached":11,"language":"ENG","playtime":487,"items_purged":[],"score":146,"play_id":"43385adf-f6fe-4394-b080-5ce94e7ba962","local_time":"20210210134459","is_ascension_mode":true,"campfire_choices":[{"floor":6,"key":"REST"}],"circlet_count":0,"master_deck":["AscendersBane","Strike_G+1","Strike_G","Strike_G","Strike_G","Defend_G","Defend_G","Defend_G+1","Defend_G","Defend_G","Survivor","Neutralize","Noxious Fumes","Eviscerate","Dagger Spray","Setup","Envenom","Venomology"],"relics":["Ring of the Snake","Calipers","Prayer Wheel"],"acts_visited":["Exordium"],"potions_floor_usage":[5,11],"damage_taken":[{"damage":0.0,"enemies":"2 Louse","floor":1.0,"turns":4.0},{"damage":2.0,"enemies":"Small Slimes","floor":3.0,"turns":4.0},{"damage":2,"enemies":"Jaw Worm","floor":4,"turns":5},{"damage":8,"enemies":"Lots of Slimes","floor":5,"turns":4},{"damage":39,"enemies":"3 Sentries","floor":7,"turns":8},{"damage":0,"enemies":"Gremlin Nob","floor":11,"turns":3}],"seed_played":"7770822424294198878","potions_obtained":[{"floor":1.0,"key":"Block Potion"}],"is_trial":false,"path_per_floor":["M","?","M","M","M","R","E","?","T","?","E"],"character_chosen":"THE_SILENT","items_purchased":[],"campfire_rested":1,"item_purchase_floors":[],"current_hp_per_floor":[59,39,37,35,27,46,7,7,7,7,7,7],"gold":145,"neow_bonus":"TRANSFORM_CARD","is_daily":false,"chose_seed":false,"campfire_upgraded":0,"win_rate":0.0,"timestamp":1612993499,"path_taken":["M","?","M","M","M","R","E","?","T","?","E"],"items_purchased_type":[],"build_version":"2020-12-22","purchased_purges":0,"victory":false,"max_hp_per_floor":[66,66,66,66,66,66,66,66,66,66,66,66],"relic_stats":{"counters":[6,28],"Prayer Wheel":0,"obtain_stats":[{"Calipers":7,"Prayer Wheel":9,"Ring of the Snake":0},{"Calipers":5,"Prayer Wheel":5,"Ring of the Snake":0},{"Calipers":25,"Prayer Wheel":25,"Ring of the Snake":0}],"Ring of the Snake":[12]},"card_choices":[{"not_picked":["Escape Plan","Deadly Poison"],"picked":"Eviscerate","floor":1.0},{"not_picked":["Cloak And Dagger","Blade Dance"],"picked":"Dagger Spray","floor":3.0},{"not_picked":["PiercingWail","Concentrate"],"picked":"Setup","floor":4},{"not_picked":["Riddle With Holes","Blade Dance"],"picked":"Envenom","floor":5},{"not_picked":["Riddle With Holes","Prepared"],"picked":"Venomology","floor":7}],"player_experience":467299,"relics_obtained":[{"floor":7,"key":"Calipers"},{"floor":9,"key":"Prayer Wheel"}],"event_choices":[{"damage_healed":0.0,"max_hp_gain":0.0,"max_hp_loss":0.0,"gold_gain":0.0,"event_name":"Shining Light","player_choice":"Entered Light","floor":2.0,"gold_loss":0.0,"damage_taken":20.0,"cards_upgraded":["Strike_G","Defend_G"]},{"damage_healed":0,"gold_gain":0,"player_choice":"Left Gold","damage_taken":0,"max_hp_gain":0,"max_hp_loss":0,"event_name":"World of Goop","floor":8,"gold_loss":41},{"damage_healed":0,"gold_gain":0,"player_choice":"Searched \u00270\u0027 times","damage_taken":0,"max_hp_gain":0,"max_hp_loss":0,"event_name":"Dead Adventurer","floor":10,"gold_loss":0}],"is_beta":false,"boss_relics":[],"items_purged_floors":[],"is_endless":false,"potions_floor_spawned":[1],"killed_by":"Gremlin Nob","ascension_level":20}}