{"host":"krw8blyxua7at9ak","time":1612979874,"event":{"mods":["BaseMod","Highlight Path","Minty Spire (QoL Compilation)","ojb\u0027s Info Mod"],"gold_per_floor":[119,132,132,57,76,76,76,119,119,143,43,43,87,102,102,102,102],"floor_reached":16,"language":"ENG","playtime":562,"items_purged":["Pain","Regret"],"score":220,"play_id":"ce42bbbf-4391-4bd9-b8e4-b897cabf83ad","local_time":"20210210185754","is_ascension_mode":true,"campfire_choices":[{"data":"Dash","floor":6,"key":"SMITH"},{"data":"Neutralize","floor":12,"key":"SMITH"},{"data":"Sucker Punch","floor":15,"key":"SMITH"}],"circlet_count":0,"master_deck":["AscendersBane","Strike_G","Strike_G","Strike_G","Strike_G","Strike_G","Defend_G","Defend_G","Defend_G","Defend_G","Defend_G","Survivor","Neutralize+1","Unload","Poisoned Stab","Sucker Punch+1","Dash+1","Venomology","Blade Dance"],"relics":["Ring of the Snake","Golden Idol","Singing Bowl","Orichalcum","Bottled Flame","Blood Vial"],"acts_visited":["Exordium"],"potions_floor_usage":[13,16,16,16],"damage_taken":[{"damage":2.0,"enemies":"Cultist","floor":1.0,"turns":4.0},{"damage":4,"enemies":"2 Louse","floor":2,"turns":3},{"damage":2,"enemies":"Jaw Worm","floor":5,"turns":4},{"damage":20,"enemies":"Gremlin Nob","floor":8,"turns":4},{"damage":7,"enemies":"Blue Slaver","floor":10,"turns":3},{"damage":23,"enemies":"Lagavulin","floor":13,"turns":6},{"damage":0,"enemies":"Large Slime","floor":14,"turns":5},{"damage":18,"enemies":"Hexaghost","floor":16,"turns":9}],"seed_played":"7602362155881076221","potions_obtained":[{"floor":8,"key":"Regen Potion"},{"floor":10,"key":"Swift Potion"},{"floor":13,"key":"Fire Potion"},{"floor":14,"key":"PowerPotion"}],"is_trial":false,"path_per_floor":["M","M","?","$","M","R","?","E","T","M","$","R","E","M","R","B"],"character_chosen":"THE_SILENT","items_purchased":[],"campfire_rested":0,"item_purchase_floors":[],"current_hp_per_floor":[57,53,53,53,51,51,51,33,33,28,28,28,14,16,16,0,0],"gold":102,"neow_bonus":"THREE_RARE_CARDS","is_daily":false,"chose_seed":false,"campfire_upgraded":3,"win_rate":0.0,"timestamp":1612979874,"path_taken":["M","M","?","$","M","R","?","E","T","M","?","R","E","M","R","BOSS"],"items_purchased_type":[],"build_version":"2020-12-22","purchased_purges":2,"victory":false,"max_hp_per_floor":[66,66,60,60,60,60,60,62,62,64,64,64,64,64,64,64,64],"card_choices":[{"not_picked":["Doppelganger","Storm of Steel"],"picked":"Unload","floor":0.0},{"not_picked":["Leg Sweep","Slice"],"picked":"Poisoned Stab","floor":1.0},{"not_picked":["PiercingWail","Deflect"],"picked":"Sucker Punch","floor":2},{"not_picked":["Acrobatics","Cloak And Dagger"],"picked":"Dash","floor":5},{"not_picked":["Deflect","Cloak And Dagger","Backflip"],"picked":"Singing Bowl","floor":8},{"not_picked":["Dagger Throw","Prepared","Choke"],"picked":"Singing Bowl","floor":10},{"not_picked":["Poisoned Stab","Dagger Spray"],"picked":"Venomology","floor":13},{"not_picked":["Expertise","Slice"],"picked":"Blade Dance","floor":14}],"player_experience":395299,"relics_obtained":[{"floor":8,"key":"Orichalcum"},{"floor":9,"key":"Bottled Flame"},{"floor":13,"key":"Blood Vial"}],"event_choices":[{"damage_healed":0,"gold_gain":0,"player_choice":"Lose Max HP","damage_taken":0,"relics_obtained":["Golden Idol"],"max_hp_gain":0,"max_hp_loss":6,"event_name":"Golden Idol","floor":3,"gold_loss":0},{"damage_healed":0,"gold_gain":0,"player_choice":"Box","damage_taken":0,"relics_obtained":["Singing Bowl"],"max_hp_gain":0,"max_hp_loss":0,"event_name":"Big Fish","floor":7,"gold_loss":0,"cards_obtained":["Regret"]}],"is_beta":false,"boss_relics":[],"items_purged_floors":[4,11],"is_endless":false,"potions_floor_spawned":[8,10,13,14],"killed_by":"Hexaghost","ascension_level":20}}