{"host":"rp3jcgpl3wimy2es","time":1612940723,"event":{"mods":["BaseMod","Colored Map","Downfall","Minty Spire (QoL Compilation)","StSLib"],"gold_per_floor":[99,111,111,111,21,21,46,63,78,97,111,111,111,111,111],"floor_reached":13,"language":"ENG","playtime":2294,"items_purged":["Guardian:Defend_Guardian"],"score":75,"play_id":"458368ea-b809-483e-9a1c-154d50127e3e","local_time":"20210209230523","is_ascension_mode":false,"campfire_choices":[{"floor":1,"key":"RECALL"},{"data":"Guardian:ShieldCharger","floor":6,"key":"SMITH"}],"circlet_count":0,"master_deck":["Guardian:Strike_Guardian","Guardian:Strike_Guardian","Guardian:Strike_Guardian","Guardian:Defend_Guardian","Guardian:Defend_Guardian","Guardian:Defend_Guardian","Guardian:CurlUp","Guardian:TwinSlam","Guardian:Gem_Red","Guardian:Gem_Cyan","Guardian:Gem_Blue","Guardian:Gem_Cyan","Guardian:Gem_Orange","Guardian:Gem_Crimson","Guardian:ShieldCharger+1","Guardian:Reroute","Guardian:ChargeCore","Guardian:SentryBeam","Guardian:DonusPower"],"relics":["Guardian:ModeShifter","Guardian:PickAxe","Pantograph"],"acts_visited":["Exordium"],"potions_floor_usage":[],"damage_taken":[{"damage":15,"enemies":"Small Slimes","floor":2,"turns":5},{"damage":4,"enemies":"Small Slimes","floor":4,"turns":7},{"damage":5,"enemies":"downfall:FleeingMerchant","floor":5,"turns":4},{"damage":8,"enemies":"Jaw Worm","floor":8,"turns":5},{"damage":4,"enemies":"2 Louse","floor":9,"turns":3},{"damage":8,"enemies":"Exordium Thugs","floor":10,"turns":6},{"damage":5,"enemies":"Red Slaver","floor":11,"turns":4},{"damage":16,"enemies":"Gremlin Nob","floor":13,"turns":3}],"seed_played":"9013666581245554552","potions_obtained":[{"floor":8,"key":"DistilledChaos"},{"floor":10,"key":"SpeedPotion"}],"is_trial":false,"path_per_floor":["R","M","?","?","$","R","T","M","M","M","M","T","E"],"character_chosen":"GUARDIAN","items_purchased":[],"campfire_rested":0,"item_purchase_floors":[],"current_hp_per_floor":[88,73,73,45,40,40,40,32,28,20,15,15,0,0,0],"gold":111,"neow_bonus":"TEN_PERCENT_HP_BONUS","is_daily":false,"chose_seed":false,"campfire_upgraded":1,"win_rate":0.0,"timestamp":1612940723,"path_taken":["R","M","?","?","?","R","T","M","M","M","M","?","E"],"items_purchased_type":[],"build_version":"2020-12-22","purchased_purges":1,"victory":false,"max_hp_per_floor":[88,88,88,88,88,88,88,88,88,88,88,88,88,88,88],"card_choices":[{"not_picked":["Guardian:PrismaticBarrier","Guardian:Gem_Lightblue"],"picked":"Guardian:Gem_Red","floor":2},{"not_picked":["Guardian:GuardianWhirl","Guardian:Gem_Cyan"],"picked":"Guardian:ShieldCharger","floor":5},{"not_picked":["Guardian:VentSteam","Guardian:GuardianWhirl"],"picked":"Guardian:Reroute","floor":8},{"not_picked":["Guardian:VentSteam","Guardian:Clone"],"picked":"Guardian:ChargeCore","floor":9},{"not_picked":["Guardian:Gem_Cyan","Guardian:Gem_Red"],"picked":"Guardian:SentryBeam","floor":10},{"not_picked":["Guardian:VentSteam","Guardian:Gem_Lightblue"],"picked":"Guardian:DonusPower","floor":11}],"player_experience":157515,"relics_obtained":[{"floor":12,"key":"Pantograph"}],"event_choices":[{"cards_removed":["Guardian:Strike_Guardian"],"damage_healed":0,"gold_gain":0,"player_choice":"Card Removal","damage_taken":0,"max_hp_gain":0,"max_hp_loss":0,"event_name":"The Cleric","floor":3,"gold_loss":0}],"is_beta":false,"boss_relics":[],"items_purged_floors":[5],"is_endless":false,"potions_floor_spawned":[4,8,10],"killed_by":"Gremlin Nob","ascension_level":0}}