{"host":"Qube","time":1612930230,"event":{"mods":["AchievementEnabler","BaseMod","Colored Map","Colored Powertips","Highlight Path","Minty Spire (QoL Compilation)","Permanent Neow","Quick Restart","Random Character Button","StSLib"],"gold_per_floor":[366,382,36,46,46,63,63,83,83,83,95,95,95,111,111,182,182,192,192,192,192,192,192,192,192],"floor_reached":24,"language":"ENG","playtime":997,"items_purged":["Normality"],"score":476,"play_id":"6f90efde-dd43-4495-ae38-960d28eb8620","local_time":"20210209201030","is_ascension_mode":true,"campfire_choices":[{"data":"Eruption","floor":7,"key":"SMITH"},{"data":"WheelKick","floor":13,"key":"SMITH"},{"floor":15,"key":"REST"},{"data":"RitualDagger","floor":23,"key":"SMITH"}],"circlet_count":0,"master_deck":["AscendersBane","Strike_P+1","Strike_P+1","Strike_P+1","Strike_P+1","Defend_P+1","Defend_P+1","Defend_P+1","Defend_P+1","Eruption+1","Vigilance","Prostrate","BowlingBash","CutThroughFate","WheelKick+1","Eruption","InnerPeace","Indignation","ClearTheMind","Conclude","DevaForm","Protect","Wallop","RitualDagger+1"],"relics":["PureWater","White Beast Statue","Smiling Mask","Philosopher\u0027s Stone","Bottled Lightning"],"acts_visited":["Exordium","TheCity"],"potions_floor_usage":[11,12,12,12,16,18,18,24],"damage_taken":[{"damage":6.0,"enemies":"2 Louse","floor":1.0,"turns":5.0},{"damage":13.0,"enemies":"Cultist","floor":2.0,"turns":6.0},{"damage":10,"enemies":"Jaw Worm","floor":4,"turns":6},{"damage":0,"enemies":"Large Slime","floor":6,"turns":2},{"damage":0,"enemies":"Looter","floor":8,"turns":2},{"damage":0,"enemies":"Lots of Slimes","floor":11,"turns":2},{"damage":0,"enemies":"Exordium Wildlife","floor":12,"turns":1},{"damage":4,"enemies":"Red Slaver","floor":14,"turns":2},{"damage":0,"enemies":"Slime Boss","floor":16,"turns":4},{"damage":11,"enemies":"Chosen","floor":18,"turns":5},{"damage":48,"enemies":"Book of Stabbing","floor":24,"turns":4}],"seed_played":"7440345991746701667","potions_obtained":[{"floor":1.0,"key":"BottledMiracle"},{"floor":4,"key":"Explosive Potion"},{"floor":6,"key":"EntropicBrew"},{"floor":11,"key":"Energy Potion"},{"floor":14,"key":"PowerPotion"},{"floor":16,"key":"Explosive Potion"},{"floor":18,"key":"Swift Potion"}],"is_trial":false,"path_per_floor":["M","M","$","M","?","M","R","M","T","?","M","M","R","M","R","B",null,"M","?","?","?","T","R","E"],"character_chosen":"WATCHER","items_purchased":["White Beast Statue"],"campfire_rested":1,"item_purchase_floors":[3],"current_hp_per_floor":[55,42,42,32,32,32,32,32,32,28,28,28,28,24,44,44,62,51,51,51,45,45,45,0,0],"gold":192,"neow_bonus":"TWO_FIFTY_GOLD","is_daily":false,"chose_seed":false,"campfire_upgraded":3,"win_rate":0.0,"timestamp":1612930230,"path_taken":["M","M","$","M","?","M","R","?","T","?","M","M","R","M","R","BOSS","M","?","?","?","?","R","E"],"items_purchased_type":["Relic"],"build_version":"2020-12-18","purchased_purges":1,"victory":false,"max_hp_per_floor":[68,68,68,68,68,68,68,68,68,68,68,68,68,68,68,68,68,68,68,68,68,68,68,68,68],"card_choices":[{"not_picked":["Pray","PathToVictory"],"picked":"Prostrate","floor":1.0},{"not_picked":["Fasting2","Evaluate"],"picked":"BowlingBash","floor":2.0},{"not_picked":["Collect","EmptyBody"],"picked":"CutThroughFate","floor":4},{"not_picked":["Indignation","EmptyMind"],"picked":"InnerPeace","floor":6},{"not_picked":["SignatureMove","PathToVictory"],"picked":"Indignation","floor":8},{"not_picked":["Evaluate","Crescendo"],"picked":"ClearTheMind","floor":11},{"not_picked":["JustLucky","SashWhip"],"picked":"Conclude","floor":14},{"not_picked":["Judgement","Omniscience"],"picked":"DevaForm","floor":16},{"not_picked":["FollowUp","Weave"],"picked":"Protect","floor":18}],"player_experience":1124285,"relics_obtained":[{"floor":9,"key":"Smiling Mask"},{"floor":22,"key":"Bottled Lightning"}],"event_choices":[{"damage_healed":0,"gold_gain":0,"player_choice":"2 cards matched","damage_taken":0,"max_hp_gain":0,"max_hp_loss":0,"event_name":"Match and Keep!","floor":5,"gold_loss":0,"cards_obtained":["WheelKick","Eruption"]},{"damage_healed":0,"gold_gain":0,"player_choice":"Bought 0 Potions","damage_taken":0,"max_hp_gain":0,"max_hp_loss":0,"event_name":"The Woman in Blue","floor":10,"gold_loss":0},{"damage_healed":0,"gold_gain":0,"player_choice":"Read","damage_taken":0,"max_hp_gain":0,"max_hp_loss":0,"event_name":"The Library","floor":19,"gold_loss":0,"cards_obtained":["Wallop"]},{"damage_healed":0,"gold_gain":0,"player_choice":"Simplicity","damage_taken":0,"max_hp_gain":0,"max_hp_loss":0,"event_name":"Back to Basics","floor":20,"gold_loss":0,"cards_upgraded":["Strike_P","Strike_P","Strike_P","Strike_P","Defend_P","Defend_P","Defend_P","Defend_P"]},{"damage_healed":0,"gold_gain":0,"player_choice":"Joined the Cult","damage_taken":6,"max_hp_gain":0,"max_hp_loss":0,"event_name":"Nest","floor":21,"gold_loss":0,"cards_obtained":["RitualDagger"]}],"is_beta":true,"boss_relics":[{"not_picked":["Cursed Key","Velvet Choker"],"picked":"Philosopher\u0027s Stone"}],"items_purged_floors":[3],"is_endless":false,"potions_floor_spawned":[1,4,6,8,11,12,14,16,18],"killed_by":"Book of Stabbing","ascension_level":20}}