{"host":"1avr1135to2copjv","time":1612978173,"event":{"mods":["BaseMod","Colored Map","Colored Powertips","Downfall","Minty Spire (QoL Compilation)","Relic Stats","StSLib"],"gold_per_floor":[109,127,145,161,86,86,86,86],"floor_reached":7,"language":"ENG","playtime":342,"items_purged":[],"score":84,"play_id":"3f426d48-034f-4339-bab8-bf7a1f37e6b4","local_time":"20210210202933","is_ascension_mode":true,"campfire_choices":[{"data":"Neutralize","floor":6,"key":"SMITH"}],"circlet_count":0,"master_deck":["AscendersBane","Strike_G","Strike_G","Strike_G","Strike_G","Defend_G","Defend_G","Defend_G","Defend_G","Defend_G","Survivor","Neutralize+1","Riddle With Holes","Dagger Throw","Calculated Gamble","Cloak And Dagger"],"relics":["Cursed Key"],"acts_visited":["Exordium"],"potions_floor_usage":[4],"damage_taken":[{"damage":0,"enemies":"Cultist","floor":1,"turns":4},{"damage":0,"enemies":"2 Louse","floor":2,"turns":2},{"damage":0,"enemies":"Jaw Worm","floor":3,"turns":3},{"damage":19,"enemies":"Exordium Thugs","floor":4,"turns":6},{"damage":48,"enemies":"Lagavulin","floor":7,"turns":9}],"seed_played":"-3979608415352056915","potions_obtained":[{"floor":3,"key":"ColorlessPotion"},{"floor":4,"key":"sneckomod:MuddlingPotion"}],"is_trial":false,"path_per_floor":["M","M","M","M","?","R","E"],"character_chosen":"THE_SILENT","items_purchased":[],"campfire_rested":0,"item_purchase_floors":[],"current_hp_per_floor":[59,59,59,40,40,40,0,0],"gold":86,"neow_bonus":"BOSS_RELIC","is_daily":false,"chose_seed":false,"campfire_upgraded":1,"win_rate":0.0,"timestamp":1612978173,"path_taken":["M","M","?","M","?","R","E"],"items_purchased_type":[],"build_version":"2020-12-22","purchased_purges":0,"victory":false,"max_hp_per_floor":[66,66,66,66,66,66,66,66],"relic_stats":{"counters":[5,24],"Cursed Key":0,"obtain_stats":[{"Cursed Key":0,"Ring of the Snake":0},{"Cursed Key":0,"Ring of the Snake":0},{"Cursed Key":0,"Ring of the Snake":0}]},"card_choices":[{"not_picked":["Deflect","Terror"],"picked":"Riddle With Holes","floor":1},{"not_picked":["Outmaneuver","Setup"],"picked":"Dagger Throw","floor":2},{"not_picked":["Dagger Spray","Flying Knee"],"picked":"Calculated Gamble","floor":3},{"not_picked":["Poisoned Stab","Prepared"],"picked":"Cloak And Dagger","floor":4}],"player_experience":1081647,"relics_obtained":[],"event_choices":[{"cards_removed":["Strike_G"],"damage_healed":0,"gold_gain":0,"player_choice":"Card Removal","damage_taken":0,"max_hp_gain":0,"max_hp_loss":0,"event_name":"The Cleric","floor":5,"gold_loss":75}],"is_beta":false,"boss_relics":[],"items_purged_floors":[],"is_endless":false,"potions_floor_spawned":[3,4],"killed_by":"Lagavulin","ascension_level":19}}