{"host":"vyjryxuuuxkt43k4","time":1612970986,"event":{"mods":["AchievementEnabler","BaseMod","Colored Map","DeckTracker","Keyboard Shortcuts","Minty Spire (QoL Compilation)","Permanent Neow","Quick Restart","StSLib","SuperFastMode","everything is the same but u backflip on backflip"],"gold_per_floor":[110,110,7,22,32,32,61,61,61,78,78,78,110,121,121,200,200,211,211,188,2,20,20,34,61,61,61,74,106,119,8,8,85,85,100,119,119,133,133,133],"floor_reached":39,"language":"KOR","playtime":2032,"items_purged":["Strike_B"],"score":920,"play_id":"53834f40-6170-4e82-9b3f-aabcd89a9b04","local_time":"20210211002946","is_ascension_mode":true,"campfire_choices":[{"data":"Zap","floor":6,"key":"SMITH"},{"data":"Defragment","floor":8,"key":"SMITH"},{"floor":11,"key":"REST"},{"data":"Dualcast","floor":15,"key":"SMITH"},{"data":"Coolheaded","floor":23,"key":"SMITH"},{"data":"Creative AI","floor":27,"key":"SMITH"},{"data":"Turbo","floor":32,"key":"SMITH"}],"circlet_count":0,"master_deck":["AscendersBane","Strike_B","Strike_B","Defend_B","Defend_B","Defend_B","Defend_B","Zap+1","Dualcast+1","Defragment+1","Genetic Algorithm","Sweeping Beam","Steam","Tempest","Cold Snap","BootSequence","Sunder","Cold Snap","Core Surge","Compile Driver+1","Conserve Battery","Coolheaded+1","Leap+1","Beam Cell+1","Creative AI+1","Chill","Electrodynamics","Self Repair","Turbo+1","Meteor Strike","Ball Lightning","Double Energy","Blizzard"],"relics":["FrozenCore","Bag of Preparation","Meat on the Bone","HornCleat","Ginger","Mercury Hourglass","Bottled Tornado","Akabeko","Cursed Key"],"acts_visited":["Exordium","TheCity","TheBeyond"],"potions_floor_usage":[10,10,13,16,20,22,25,29,29,33,33,37],"damage_taken":[{"damage":4,"enemies":"Jaw Worm","floor":1,"turns":3},{"damage":8,"enemies":"2 Louse","floor":4,"turns":3},{"damage":0,"enemies":"Cultist","floor":5,"turns":4},{"damage":42,"enemies":"Lagavulin","floor":7,"turns":6},{"damage":12,"enemies":"Gremlin Gang","floor":10,"turns":3},{"damage":14,"enemies":"Gremlin Nob","floor":13,"turns":4},{"damage":0,"enemies":"3 Louse","floor":14,"turns":3},{"damage":33,"enemies":"Hexaghost","floor":16,"turns":13},{"damage":2,"enemies":"3 Byrds","floor":18,"turns":5},{"damage":0,"enemies":"2 Thieves","floor":20,"turns":4},{"damage":3,"enemies":"Centurion and Healer","floor":22,"turns":11},{"damage":7,"enemies":"Snake Plant","floor":24,"turns":7},{"damage":14,"enemies":"Slavers","floor":25,"turns":7},{"damage":23,"enemies":"Sentry and Sphere","floor":28,"turns":5},{"damage":0,"enemies":"Book of Stabbing","floor":29,"turns":7},{"damage":0,"enemies":"Centurion and Healer","floor":30,"turns":6},{"damage":14,"enemies":"Champ","floor":33,"turns":8},{"damage":0,"enemies":"Orb Walker","floor":35,"turns":5},{"damage":18,"enemies":"3 Darklings","floor":36,"turns":6},{"damage":0,"enemies":"Jaw Worm Horde","floor":37,"turns":2},{"damage":61,"enemies":"Transient","floor":38,"turns":6},{"damage":27,"enemies":"Writhing Mass","floor":39,"turns":5}],"seed_played":"-7561709435191442295","potions_obtained":[{"floor":4,"key":"EntropicBrew"},{"floor":13,"key":"Regen Potion"},{"floor":19,"key":"BlessingOfTheForge"},{"floor":19,"key":"Block Potion"},{"floor":25,"key":"Weak Potion"},{"floor":28,"key":"LiquidBronze"},{"floor":29,"key":"Ancient Potion"},{"floor":35,"key":"SmokeBomb"}],"is_trial":false,"path_per_floor":["M","?","$","M","M","R","E","R","T","M","R","?","E","M","R","B",null,"M","?","M","$","M","R","M","E","T","R","M","E","M","$","R","B",null,"M","M","M","M","M"],"character_chosen":"DEFECT","items_purchased":["Genetic Algorithm","Sweeping Beam","Coolheaded","SkillPotion","Turbo","FocusPotion"],"campfire_rested":1,"item_purchase_floors":[3,3,21,21,31,31],"current_hp_per_floor":[60,65,65,57,57,57,15,15,15,15,37,37,35,47,47,40,67,65,65,65,65,62,62,55,41,41,41,30,42,42,42,42,47,69,76,65,65,23,0,0],"gold":133,"neow_bonus":"RANDOM_COMMON_RELIC","is_daily":false,"chose_seed":false,"campfire_upgraded":6,"win_rate":0.0,"timestamp":1612970986,"path_taken":["M","?","$","M","M","R","E","R","T","M","R","?","E","M","R","BOSS","M","?","?","$","M","R","M","E","T","R","M","E","M","$","R","BOSS","M","M","M","?","M"],"items_purchased_type":["Card","Card","Card","Potion","Card","Potion"],"build_version":"2020-12-22","purchased_purges":1,"victory":false,"max_hp_per_floor":[71,76,76,76,76,76,76,76,76,76,76,76,76,76,76,76,76,76,76,76,76,76,76,76,76,76,76,76,76,76,76,76,76,76,76,76,76,76,76,76],"card_choices":[{"not_picked":["Turbo","Hologram"],"picked":"Defragment","floor":1},{"not_picked":["Loop","Beam Cell"],"picked":"Steam","floor":4},{"not_picked":["Turbo","Leap"],"picked":"Tempest","floor":5},{"not_picked":["Turbo","Sweeping Beam"],"picked":"Cold Snap","floor":7},{"not_picked":["Conserve Battery","Reboot"],"picked":"BootSequence","floor":10},{"not_picked":["Leap","Genetic Algorithm"],"picked":"Sunder","floor":13},{"not_picked":["Steam","Redo"],"picked":"Cold Snap","floor":14},{"not_picked":["Machine Learning","Thunder Strike"],"picked":"Core Surge","floor":16},{"not_picked":["Hello World","Steam"],"picked":"Compile Driver+1","floor":18},{"not_picked":["Barrage","Auto Shields"],"picked":"Conserve Battery","floor":20},{"not_picked":["Tempest","Steam"],"picked":"Leap+1","floor":22},{"not_picked":["FTL","Redo"],"picked":"Beam Cell+1","floor":24},{"not_picked":["Tempest","Melter"],"picked":"Creative AI","floor":25},{"not_picked":["Redo+1","Conserve Battery"],"picked":"Chill","floor":28},{"not_picked":["Redo","Leap"],"picked":"Electrodynamics","floor":29},{"not_picked":["Ball Lightning","Stack"],"picked":"Self Repair","floor":30},{"not_picked":["Rainbow","Creative AI"],"picked":"Meteor Strike","floor":33},{"not_picked":["Gash","Beam Cell"],"picked":"Ball Lightning","floor":35},{"not_picked":["Consume","Go for the Eyes"],"picked":"Double Energy","floor":36},{"not_picked":["Blizzard","Leap","Compile Driver"],"picked":"SKIP","floor":38},{"not_picked":["Leap","Compile Driver"],"picked":"Blizzard","floor":38}],"player_experience":907960,"relics_obtained":[{"floor":7,"key":"Meat on the Bone"},{"floor":9,"key":"HornCleat"},{"floor":13,"key":"Ginger"},{"floor":25,"key":"Mercury Hourglass"},{"floor":26,"key":"Bottled Tornado"},{"floor":29,"key":"Akabeko"}],"event_choices":[{"damage_healed":0,"gold_gain":0,"player_choice":"Donut","damage_taken":0,"max_hp_gain":5,"max_hp_loss":0,"event_name":"Big Fish","floor":2,"gold_loss":0},{"cards_removed":["Strike_B"],"damage_healed":0,"gold_gain":0,"player_choice":"Offered Basic","damage_taken":0,"max_hp_gain":0,"max_hp_loss":0,"event_name":"Bonfire Elementals","floor":12,"gold_loss":0},{"damage_healed":0,"gold_gain":0,"player_choice":"Got Potions","damage_taken":0,"max_hp_gain":0,"max_hp_loss":0,"event_name":"Lab","floor":19,"gold_loss":0}],"is_beta":false,"boss_relics":[{"not_picked":["Snecko Eye","Runic Dome"],"picked":"FrozenCore"},{"not_picked":["Tiny House","Sozu"],"picked":"Cursed Key"}],"items_purged_floors":[21],"is_endless":false,"potions_floor_spawned":[4,13,25,28,29,35],"killed_by":"Writhing Mass","ascension_level":20}}