{"host":"lktusdb9orijgc6z","time":1612978661,"event":{"mods":["BaseMod","Bestiary","Colored Map","Colored Powertips","Filter the Spire","Minty Spire (QoL Compilation)","Permanent Neow","Quick Restart","Relic Stats","StSLib","everything is the same but u backflip on backflip","slay the spire mod where everything is the same but ironclad has a cowboy hat"],"gold_per_floor":[113,113,133,133,3,38,38,81,81,81,81,81,81],"floor_reached":12,"language":"ENG","playtime":238,"items_purged":[],"score":168,"play_id":"709514a0-a17f-4bd2-b47b-ebd334a09eb8","local_time":"20210210183741","is_ascension_mode":true,"campfire_choices":[{"data":"Genetic Algorithm","floor":7.0,"key":"SMITH"}],"circlet_count":0,"master_deck":["AscendersBane","Zap","Dualcast+1","Gash+1","Genetic Algorithm+1","Hologram","Sweeping Beam","Leap+1","Genetic Algorithm"],"relics":["Pandora\u0027s Box","Golden Idol","Bottled Flame","Turnip","Question Card"],"acts_visited":["Exordium"],"potions_floor_usage":[8,8],"damage_taken":[{"damage":10.0,"enemies":"Small Slimes","floor":1.0,"turns":4.0},{"damage":6.0,"enemies":"Cultist","floor":3.0,"turns":3.0},{"damage":20.0,"enemies":"Lagavulin","floor":6.0,"turns":5.0},{"damage":5,"enemies":"Gremlin Nob","floor":8,"turns":3},{"damage":13,"enemies":"3 Sentries","floor":12,"turns":2}],"seed_played":"-3777645250840950732","potions_obtained":[{"floor":3.0,"key":"Swift Potion"}],"is_trial":false,"path_per_floor":["M","?","M","?","$","E","R","E","T","?","?","E"],"character_chosen":"DEFECT","items_purchased":["Hologram","Sweeping Beam","FearPotion"],"campfire_rested":0,"item_purchase_floors":[5,5,5],"current_hp_per_floor":[54,54,48,48,48,28,28,23,23,4,4,0,0],"gold":81,"neow_bonus":"BOSS_RELIC","is_daily":false,"chose_seed":false,"campfire_upgraded":1,"win_rate":0.0,"timestamp":1612978661,"path_taken":["M","?","?","?","$","E","R","E","T","?","?","E"],"items_purchased_type":["Card","Card","Potion"],"build_version":"2020-12-22","purchased_purges":0,"victory":false,"max_hp_per_floor":[71,71,71,64,64,64,64,64,64,64,64,64,64],"relic_stats":{"counters":[5,17],"Golden Idol":16,"Pandora\u0027s Box":["White Noise","Streamline","Scrape","Hello World","Static Discharge","Fusion","Aggregate","BootSequence"],"Turnip":[0],"Question Card":0,"obtain_stats":[{"Bottled Flame":6,"Golden Idol":4,"Pandora\u0027s Box":0,"Turnip":8,"Cracked Core":0,"Question Card":9},{"Bottled Flame":3,"Golden Idol":2,"Pandora\u0027s Box":0,"Turnip":4,"Cracked Core":0,"Question Card":4},{"Bottled Flame":12,"Golden Idol":7,"Pandora\u0027s Box":0,"Turnip":15,"Cracked Core":0,"Question Card":15}]},"card_choices":[{"not_picked":["Sweeping Beam","Redo"],"picked":"Gash","floor":1.0},{"not_picked":["Beam Cell","Leap"],"picked":"Genetic Algorithm","floor":3.0},{"not_picked":["Creative AI","Rebound"],"picked":"Leap","floor":6.0},{"not_picked":["Compile Driver","Storm"],"picked":"Genetic Algorithm","floor":8}],"player_experience":783249,"relics_obtained":[{"floor":6.0,"key":"Bottled Flame"},{"floor":8,"key":"Turnip"},{"floor":9,"key":"Question Card"}],"event_choices":[{"damage_healed":0.0,"max_hp_gain":0.0,"max_hp_loss":0.0,"gold_gain":0.0,"event_name":"Accursed Blacksmith","player_choice":"Forge","floor":2.0,"gold_loss":0.0,"damage_taken":0.0,"cards_upgraded":["Gash"]},{"damage_healed":0.0,"max_hp_gain":0.0,"max_hp_loss":7.0,"gold_gain":0.0,"event_name":"Golden Idol","player_choice":"Lose Max HP","floor":4.0,"gold_loss":0.0,"damage_taken":0.0,"relics_obtained":["Golden Idol"]},{"damage_healed":0,"gold_gain":0,"player_choice":"Entered Light","damage_taken":19,"max_hp_gain":0,"max_hp_loss":0,"event_name":"Shining Light","floor":10,"gold_loss":0,"cards_upgraded":["Dualcast","Leap"]},{"damage_healed":0,"gold_gain":0,"player_choice":"Searched \u00270\u0027 times","damage_taken":0,"max_hp_gain":0,"max_hp_loss":0,"event_name":"Dead Adventurer","floor":11,"gold_loss":0}],"is_beta":false,"boss_relics":[],"items_purged_floors":[],"is_endless":false,"potions_floor_spawned":[3],"killed_by":"3 Sentries","ascension_level":20}}