{"host":"m9osufisr3agwk96","time":1612941589,"event":{"mods":["AchievementEnabler","Aspiration","BaseMod","Colored Map","Colored Powertips","Downfall","Friendly Minions","Hermit","Highlight Path","Hubris","Minty Spire (QoL Compilation)","Rare Cards Sparkle","Reliquary","Replay The Spire","Shop Mod","StSLib"],"gold_per_floor":[117,117,117,117,45,45,59,72,151,226,236,316,316,336,336,432,432,445,71,71,85,11,46,46,65,65,65,65,65,65,79,79,178,178,191,209,209,209],"floor_reached":37,"language":"ENG","playtime":1188,"items_purged":["Delirium"],"score":377,"play_id":"e6812c31-656f-4c6b-8b14-6e9cd115fbac","local_time":"20210209231949","is_ascension_mode":false,"campfire_choices":[{"data":"hermit:Determination","floor":6,"key":"SMITH"},{"data":"hermit:Magnum","floor":13,"key":"SMITH"},{"data":"hermit:FatalDesire","floor":15,"key":"SMITH"},{"floor":24,"key":"REST"},{"floor":27,"key":"REST"},{"floor":32,"key":"REST"}],"circlet_count":0,"master_deck":["hermit:Strike_Hermit","hermit:Strike_Hermit+1","hermit:Strike_Hermit","hermit:Strike_Hermit+1","hermit:Defend_Hermit","hermit:Defend_Hermit","hermit:Defend_Hermit","hermit:Defend_Hermit","hermit:Snapshot","hermit:Covet+1","hermit:Grudge","hermit:Determination+1","hubris:NaturalOne","hermit:BigShot","hermit:PistolWhip","hermit:Coalescence","hermit:Magnum+1","hermit:FatalDesire+1","hermit:FinalCanter","hermit:Combo","hermit:Shortfuse","hermit:Showdown","hermit:Horror+1","hermit:Malice+1","hermit:OverwhelmingPower","hermit:Maintenance","hermit:Deadeye+1"],"relics":["hermit:ClaspedLocket","aspiration:Nostalgia","Burning Blood","hubris:Towel","hubris:Icosahedron","Mercury Hourglass","Whetstone","Philosopher\u0027s Stone","hermit:CharredGlove","ReplayTheSpireMod:Lightbulb","Ice Cream"],"acts_visited":["Exordium","TheCity","TheBeyond"],"potions_floor_usage":[8,11,16,16,16,18,21,23,25,36,36,37],"damage_taken":[{"damage":1,"enemies":"Cultist","floor":1,"turns":4},{"damage":2,"enemies":"Small Slimes","floor":7,"turns":4},{"damage":6,"enemies":"Jaw Worm","floor":8,"turns":2},{"damage":0,"enemies":"3 Louse","floor":11,"turns":1},{"damage":0,"enemies":"2 Fungi Beasts","floor":14,"turns":2},{"damage":49,"enemies":"Hexaghost","floor":16,"turns":6},{"damage":8,"enemies":"Chosen","floor":18,"turns":3},{"damage":28,"enemies":"2 Thieves","floor":21,"turns":3},{"damage":37,"enemies":"Slavers","floor":23,"turns":3},{"damage":21,"enemies":"Snake Plant","floor":25,"turns":3},{"damage":10,"enemies":"3 Cultists","floor":31,"turns":4},{"damage":53,"enemies":"Automaton","floor":33,"turns":8},{"damage":26,"enemies":"3 Darklings","floor":35,"turns":5},{"damage":37,"enemies":"3 Shapes","floor":36,"turns":3},{"damage":35,"enemies":"Transient","floor":37,"turns":4}],"seed_played":"-5618516181970215450","potions_obtained":[{"floor":7,"key":"champ:CounterPotion"},{"floor":8,"key":"hexamod:SoulburnPotion"},{"floor":10,"key":"Reflective Coating"},{"floor":10,"key":"Adrenaline Potion"},{"floor":14,"key":"EntropicBrew"},{"floor":23,"key":"hexamod:SoulburnPotion"},{"floor":33,"key":"Dexterity Potion"},{"floor":36,"key":"Adrenaline Potion"}],"is_trial":false,"path_per_floor":["M","?","?","?","$","R","M","M","T","?","M","?","R","M","R","B",null,"M","$","?","M","$","E","R","M","T","R","?","?","?","M","R","B",null,"M","M","M"],"character_chosen":"HERMIT","items_purchased":["hermit:Determination","hermit:CharredGlove","Toxic Potion"],"campfire_rested":3,"item_purchase_floors":[5,19,22],"current_hp_per_floor":[75,75,75,75,75,75,75,75,75,75,75,75,75,75,75,32,75,73,73,73,51,51,20,42,27,27,49,49,49,49,45,67,20,75,55,24,0,0],"gold":209,"neow_bonus":"NOSTALGIA","is_daily":false,"chose_seed":false,"campfire_upgraded":3,"win_rate":0.0,"timestamp":1612941589,"path_taken":["M","?","?","?","$","R","M","M","T","?","M","?","R","M","R","BOSS","M","$","?","M","$","E","R","M","T","R","?","?","?","M","R","BOSS","M","?","?"],"items_purchased_type":["Card","Relic","Potion"],"build_version":"2020-12-22","purchased_purges":1,"victory":false,"max_hp_per_floor":[75,75,75,75,75,75,75,75,75,75,75,75,75,75,75,75,75,75,75,75,75,75,75,75,75,75,75,75,75,75,75,75,75,75,75,75,75,75],"card_choices":[{"not_picked":["hermit:Ricochet","hermit:Deadeye"],"picked":"hermit:Grudge","floor":1},{"not_picked":["hermit:LowProfile","hermit:Coalescence"],"picked":"hermit:BigShot","floor":7},{"not_picked":["hermit:Cheat","hermit:Malice"],"picked":"hermit:PistolWhip","floor":8},{"not_picked":["hermit:HoleUp","hermit:LowProfile"],"picked":"hermit:Coalescence","floor":10},{"not_picked":["hermit:Misfire","hermit:FullyLoaded"],"picked":"hermit:Magnum","floor":11},{"not_picked":["hermit:ItchyTrigger","hermit:Quickdraw"],"picked":"hermit:FatalDesire","floor":14},{"not_picked":["hermit:OverwhelmingPower","hermit:FatalDesire"],"picked":"hermit:FinalCanter","floor":16},{"not_picked":["hermit:ItchyTrigger","hermit:HoleUp"],"picked":"hermit:Combo","floor":18},{"not_picked":["hermit:FlashPowder","hermit:ItchyTrigger+1"],"picked":"hermit:Shortfuse","floor":21},{"not_picked":["hermit:TakeAim","hermit:LuckOfTheDraw"],"picked":"hermit:Showdown","floor":23},{"not_picked":["hermit:Vantage","hermit:Headshot+1"],"picked":"hermit:Horror+1","floor":25},{"not_picked":["hermit:Misfire","hermit:LowProfile"],"picked":"hermit:Malice+1","floor":31},{"not_picked":["hermit:Purgatory","hermit:FatalDesire"],"picked":"hermit:OverwhelmingPower","floor":33},{"not_picked":["hermit:Misfire","hermit:WideOpen"],"picked":"hermit:Maintenance","floor":35},{"not_picked":["hermit:Snipe","hermit:GhostlyPresence"],"picked":"hermit:Deadeye+1","floor":36}],"player_experience":441888,"relics_obtained":[{"floor":9,"key":"Mercury Hourglass"},{"floor":10,"key":"Whetstone"},{"floor":23,"key":"ReplayTheSpireMod:Lightbulb"},{"floor":26,"key":"Ice Cream"}],"event_choices":[{"damage_healed":0,"gold_gain":0,"player_choice":"Ignored","damage_taken":0,"max_hp_gain":0,"max_hp_loss":0,"event_name":"NoteForYourself","floor":30,"gold_loss":0}],"is_beta":false,"boss_relics":[{"not_picked":["hermit:DentedPlate","Replay:Drink Me"],"picked":"Philosopher\u0027s Stone"},{"not_picked":["Fusion Hammer","reliquary:Ember"],"picked":"hermit:ClaspedLocket"}],"items_purged_floors":[19],"is_endless":false,"potions_floor_spawned":[7,8,14,16,23,33,36],"killed_by":"Transient","ascension_level":0}}