{"host":"pke0xxyzw0teju56","time":1612995696,"event":{"mods":["BaseMod","Bestiary","Colored Powertips","Highlight Path","Minty Spire (QoL Compilation)","Relic Stats","Slay the Relics Exporter","StSLib","ojb\u0027s Info Mod"],"gold_per_floor":[366,378,391,391,406,406,416,2,75,75,103,103,103,121,121,192,192,164,164,164,184,30,30,47,78,78,105,105,12,12,43,43,119,119,135,154,208,218,236,265,283,295,322,337,337,337,367,367,367,367,367],"floor_reached":50,"language":"ENG","playtime":3030,"items_purged":["Injury"],"score":1109,"play_id":"98233d39-14f4-453c-99b7-abea260b1e5c","local_time":"20210210172136","is_ascension_mode":true,"campfire_choices":[{"data":"Streamline","floor":6.0,"key":"SMITH"},{"data":"Zap","floor":10.0,"key":"SMITH"},{"data":"Self Repair","floor":13.0,"key":"SMITH"},{"data":"Go for the Eyes","floor":15.0,"key":"SMITH"},{"data":"Skewer","floor":23.0,"key":"SMITH"},{"floor":28,"key":"RECALL"},{"data":"Defragment","floor":32,"key":"SMITH"},{"floor":46,"key":"DIG"},{"floor":49,"key":"DIG"}],"circlet_count":0,"master_deck":["AscendersBane","Strike_B+1","Strike_B+1","Strike_B+1","Defend_B+1","Defend_B+1","Defend_B+1","Defend_B+1","Zap+1","Dualcast","Go for the Eyes+1","Cold Snap","Leap","Streamline+1","Auto Shields","Self Repair+1","Turbo","Shockwave+1","Undo+1","Rainbow+1","Skewer+1","Backflip+1","Glacier+1","Headbutt+1","Crippling Poison+1","Catalyst+1","Coolheaded+1","Defragment+1","Bouncing Flask+1","Machine Learning","Biased Cognition"],"relics":["Cracked Core","Anchor","PrismaticShard","Toxic Egg 2","Turnip","Snecko Eye","PreservedInsect","StrikeDummy","Ancient Tea Set","Bottled Tornado","Red Mask","Busted Crown","Shovel","Juzu Bracelet","Centennial Puzzle","Darkstone Periapt","Gremlin Horn"],"acts_visited":["Exordium","TheCity","TheBeyond"],"potions_floor_usage":[50,50],"damage_taken":[{"damage":4.0,"enemies":"Jaw Worm","floor":1.0,"turns":4.0},{"damage":0.0,"enemies":"2 Louse","floor":2.0,"turns":3.0},{"damage":2.0,"enemies":"Cultist","floor":3.0,"turns":3.0},{"damage":13.0,"enemies":"3 Louse","floor":5.0,"turns":5.0},{"damage":0.0,"enemies":"Looter","floor":7.0,"turns":2.0},{"damage":25.0,"enemies":"Lagavulin","floor":11.0,"turns":7.0},{"damage":0.0,"enemies":"Exordium Wildlife","floor":14.0,"turns":4.0},{"damage":40.0,"enemies":"The Guardian","floor":16.0,"turns":13.0},{"damage":7.0,"enemies":"2 Thieves","floor":18.0,"turns":4.0},{"damage":2.0,"enemies":"Shell Parasite","floor":21.0,"turns":8.0},{"damage":0.0,"enemies":"Snecko","floor":24.0,"turns":4.0},{"damage":4,"enemies":"Gremlin Leader","floor":25,"turns":7},{"damage":3,"enemies":"Book of Stabbing","floor":27,"turns":4},{"damage":13,"enemies":"Masked Bandits","floor":31,"turns":4},{"damage":22,"enemies":"Champ","floor":33,"turns":12},{"damage":6,"enemies":"3 Darklings","floor":35,"turns":4},{"damage":4,"enemies":"3 Shapes","floor":36,"turns":4},{"damage":34,"enemies":"2 Orb Walkers","floor":37,"turns":4},{"damage":0,"enemies":"3 Darklings","floor":38,"turns":4},{"damage":0,"enemies":"4 Shapes","floor":39,"turns":5},{"damage":3,"enemies":"Nemesis","floor":40,"turns":5},{"damage":4,"enemies":"Writhing Mass","floor":41,"turns":6},{"damage":0,"enemies":"Maw","floor":42,"turns":6},{"damage":18,"enemies":"Spire Growth","floor":44,"turns":5},{"damage":17,"enemies":"Reptomancer","floor":47,"turns":7},{"damage":52,"enemies":"Time Eater","floor":50,"turns":11}],"seed_played":"5846139953653265031","potions_obtained":[{"floor":3.0,"key":"BlessingOfTheForge"},{"floor":5.0,"key":"SkillPotion"},{"floor":11.0,"key":"DistilledChaos"},{"floor":12.0,"key":"FearPotion"},{"floor":12.0,"key":"SmokeBomb"},{"floor":14.0,"key":"DuplicationPotion"},{"floor":21.0,"key":"EssenceOfDarkness"}],"is_trial":false,"path_per_floor":["M","M","M","?","M","R","M","$","T","R","E","?","R","M","R","B",null,"M","?","?","M","$","R","M","E","T","E","R","$","T","?","R","B",null,"M","M","?","M","M","E","M","M","T","M","?","R","E","?","R","B"],"character_chosen":"DEFECT","items_purchased":["Self Repair","Anchor","PrismaticShard","Turbo","Glacier+1","Coolheaded+1","Defragment"],"campfire_rested":0,"item_purchase_floors":[8,8,8,8,22,29,29],"current_hp_per_floor":[60,60,58,63,50,50,50,50,50,50,32,32,32,42,42,12,60,63,63,63,71,71,71,76,76,76,73,73,73,73,70,70,58,72,76,76,52,62,72,69,75,76,76,58,58,58,51,51,51,0,0],"gold":367,"neow_bonus":"TWO_FIFTY_GOLD","is_daily":false,"chose_seed":false,"campfire_upgraded":6,"win_rate":0.0,"timestamp":1612995696,"path_taken":["M","M","M","?","M","R","M","$","T","R","E","?","R","?","R","BOSS","M","?","?","M","$","R","M","E","T","E","R","$","?","?","R","BOSS","M","M","?","M","M","E","M","M","T","M","?","R","E","?","R","BOSS"],"items_purchased_type":["Card","Relic","Relic","Card","Card","Card","Card"],"build_version":"2020-12-22","purchased_purges":1,"victory":false,"max_hp_per_floor":[71,71,71,76,76,76,76,76,76,76,76,76,76,76,76,76,76,76,76,76,76,76,76,76,76,76,76,76,76,76,76,76,76,76,76,76,76,76,76,76,76,76,76,76,76,76,76,76,76,76,76],"relic_stats":{"Darkstone Periapt":0,"Centennial Puzzle":[6],"Busted Crown":20,"Shovel":2,"Gremlin Horn":[0,0],"counters":[26,145],"Snecko Eye":[179,183,170,174],"Turnip":[16],"PreservedInsect":154,"Juzu Bracelet":1,"obtain_stats":[{"Darkstone Periapt":47,"Gremlin Horn":49,"PreservedInsect":25,"Juzu Bracelet":40,"Bottled Tornado":30,"PrismaticShard":8,"Ancient Tea Set":27,"Anchor":8,"Centennial Puzzle":46,"Busted Crown":34,"Shovel":37,"Snecko Eye":17,"Turnip":11,"Red Mask":31,"Toxic Egg 2":9,"Cracked Core":0,"StrikeDummy":26},{"Darkstone Periapt":25,"Gremlin Horn":25,"PreservedInsect":12,"Juzu Bracelet":21,"Bottled Tornado":13,"PrismaticShard":5,"Ancient Tea Set":13,"Anchor":5,"Centennial Puzzle":24,"Busted Crown":15,"Shovel":18,"Snecko Eye":8,"Turnip":6,"Red Mask":14,"Toxic Egg 2":5,"Cracked Core":0,"StrikeDummy":12},{"Darkstone Periapt":134,"Gremlin Horn":134,"PreservedInsect":64,"Juzu Bracelet":110,"Bottled Tornado":68,"PrismaticShard":17,"Ancient Tea Set":68,"Anchor":17,"Centennial Puzzle":127,"Busted Crown":84,"Shovel":96,"Snecko Eye":41,"Turnip":24,"Red Mask":72,"Toxic Egg 2":17,"Cracked Core":0,"StrikeDummy":64}]},"card_choices":[{"not_picked":["Rebound","Stack"],"picked":"Go for the Eyes","floor":1.0},{"not_picked":["Beam Cell","Heatsinks"],"picked":"Cold Snap","floor":2.0},{"not_picked":["Turbo","Chaos"],"picked":"Leap","floor":3.0},{"not_picked":["Barrage","Leap"],"picked":"Streamline","floor":5.0},{"not_picked":["Thunder Strike","Gash"],"picked":"Auto Shields","floor":7.0},{"not_picked":["Quick Slash","Bane"],"picked":"Shockwave+1","floor":11.0},{"not_picked":["EmptyFist","Infernal Blade+1"],"picked":"Undo+1","floor":14.0},{"not_picked":["Fiend Fire","All For One"],"picked":"Rainbow+1","floor":16.0},{"not_picked":["Clothesline","Poisoned Stab"],"picked":"Skewer","floor":18.0},{"not_picked":["Armaments+1","Dodge and Roll+1"],"picked":"Backflip+1","floor":21.0},{"not_picked":["Prostrate+1","Steam Power+1"],"picked":"Headbutt+1","floor":24.0},{"not_picked":["True Grit+1","Escape Plan+1"],"picked":"Crippling Poison+1","floor":25},{"not_picked":["Tactician+1","Backstab"],"picked":"Catalyst+1","floor":27},{"not_picked":["Slice","Sucker Punch"],"picked":"Bouncing Flask+1","floor":31},{"not_picked":["Limit Break+1","Bludgeon"],"picked":"Machine Learning","floor":33},{"not_picked":["Ball Lightning"],"picked":"SKIP","floor":35},{"not_picked":["Compile Driver"],"picked":"SKIP","floor":36},{"not_picked":["Warcry+1"],"picked":"SKIP","floor":38},{"not_picked":["Twin Strike+1"],"picked":"SKIP","floor":39},{"not_picked":["Twin Strike+1"],"picked":"SKIP","floor":39},{"not_picked":["WindmillStrike"],"picked":"SKIP","floor":40},{"not_picked":["Go for the Eyes"],"picked":"SKIP","floor":41},{"not_picked":["Pommel Strike"],"picked":"SKIP","floor":42},{"not_picked":["Wild Strike"],"picked":"SKIP","floor":44},{"not_picked":["CarveReality"],"picked":"SKIP","floor":47}],"player_experience":5324714,"relics_obtained":[{"floor":9.0,"key":"Toxic Egg 2"},{"floor":11.0,"key":"Turnip"},{"floor":25,"key":"PreservedInsect"},{"floor":26,"key":"StrikeDummy"},{"floor":27,"key":"Ancient Tea Set"},{"floor":30,"key":"Bottled Tornado"},{"floor":31,"key":"Red Mask"},{"floor":37,"key":"Shovel"},{"floor":40,"key":"Juzu Bracelet"},{"floor":46,"key":"Centennial Puzzle"},{"floor":47,"key":"Darkstone Periapt"},{"floor":49,"key":"Gremlin Horn"}],"event_choices":[{"damage_healed":0.0,"max_hp_gain":5.0,"max_hp_loss":0.0,"gold_gain":0.0,"event_name":"Big Fish","player_choice":"Donut","floor":4.0,"gold_loss":0.0,"damage_taken":0.0},{"damage_healed":0.0,"max_hp_gain":0.0,"max_hp_loss":0.0,"gold_gain":0.0,"event_name":"Lab","player_choice":"Got Potions","floor":12.0,"gold_loss":0.0,"damage_taken":0.0},{"damage_healed":0.0,"max_hp_gain":0.0,"max_hp_loss":0.0,"gold_gain":0.0,"event_name":"Back to Basics","player_choice":"Simplicity","floor":19.0,"gold_loss":0.0,"damage_taken":0.0,"cards_upgraded":["Strike_B","Strike_B","Strike_B","Strike_B","Defend_B","Defend_B","Defend_B","Defend_B"]},{"damage_healed":0.0,"max_hp_gain":0.0,"max_hp_loss":0.0,"gold_gain":0.0,"event_name":"Ghosts","player_choice":"Ignored","floor":20.0,"gold_loss":0.0,"damage_taken":0.0},{"damage_healed":0,"gold_gain":0,"player_choice":"Fought Bandits","damage_taken":0,"max_hp_gain":0,"max_hp_loss":0,"event_name":"Masked Bandits","floor":31,"gold_loss":0},{"damage_healed":0,"gold_gain":0,"player_choice":"Fight","damage_taken":0,"max_hp_gain":0,"max_hp_loss":0,"event_name":"Mysterious Sphere","floor":37,"gold_loss":0},{"damage_healed":0,"gold_gain":0,"player_choice":"1 cards matched","damage_taken":0,"max_hp_gain":0,"max_hp_loss":0,"event_name":"Match and Keep!","floor":45,"gold_loss":0,"cards_obtained":["Biased Cognition"]},{"cards_removed":["Strike_B"],"damage_healed":0,"gold_gain":0,"player_choice":"Removed Attack","damage_taken":0,"max_hp_gain":0,"max_hp_loss":0,"event_name":"Falling","floor":48,"gold_loss":0}],"is_beta":false,"boss_relics":[{"not_picked":["Cursed Key","SlaversCollar"],"picked":"Snecko Eye"},{"not_picked":["Black Star","Runic Pyramid"],"picked":"Busted Crown"}],"items_purged_floors":[22],"is_endless":false,"potions_floor_spawned":[3,5,11,14,21,25,31,33,36,39,40,44],"killed_by":"Time Eater","ascension_level":20}}