{"host":"c97twqu0op5dg8i4","time":1612925654,"event":{"mods":["AchievementEnabler","BaseMod","Colored Map","Minty Spire (QoL Compilation)","Permanent Neow"],"gold_per_floor":[117,117,132,132,132,132,142,173,198,198,75,87,120,133,133,235,235,235,235,160,160,160,160,160,160,160,160,160,160,60,60,60,60,60,60,60,0,0,0,0,0,0,0,0,0,0,0,0,0,0,0],"floor_reached":52,"language":"ENG","playtime":1788,"items_purged":["Strike_P","Strike_P"],"score":1062,"play_id":"94d51a04-abe1-4a8a-8b01-d364018579f3","local_time":"20210209215414","is_ascension_mode":true,"campfire_choices":[{"data":"Alpha","floor":6.0,"key":"SMITH"},{"floor":15.0,"key":"REST"},{"data":"MasterReality","floor":23.0,"key":"SMITH"},{"data":"Omniscience","floor":29.0,"key":"SMITH"},{"floor":32.0,"key":"REST"},{"floor":40,"key":"REST"},{"floor":44,"key":"REST"},{"floor":49,"key":"REST"},{"data":"Vigilance","floor":50,"key":"SMITH"}],"circlet_count":0,"master_deck":["Defend_P","Defend_P","Vigilance+1","Alpha+1","EmptyBody","Consecrate","MasterReality+1","Halt","Omniscience+1","EmptyMind","BattleHymn","Alpha","ThirdEye+1","Scrawl","Protect","Evaluate","ThirdEye+1"],"relics":["PureWater","White Beast Statue","FaceOfCleric","HornCleat","Bag of Preparation","Vajra","Bronze Scales","Ectoplasm","Shovel","TungstenRod","Empty Cage","Red Mask","MawBank","Art of War","Torii","Lizard Tail"],"acts_visited":["Exordium","TheCity","TheBeyond"],"potions_floor_usage":[51],"damage_taken":[{"damage":1.0,"enemies":"Cultist","floor":1.0,"turns":4.0},{"damage":15.0,"enemies":"Jaw Worm","floor":3.0,"turns":4.0},{"damage":0.0,"enemies":"2 Louse","floor":7.0,"turns":3.0},{"damage":15.0,"enemies":"3 Sentries","floor":8.0,"turns":5.0},{"damage":5.0,"enemies":"Lots of Slimes","floor":12.0,"turns":4.0},{"damage":20.0,"enemies":"Gremlin Nob","floor":13.0,"turns":4.0},{"damage":0.0,"enemies":"2 Fungi Beasts","floor":14.0,"turns":3.0},{"damage":7.0,"enemies":"Hexaghost","floor":16.0,"turns":6.0},{"damage":9.0,"enemies":"Shell Parasite","floor":18.0,"turns":4.0},{"damage":5.0,"enemies":"Chosen","floor":22.0,"turns":4.0},{"damage":0.0,"enemies":"3 Cultists","floor":24.0,"turns":3.0},{"damage":0.0,"enemies":"Centurion and Healer","floor":25.0,"turns":3.0},{"damage":12.0,"enemies":"Shelled Parasite and Fungi","floor":27.0,"turns":4.0},{"damage":23.0,"enemies":"Slavers","floor":31.0,"turns":3.0},{"damage":16.0,"enemies":"Collector","floor":33.0,"turns":4.0},{"damage":0.0,"enemies":"3 Darklings","floor":35.0,"turns":3.0},{"damage":1.0,"enemies":"Orb Walker","floor":36.0,"turns":3.0},{"damage":20.0,"enemies":"Sphere and 2 Shapes","floor":38.0,"turns":4.0},{"damage":11.0,"enemies":"Writhing Mass","floor":39.0,"turns":5.0},{"damage":50,"enemies":"Nemesis","floor":41,"turns":5},{"damage":0,"enemies":"Transient","floor":42,"turns":1},{"damage":0,"enemies":"Mind Bloom Boss Battle","floor":45,"turns":4},{"damage":0,"enemies":"2 Orb Walkers","floor":46,"turns":2},{"damage":0,"enemies":"4 Shapes","floor":48,"turns":3},{"damage":79,"enemies":"Awakened One","floor":51,"turns":10}],"seed_played":"5229820754756205629","potions_obtained":[{"floor":3.0,"key":"Regen Potion"},{"floor":7.0,"key":"SkillPotion"},{"floor":8.0,"key":"EssenceOfSteel"},{"floor":12.0,"key":"Weak Potion"},{"floor":16.0,"key":"PowerPotion"},{"floor":22.0,"key":"ColorlessPotion"},{"floor":24.0,"key":"Block Potion"},{"floor":27.0,"key":"Energy Potion"},{"floor":31.0,"key":"BlessingOfTheForge"},{"floor":33.0,"key":"Energy Potion"},{"floor":36.0,"key":"BlessingOfTheForge"},{"floor":38.0,"key":"Block Potion"},{"floor":39.0,"key":"BlessingOfTheForge"},{"floor":41,"key":"GamblersBrew"},{"floor":45,"key":"Fire Potion"},{"floor":46,"key":"Regen Potion"}],"is_trial":false,"path_per_floor":["M","T","M","?","?","R","M","E","T","?","$","M","E","M","R","B",null,"M","?","?","?","M","R","M","M","T","M","?","R","$","E","R","B",null,"M","M","?","M","M","R","E","M","T","R","?","?","?","M","R","R","B",null],"character_chosen":"WATCHER","items_purchased":["Halt"],"campfire_rested":5,"item_purchase_floors":[11],"current_hp_per_floor":[64,64,49,49,49,49,50,36,36,33,33,29,10,11,34,43,69,61,61,61,61,57,57,58,59,59,48,48,48,48,26,51,36,73,74,74,74,55,45,71,22,23,23,50,51,52,52,53,53,53,31],"gold":0,"neow_bonus":"ONE_RANDOM_RARE_CARD","is_daily":false,"chose_seed":false,"campfire_upgraded":4,"win_rate":0.0,"timestamp":1612925654,"path_taken":["M","?","?","?","?","R","?","E","T","?","$","M","E","M","R","BOSS","M","?","?","?","M","R","?","M","T","M","?","R","$","E","R","BOSS","M","M","?","M","M","R","E","M","T","R","?","?","?","M","R","R","BOSS"],"items_purchased_type":["Card"],"build_version":"2020-12-22","purchased_purges":2,"victory":true,"max_hp_per_floor":[72,72,72,72,72,72,73,74,74,74,74,75,76,77,77,78,78,79,79,79,79,80,80,81,82,82,83,83,83,83,84,84,85,85,86,87,87,88,89,89,90,91,91,91,92,93,93,94,94,94,95],"card_choices":[{"not_picked":["Halt","Worship"],"picked":"EmptyBody","floor":1.0},{"not_picked":["EmptyBody","JustLucky"],"picked":"Consecrate","floor":3.0},{"not_picked":["Study","SashWhip","EmptyFist"],"picked":"SKIP","floor":7.0},{"not_picked":["Adaptation","Vengeance"],"picked":"MasterReality","floor":8.0},{"not_picked":["FlyingSleeves","SignatureMove","BowlingBash"],"picked":"SKIP","floor":12.0},{"not_picked":["Omniscience","BattleHymn","BowlingBash"],"picked":"SKIP","floor":13.0},{"not_picked":["CutThroughFate","Nirvana","ClearTheMind"],"picked":"SKIP","floor":14.0},{"not_picked":["Ragnarok","ConjureBlade"],"picked":"Omniscience","floor":16.0},{"not_picked":["CutThroughFate","TalkToTheHand"],"picked":"EmptyMind","floor":18.0},{"not_picked":["Prostrate","Halt","Worship+1"],"picked":"SKIP","floor":22.0},{"not_picked":["PathToVictory","FlurryOfBlows","Nirvana+1"],"picked":"SKIP","floor":24.0},{"not_picked":["SashWhip+1","CrushJoints+1","Wireheading+1"],"picked":"SKIP","floor":25.0},{"not_picked":["SashWhip","FlyingSleeves+1","Devotion"],"picked":"SKIP","floor":27.0},{"not_picked":["SpiritShield","EmptyMind"],"picked":"ThirdEye+1","floor":31.0},{"not_picked":["Ragnarok","Alpha"],"picked":"Scrawl","floor":33.0},{"not_picked":["SignatureMove+1","PathToVictory","Halt"],"picked":"SKIP","floor":35.0},{"not_picked":["Crescendo","FollowUp"],"picked":"Protect","floor":36.0},{"not_picked":["TalkToTheHand+1","ThirdEye","ForeignInfluence"],"picked":"SKIP","floor":38.0},{"not_picked":["Perseverance+1","Blasphemy","MentalFortress+1"],"picked":"SKIP","floor":39.0},{"not_picked":["BowlingBash+1","SignatureMove+1","FlyingSleeves"],"picked":"SKIP","floor":41},{"not_picked":["FollowUp","Crescendo","Weave+1"],"picked":"SKIP","floor":42},{"not_picked":["Halt","BowlingBash+1"],"picked":"Evaluate","floor":45},{"not_picked":["Fasting2+1","Nirvana+1","Perseverance"],"picked":"SKIP","floor":48}],"player_experience":355903,"relics_obtained":[{"floor":2.0,"key":"White Beast Statue"},{"floor":8.0,"key":"HornCleat"},{"floor":9.0,"key":"Bag of Preparation"},{"floor":13.0,"key":"Bronze Scales"},{"floor":26.0,"key":"Shovel"},{"floor":31.0,"key":"TungstenRod"},{"floor":41,"key":"MawBank"},{"floor":43,"key":"Art of War"},{"floor":45,"key":"Torii"},{"floor":46,"key":"Lizard Tail"}],"event_choices":[{"damage_healed":0.0,"max_hp_gain":0.0,"max_hp_loss":0.0,"gold_gain":0.0,"event_name":"Liars Game","player_choice":"Ignored","floor":4.0,"gold_loss":0.0,"damage_taken":0.0},{"damage_healed":0.0,"max_hp_gain":0.0,"max_hp_loss":0.0,"gold_gain":0.0,"event_name":"FaceTrader","player_choice":"Trade","floor":5.0,"gold_loss":0.0,"damage_taken":0.0,"relics_obtained":["FaceOfCleric"]},{"damage_healed":0.0,"max_hp_gain":0.0,"max_hp_loss":0.0,"gold_gain":0.0,"event_name":"Scrap Ooze","player_choice":"Success","floor":10.0,"gold_loss":0.0,"damage_taken":3.0,"relics_obtained":["Vajra"]},{"damage_healed":0.0,"max_hp_gain":0.0,"max_hp_loss":0.0,"gold_gain":0.0,"event_name":"Ghosts","player_choice":"Ignored","floor":19.0,"gold_loss":0.0,"damage_taken":0.0},{"cards_removed":["Defend_P"],"damage_healed":0.0,"max_hp_gain":0.0,"max_hp_loss":0.0,"gold_gain":0.0,"event_name":"Beggar","player_choice":"Gave Gold","floor":20.0,"gold_loss":75.0,"damage_taken":0.0},{"damage_healed":0.0,"max_hp_gain":0.0,"max_hp_loss":0.0,"gold_gain":0.0,"cards_transformed":["Strike_P","Defend_P"],"event_name":"Drug Dealer","player_choice":"Became Test Subject","floor":21.0,"gold_loss":0.0,"damage_taken":0.0,"cards_obtained":["BattleHymn","Alpha"]},{"damage_healed":0.0,"max_hp_gain":0.0,"max_hp_loss":0.0,"gold_gain":0.0,"event_name":"Vampires","player_choice":"Ignored","floor":28.0,"gold_loss":0.0,"damage_taken":0.0},{"damage_healed":0.0,"max_hp_gain":0.0,"max_hp_loss":0.0,"gold_gain":0.0,"event_name":"Tomb of Lord Red Mask","player_choice":"Paid","floor":37.0,"gold_loss":60.0,"damage_taken":0.0,"relics_obtained":["Red Mask"]},{"damage_healed":0,"gold_gain":0,"player_choice":"Fight","damage_taken":0,"max_hp_gain":0,"max_hp_loss":0,"event_name":"MindBloom","floor":45,"gold_loss":0},{"damage_healed":0,"gold_gain":0,"player_choice":"Fight","damage_taken":0,"max_hp_gain":0,"max_hp_loss":0,"event_name":"Mysterious Sphere","floor":46,"gold_loss":0},{"damage_healed":0,"gold_gain":0,"player_choice":"Copied","damage_taken":0,"max_hp_gain":0,"max_hp_loss":0,"event_name":"Duplicator","floor":47,"gold_loss":0,"cards_obtained":["ThirdEye"]}],"is_beta":false,"boss_relics":[{"not_picked":["Runic Dome","Coffee Dripper"],"picked":"Ectoplasm"},{"not_picked":["Tiny House","Cursed Key"],"picked":"Empty Cage"}],"items_purged_floors":[11,30],"is_endless":false,"potions_floor_spawned":[3,7,8,12,13,14,16,18,22,24,25,27,31,33,35,36,38,39,41,42,45,46,48],"ascension_level":8}}