{"host":"1mv6gj0zv8k9e9tz","time":1612978205,"event":{"mods":["AchievementEnabler","BaseMod","Better Third Choice","Colored Map","DeckTracker","Highlight Path","KOR Keyword Fix","Keyboard Shortcuts","Minty Spire (QoL Compilation)","Permanent Neow","Quick Restart","Rare Cards Sparkle","StSLib","SuperFastMode","everything is the same but u backflip on backflip"],"gold_per_floor":[111,128,128,138,158,158,190,190,213,213,138,138,138],"floor_reached":12,"language":"KOR","playtime":245,"items_purged":["Strike_B"],"score":148,"play_id":"1e058092-6302-47da-80fd-42f3dbc73124","local_time":"20210211023005","is_ascension_mode":true,"campfire_choices":[{"data":"Sunder","floor":6.0,"key":"SMITH"},{"data":"Self Repair","floor":8,"key":"SMITH"}],"circlet_count":0,"master_deck":["AscendersBane","Strike_B","Strike_B+1","Defend_B","Defend_B","Defend_B","Defend_B+1","Zap","Dualcast","Reboot","Hologram","Self Repair+1","Sunder+1"],"relics":["Cracked Core","Juzu Bracelet","Bag of Marbles"],"acts_visited":["Exordium"],"potions_floor_usage":[7,12],"damage_taken":[{"damage":2.0,"enemies":"Jaw Worm","floor":1.0,"turns":3.0},{"damage":2.0,"enemies":"2 Louse","floor":2.0,"turns":2.0},{"damage":4.0,"enemies":"Small Slimes","floor":4.0,"turns":3.0},{"damage":11.0,"enemies":"Blue Slaver","floor":5.0,"turns":5.0},{"damage":16,"enemies":"Gremlin Nob","floor":7,"turns":4},{"damage":22,"enemies":"Lagavulin","floor":12,"turns":5}],"seed_played":"5394411475142290670","potions_obtained":[{"floor":2.0,"key":"Block Potion"},{"floor":4.0,"key":"Swift Potion"},{"floor":7,"key":"Dexterity Potion"}],"is_trial":false,"path_per_floor":["M","M","?","M","M","R","E","R","T","?","$","E"],"character_chosen":"DEFECT","items_purchased":[],"campfire_rested":0,"item_purchase_floors":[],"current_hp_per_floor":[62,60,39,35,31,31,22,22,22,22,22,0,0],"gold":138,"neow_bonus":"TRANSFORM_CARD","is_daily":false,"chose_seed":false,"campfire_upgraded":2,"win_rate":0.0,"timestamp":1612978205,"path_taken":["M","M","?","M","M","R","E","R","T","?","$","E"],"items_purchased_type":[],"build_version":"2020-12-22","purchased_purges":1,"victory":false,"max_hp_per_floor":[71,71,71,71,71,71,71,71,71,71,71,71,71],"card_choices":[{"not_picked":["Stack","Conserve Battery"],"picked":"Hologram","floor":1.0},{"not_picked":["Heatsinks","Turbo","Fusion"],"picked":"SKIP","floor":2.0},{"not_picked":["Heatsinks","Turbo","Fusion"],"picked":"SKIP","floor":2.0},{"not_picked":["Aggregate","Coolheaded"],"picked":"Self Repair","floor":4.0},{"not_picked":["Gash","Sweeping Beam"],"picked":"Sunder","floor":5.0},{"not_picked":["Barrage","Hologram","Compile Driver"],"picked":"SKIP","floor":7}],"player_experience":638582,"relics_obtained":[{"floor":7,"key":"Juzu Bracelet"},{"floor":9,"key":"Bag of Marbles"}],"event_choices":[{"damage_healed":60.0,"max_hp_gain":0.0,"max_hp_loss":71.0,"gold_gain":0.0,"event_name":"betterThird:BetterShining","player_choice":"Upgrade","floor":3.0,"gold_loss":0.0,"damage_taken":21.0,"cards_upgraded":["Defend_B","Strike_B"]},{"damage_healed":0,"gold_gain":0,"player_choice":"Ignored","damage_taken":213,"max_hp_gain":0,"max_hp_loss":0,"event_name":"betterThird:BetterSerpent","floor":10,"gold_loss":0}],"is_beta":false,"boss_relics":[],"items_purged_floors":[11],"is_endless":false,"potions_floor_spawned":[2,4,7],"killed_by":"Lagavulin","ascension_level":18}}