{"host":"fxiazw3i8037yqwx","time":1612997135,"event":{"mods":["BaseMod","Colored Powertips","Downfall","Minty Spire (QoL Compilation)","Quick Restart","StSLib","The IronCluck"],"gold_per_floor":[99,118,138,157,175,187,236,236,236,252,402,419,438,538,552,647,647,647,666,685,705,718,718,718,718],"floor_reached":23,"language":"ENG","playtime":1552,"items_purged":[],"score":191,"play_id":"9251a9e5-2f93-4bb9-8377-e4cab616e7ff","local_time":"20210210224535","is_ascension_mode":false,"campfire_choices":[{"data":"hexamod:Sear","floor":1.0,"key":"SMITH"},{"data":"hexamod:EtherealExpedition","floor":9.0,"key":"SMITH"},{"data":"hexamod:RainOfEmbers","floor":18,"key":"SMITH"}],"circlet_count":0,"master_deck":["hexamod:Strike","hexamod:Strike","hexamod:Strike","hexamod:Strike","hexamod:Defend","hexamod:Defend","hexamod:Defend","hexamod:Defend","hexamod:Sear+1","hexamod:Float+1","hexamod:DynamicBlow","hexamod:Hexaguard","hexamod:EtherealExpedition+1","hexamod:SpectralAdrenaline+1","hexamod:Haunt","hexamod:RainOfEmbers+1","hexamod:ShieldOfDarkness","hexamod:SpectersWail","hexamod:GhostflameInferno","hexamod:TurnItUp","hexamod:RadiantFlame","hexamod:HauntingEcho","hexamod:Firestarter+1","hexamod:ChargedBarrage+1"],"relics":["hexamod:SpiritBrand","Omamori","hexamod:IceCube"],"acts_visited":["Exordium","TheCity"],"potions_floor_usage":[23],"damage_taken":[{"damage":5.0,"enemies":"Jaw Worm","floor":2.0,"turns":4.0},{"damage":0.0,"enemies":"Cultist","floor":3.0,"turns":3.0},{"damage":0.0,"enemies":"Small Slimes","floor":4.0,"turns":3.0},{"damage":2.0,"enemies":"Blue Slaver","floor":5.0,"turns":4.0},{"damage":7.0,"enemies":"Red Slaver","floor":6.0,"turns":4.0},{"damage":0.0,"enemies":"3 Louse","floor":10.0,"turns":4.0},{"damage":5.0,"enemies":"Blue Slaver","floor":12.0,"turns":3.0},{"damage":7.0,"enemies":"Lots of Slimes","floor":13.0,"turns":7.0},{"damage":12.0,"enemies":"2 Fungi Beasts","floor":15.0,"turns":3.0},{"damage":17.0,"enemies":"IC_STATUS_ARCHETYPE","floor":16.0,"turns":6.0},{"damage":14,"enemies":"3 Byrds","floor":19,"turns":4},{"damage":16,"enemies":"Chosen","floor":20,"turns":5},{"damage":8,"enemies":"Snecko","floor":21,"turns":4},{"damage":21,"enemies":"Centurion and Healer","floor":22,"turns":5},{"damage":22,"enemies":"3 Cultists","floor":23,"turns":3}],"seed_played":"7071238450511449787","potions_obtained":[{"floor":4.0,"key":"LiquidBronze"},{"floor":6.0,"key":"hexamod:SoulburnPotion"},{"floor":12.0,"key":"Guardian:BlockOnCardUsePotion"},{"floor":16.0,"key":"SpeedPotion"}],"is_trial":false,"path_per_floor":["R","M","M","M","M","M","T","?","R","M","?","M","M","?","M","B",null,"R","M","M","M","M","M"],"character_chosen":"THE_SPIRIT","items_purchased":[],"campfire_rested":0,"item_purchase_floors":[],"current_hp_per_floor":[77,72,72,72,70,63,63,63,63,63,63,58,51,51,39,22,77,77,63,47,39,18,0,0,0],"gold":718,"neow_bonus":"TEN_PERCENT_HP_BONUS","is_daily":false,"chose_seed":false,"campfire_upgraded":3,"win_rate":0.0,"timestamp":1612997135,"path_taken":["R","M","M","M","M","M","T","?","R","?","?","M","M","?","M","BOSS","R","M","M","M","M","M"],"items_purchased_type":[],"build_version":"2020-12-22","purchased_purges":0,"victory":false,"max_hp_per_floor":[77,77,77,77,77,77,77,77,77,77,77,77,77,77,77,77,77,77,77,77,77,77,77,77,77],"card_choices":[{"not_picked":["hexamod:BacktrackSmack","hexamod:SwordOfDarkness"],"picked":"hexamod:DynamicBlow","floor":2.0},{"not_picked":["hexamod:BurningTouch","hexamod:ThermalTransfer"],"picked":"hexamod:Hexaguard","floor":3.0},{"not_picked":["hexamod:CatchUp","hexamod:Firestarter"],"picked":"hexamod:EtherealExpedition","floor":4.0},{"not_picked":["hexamod:HeatMetal","hexamod:FastForward"],"picked":"hexamod:SpectralAdrenaline","floor":5.0},{"not_picked":["hexamod:PhantomCloak","hexamod:SecondSeal"],"picked":"hexamod:Haunt","floor":6.0},{"not_picked":["hexamod:ChargedBarrage","hexamod:HeatMetal"],"picked":"hexamod:RainOfEmbers","floor":10.0},{"not_picked":["hexamod:FifthSeal","hexamod:EtherealExpedition"],"picked":"hexamod:ShieldOfDarkness","floor":12.0},{"not_picked":["hexamod:SwordOfDarkness","hexamod:EtherealExpedition"],"picked":"hexamod:SpectersWail","floor":13.0},{"not_picked":["hexamod:BurningTouch","hexamod:Firestarter"],"picked":"hexamod:GhostflameInferno","floor":15.0},{"not_picked":["hexamod:FifthSeal","hexamod:UnlimitedPower"],"picked":"hexamod:TurnItUp","floor":16.0},{"not_picked":["hexamod:PhantomCloak","hexamod:GhostOfSpirePast"],"picked":"hexamod:RadiantFlame","floor":19},{"not_picked":["hexamod:HeatMetal","hexamod:BacktrackSmack"],"picked":"hexamod:HauntingEcho","floor":20},{"not_picked":["hexamod:NightmareGuise+1","hexamod:ShieldOfDarkness+1"],"picked":"hexamod:Firestarter+1","floor":21},{"not_picked":["hexamod:SecondSeal","hexamod:ShieldOfDarkness"],"picked":"hexamod:ChargedBarrage+1","floor":22}],"player_experience":799645,"relics_obtained":[{"floor":7.0,"key":"Omamori"}],"event_choices":[],"is_beta":false,"boss_relics":[{"not_picked":["Snecko Eye","Cursed Key"],"picked":"hexamod:IceCube"}],"items_purged_floors":[],"is_endless":false,"potions_floor_spawned":[4,6,12,15,16,22],"killed_by":"3 Cultists","ascension_level":0}}