{"host":"8vrmceg1p8ljousa","time":1612941145,"event":{"mods":["BaseMod","Highlight Path","Minty Spire (QoL Compilation)","StSLib"],"gold_per_floor":[364,379,12,26,46,46,46,65,115,115,115,115,115,135,135,230,230,240,240,255,354,6,6,6],"floor_reached":23,"language":"ENG","playtime":961,"items_purged":["Shame","Strike_P+1"],"score":181,"play_id":"d5903364-2581-4ff4-8d43-0655753ba2dd","local_time":"20210210091225","is_ascension_mode":false,"campfire_choices":[{"data":"ClearTheMind","floor":6,"key":"SMITH"},{"data":"Eruption","floor":11,"key":"SMITH"},{"data":"SashWhip","floor":13,"key":"SMITH"},{"floor":15,"key":"REST"}],"circlet_count":0,"master_deck":["Strike_P+1","Strike_P+1","Defend_P+1","Defend_P+1","Defend_P+1","Defend_P+1","Eruption+1","Vigilance","FollowUp","SashWhip+1","BattleHymn","ThirdEye","ClearTheMind+1","FlurryOfBlows+1","CutThroughFate+1","DevaForm","Consecrate+1"],"relics":["PureWater","Molten Egg 2","Vajra","Philosopher\u0027s Stone","Bottled Tornado"],"acts_visited":["Exordium","TheCity"],"potions_floor_usage":[23],"damage_taken":[{"damage":9,"enemies":"2 Louse","floor":1,"turns":5},{"damage":0,"enemies":"Small Slimes","floor":2,"turns":3},{"damage":0,"enemies":"Cultist","floor":4,"turns":3},{"damage":7,"enemies":"Looter","floor":5,"turns":4},{"damage":9,"enemies":"Large Slime","floor":8,"turns":6},{"damage":12,"enemies":"Lots of Slimes","floor":14,"turns":5},{"damage":20,"enemies":"The Guardian","floor":16,"turns":6},{"damage":19,"enemies":"Chosen","floor":18,"turns":3},{"damage":15,"enemies":"2 Thieves","floor":20,"turns":3},{"damage":40,"enemies":"Book of Stabbing","floor":23,"turns":6}],"seed_played":"3165829134991492015","potions_obtained":[{"floor":4,"key":"Dexterity Potion"},{"floor":5,"key":"CultistPotion"},{"floor":16,"key":"CultistPotion"}],"is_trial":false,"path_per_floor":["M","M","$","M","M","R","?","M","T","?","R","?","R","M","R","B",null,"M","?","M","?","$","E"],"character_chosen":"WATCHER","items_purchased":["BattleHymn","Molten Egg 2","Bottled Tornado"],"campfire_rested":1,"item_purchase_floors":[3,3,22],"current_hp_per_floor":[63,63,63,63,56,56,49,40,40,40,40,40,40,28,49,29,72,53,53,38,38,38,0,0],"gold":6,"neow_bonus":"TWO_FIFTY_GOLD","is_daily":false,"chose_seed":false,"campfire_upgraded":3,"win_rate":0.0,"timestamp":1612941145,"path_taken":["M","M","$","M","M","R","?","M","T","?","R","?","R","M","R","BOSS","M","?","M","?","$","E"],"items_purchased_type":["Card","Relic","Relic"],"build_version":"2020-12-22","purchased_purges":2,"victory":false,"max_hp_per_floor":[72,72,72,72,72,72,72,72,72,72,72,72,72,72,72,72,72,72,72,72,72,72,72,72],"card_choices":[{"not_picked":["EmptyBody","Evaluate"],"picked":"FollowUp","floor":1},{"not_picked":["FollowUp","WaveOfTheHand"],"picked":"SashWhip","floor":2},{"not_picked":["TalkToTheHand+1","Study"],"picked":"ThirdEye","floor":4},{"not_picked":["EmptyFist+1","Protect"],"picked":"ClearTheMind","floor":5},{"not_picked":["ForeignInfluence","Protect"],"picked":"FlurryOfBlows+1","floor":8},{"not_picked":["Swivel","WheelKick+1"],"picked":"CutThroughFate+1","floor":14},{"not_picked":["Judgement","MasterReality"],"picked":"DevaForm","floor":16},{"not_picked":["EmptyFist+1","Evaluate+1"],"picked":"Consecrate+1","floor":18},{"not_picked":["WindmillStrike+1","ClearTheMind","Fasting2"],"picked":"SKIP","floor":20}],"player_experience":52558,"relics_obtained":[{"floor":9,"key":"Vajra"}],"event_choices":[{"cards_removed":["Strike_P"],"damage_healed":0,"gold_gain":0,"player_choice":"Card Removal","damage_taken":7,"max_hp_gain":0,"max_hp_loss":0,"event_name":"Golden Wing","floor":7,"gold_loss":0},{"damage_healed":0,"gold_gain":0,"player_choice":"Ignored","damage_taken":0,"max_hp_gain":0,"max_hp_loss":0,"event_name":"Liars Game","floor":10,"gold_loss":0},{"damage_healed":0,"gold_gain":0,"player_choice":"Ignored","damage_taken":0,"max_hp_gain":0,"max_hp_loss":0,"event_name":"Golden Idol","floor":12,"gold_loss":0},{"damage_healed":0,"gold_gain":0,"player_choice":"Simplicity","damage_taken":0,"max_hp_gain":0,"max_hp_loss":0,"event_name":"Back to Basics","floor":19,"gold_loss":0,"cards_upgraded":["Strike_P","Strike_P","Strike_P","Defend_P","Defend_P","Defend_P","Defend_P"]},{"damage_healed":0,"gold_gain":99,"player_choice":"Stole From Cult","damage_taken":0,"max_hp_gain":0,"max_hp_loss":0,"event_name":"Nest","floor":21,"gold_loss":0}],"is_beta":false,"boss_relics":[{"not_picked":["Calling Bell","Coffee Dripper"],"picked":"Philosopher\u0027s Stone"}],"items_purged_floors":[3,22],"is_endless":false,"potions_floor_spawned":[4,5,16],"killed_by":"Book of Stabbing","ascension_level":0}}