{"host":"43wsnxh97mgjl5zw","time":1612983615,"event":{"mods":["Aspiration","BaseMod","Colored Map","Colored Powertips","Downfall","Hubris","Minty Spire (QoL Compilation)","Quick Restart","Rare Cards Sparkle","Relic Sorter","Replay The Spire","StSLib"],"gold_per_floor":[119,133,37,112,3,3,37,2,83,118,118,143,154,173,173,173,173],"floor_reached":16,"language":"ENG","playtime":460,"items_purged":[],"score":215,"play_id":"a675f380-a74a-4c5d-836c-9d065d421af9","local_time":"20210210210015","is_ascension_mode":true,"campfire_choices":[{"data":"Intimidate","floor":6,"key":"SMITH"},{"data":"Twin Strike","floor":11,"key":"SMITH"},{"data":"Fire Breathing","floor":15,"key":"SMITH"}],"circlet_count":0,"master_deck":["AscendersBane","Strike_R","Strike_R","Strike_R","Strike_R","Strike_R","Defend_R","Defend_R","Defend_R","Defend_R","Bash","Clothesline","Intimidate+1","Evolve","Thunderclap","Shrug It Off+1","Battle Trance","Shrug It Off","Twin Strike+1","Fire Breathing+1","Headbutt"],"relics":["Burning Blood","NeowsBlessing","Pondfish Scales","Replay:Mystery Machine","Mirror"],"acts_visited":["Exordium"],"potions_floor_usage":[],"damage_taken":[{"damage":0,"enemies":"Jaw Worm","floor":1,"turns":1},{"damage":0,"enemies":"Cultist","floor":2,"turns":1},{"damage":0,"enemies":"Gremlin Nob","floor":7,"turns":1},{"damage":17,"enemies":"3 Sentries","floor":10,"turns":10},{"damage":46,"enemies":"Gremlin Nob","floor":12,"turns":6},{"damage":7,"enemies":"Small Slimes","floor":13,"turns":3},{"damage":0,"enemies":"2 Fungi Beasts","floor":14,"turns":2},{"damage":15,"enemies":"Hexaghost","floor":16,"turns":9}],"seed_played":"588051706499555423","potions_obtained":[{"floor":7,"key":"sneckomod:MuddlingPotion"},{"floor":10,"key":"Strength Potion"},{"floor":12,"key":"Elixir"}],"is_trial":false,"path_per_floor":["M","M","$","?","$","R","E","?","T","E","R","E","M","M","R","B"],"character_chosen":"IRONCLAD","items_purchased":["Evolve","Thunderclap","Shrug It Off+1","Battle Trance"],"campfire_rested":0,"item_purchase_floors":[3,3,5,5],"current_hp_per_floor":[78,80,80,72,72,72,78,80,80,69,69,29,28,34,34,19,19],"gold":173,"neow_bonus":"THREE_ENEMY_KILL","is_daily":false,"chose_seed":false,"campfire_upgraded":3,"win_rate":0.0,"timestamp":1612983615,"path_taken":["M","M","$","?","?","R","E","?","T","E","R","E","?","M","R","BOSS"],"items_purchased_type":["Card","Card","Card","Card"],"build_version":"2020-12-22","purchased_purges":0,"victory":false,"max_hp_per_floor":[80,80,80,80,80,80,80,80,80,80,80,80,80,80,80,80,80],"card_choices":[{"not_picked":["ReplayTheSpireMod:Strike From Hell","Feel No Pain"],"picked":"Clothesline","floor":1},{"not_picked":["hubris:ReadiedAction","Heavy Blade"],"picked":"Intimidate","floor":2},{"not_picked":["Flex","Sever Soul"],"picked":"Shrug It Off","floor":7},{"not_picked":["Cleave","Thunderclap"],"picked":"Twin Strike","floor":10},{"not_picked":["Dual Wield","Hemokinesis"],"picked":"Fire Breathing","floor":12},{"not_picked":["Carnage","ReplayReversal","Sword Boomerang"],"picked":"SKIP","floor":13},{"not_picked":["Warcry","ReplayTheSpireMod:LeadingStrike"],"picked":"Headbutt","floor":14}],"player_experience":1240475,"relics_obtained":[{"floor":7,"key":"Pondfish Scales"},{"floor":10,"key":"Replay:Mystery Machine"},{"floor":12,"key":"Mirror"}],"event_choices":[{"damage_healed":0,"gold_gain":75,"player_choice":"Touch","damage_taken":8,"max_hp_gain":0,"max_hp_loss":0,"event_name":"FaceTrader","floor":4,"gold_loss":0},{"damage_healed":20,"gold_gain":0,"player_choice":"Healed","damage_taken":0,"max_hp_gain":0,"max_hp_loss":0,"event_name":"The Cleric","floor":8,"gold_loss":35}],"is_beta":false,"boss_relics":[],"items_purged_floors":[],"is_endless":false,"potions_floor_spawned":[7,10,12,13],"killed_by":"Hexaghost","ascension_level":10}}