{"host":"5h6e4l6hpn0p5lap","time":1612920570,"event":{"mods":["AchievementEnabler","BaseMod","Better Altar","Better Match","Better Sensory Stone","Better Skull","Better Third Choice","Colored Map","Filter the Spire","Minty Spire (QoL Compilation)","StSLib"],"gold_per_floor":[115,127,138,138,150,182,182,197,197,215,94,104,133,61,61,61,61],"floor_reached":16,"language":"ENG","playtime":702,"items_purged":["Strike_G"],"score":165,"play_id":"9f51118f-c65a-4148-a110-0cc26f6c9150","local_time":"20210209202930","is_ascension_mode":true,"campfire_choices":[{"floor":7,"key":"REST"},{"floor":15,"key":"REST"}],"circlet_count":0,"master_deck":["Strike_G","Strike_G","Strike_G","Strike_G","Defend_G","Defend_G","Defend_G","Defend_G","Defend_G","Survivor","Neutralize","Sadistic Nature","Skewer","Cloak And Dagger","Quick Slash","Masterful Stab","Sucker Punch","Blade Dance","PiercingWail","Adrenaline","Crippling Poison"],"relics":["Ring of the Snake","Blood Vial","Bottled Flame","Ginger","Prayer Wheel"],"acts_visited":["Exordium"],"potions_floor_usage":[5,6,16],"damage_taken":[{"damage":1,"enemies":"Small Slimes","floor":1,"turns":4},{"damage":0,"enemies":"Cultist","floor":2,"turns":3},{"damage":1,"enemies":"Jaw Worm","floor":3,"turns":3},{"damage":22,"enemies":"Exordium Wildlife","floor":5,"turns":8},{"damage":14,"enemies":"Lagavulin","floor":6,"turns":5},{"damage":4,"enemies":"Red Slaver","floor":8,"turns":4},{"damage":2,"enemies":"Gremlin Gang","floor":10,"turns":4},{"damage":1,"enemies":"3 Louse","floor":12,"turns":3},{"damage":13,"enemies":"Gremlin Nob","floor":13,"turns":4},{"damage":46,"enemies":"The Guardian","floor":16,"turns":13}],"seed_played":"6610210989308145842","potions_obtained":[{"floor":1,"key":"GamblersBrew"},{"floor":2,"key":"GamblersBrew"},{"floor":5,"key":"Poison Potion"},{"floor":13,"key":"SmokeBomb"}],"is_trial":false,"path_per_floor":["M","M","M","?","M","E","R","M","T","M","$","M","E","$","R","B"],"character_chosen":"THE_SILENT","items_purchased":["PiercingWail","Crippling Poison"],"campfire_rested":2,"item_purchase_floors":[11,14],"current_hp_per_floor":[62,62,61,61,41,29,47,45,45,45,45,46,35,35,53,9,9],"gold":61,"neow_bonus":"RANDOM_COLORLESS_2","is_daily":false,"chose_seed":false,"campfire_upgraded":0,"win_rate":0.0,"timestamp":1612920570,"path_taken":["M","M","M","?","M","E","R","?","T","M","$","M","E","$","R","BOSS"],"items_purchased_type":["Card","Card"],"build_version":"2020-12-22","purchased_purges":1,"victory":false,"max_hp_per_floor":[63,63,63,63,63,63,63,63,63,63,63,63,63,63,63,63,63],"card_choices":[{"not_picked":["Transmutation","Apotheosis"],"picked":"Sadistic Nature","floor":0},{"not_picked":["Deflect","Flying Knee"],"picked":"Skewer","floor":1},{"not_picked":["Prepared","Backflip"],"picked":"Cloak And Dagger","floor":2},{"not_picked":["Backflip","PiercingWail"],"picked":"Quick Slash","floor":3},{"not_picked":["Acrobatics","Deadly Poison"],"picked":"Masterful Stab","floor":5},{"not_picked":["Concentrate","Acrobatics"],"picked":"Sucker Punch","floor":6},{"not_picked":["Endless Agony","Outmaneuver"],"picked":"Blade Dance","floor":8},{"not_picked":["Masterful Stab","Dagger Throw","Flying Knee"],"picked":"SKIP","floor":10},{"not_picked":["Tools of the Trade","Flying Knee","Outmaneuver"],"picked":"SKIP","floor":12},{"not_picked":["Backflip","Sucker Punch"],"picked":"Adrenaline","floor":13}],"player_experience":1091540,"relics_obtained":[{"floor":4,"key":"Blood Vial"},{"floor":6,"key":"Bottled Flame"},{"floor":9,"key":"Ginger"},{"floor":13,"key":"Prayer Wheel"}],"event_choices":[{"damage_healed":0,"gold_gain":0,"player_choice":"Relic","damage_taken":0,"max_hp_gain":0,"max_hp_loss":0,"event_name":"Wheel of Change","floor":4,"gold_loss":0}],"is_beta":false,"boss_relics":[],"items_purged_floors":[11],"is_endless":false,"potions_floor_spawned":[1,2,5,13],"killed_by":"The Guardian","ascension_level":9}}