{"host":"dxvlkuh9hlaz4yxf","time":1612993679,"event":{"mods":["BaseMod","Colored Map","Downfall","GifTheSpireLib","Minty Spire (QoL Compilation)","Rare Cards Sparkle","Replay The Spire","StSLib","The Construct","The Mystic","TheSwordswoman","Waifu the Spire"],"gold_per_floor":[117,117,21,21,21,53,67,67,67,93,93,123,123,156,156,258,258,273,273,273,285,297,326,203,235,307,337,53,53,53,53,53,151,151,170,170,188,204,204,235,235,247,247,277,89,116,116,116,116,116],"floor_reached":51,"language":"ENG","playtime":1315,"items_purged":[],"score":797,"play_id":"52a0d005-ea78-45ed-82ad-6d1b9968508f","local_time":"20210210134759","is_ascension_mode":true,"campfire_choices":[{"data":"Inflame","floor":8,"key":"SMITH"},{"data":"Disarm","floor":13,"key":"SMITH"},{"data":"Berserk","floor":15,"key":"SMITH"},{"floor":30,"key":"REST"},{"floor":32,"key":"REST"},{"data":"Double Tap","floor":41,"key":"SMITH"},{"data":"Spot Weakness","floor":49,"key":"SMITH"}],"circlet_count":0,"master_deck":["Strike_R","Strike_R+1","Strike_R","Strike_R","Strike_R","Defend_R+1","Defend_R","Bash","Dramatic Entrance","Cleave","Inflame+1","Twin Strike+1","Disarm+1","Berserk+1","Offering","Clash","Flex","Spot Weakness+1","Iron Wave+1","Pummel","Flex","Dropkick","Cleave","Demonic Infusion","Bandage Up","Pummel","Replay:Undeath\u0027s Touch+1","Double Tap+1","Thunderclap","Hemogenesis","Apotheosis"],"relics":["Burning Blood","NeowsBlessing","Replay:Baseball","Bag of Preparation","Darkstone Periapt","Shuriken","Matryoshka","Pen Nib","Bottled Tornado","Simple Rune","Orichalcum","Replay:Accelerometer","Peace Pipe","Replay:Ringing Soul","MutagenicStrength","Ring of Chaos","Smiling Mask","Juzu Bracelet","Bag of Marbles","Strawberry","Pondfish Scales"],"acts_visited":["Exordium","TheCity","TheBeyond"],"potions_floor_usage":[33,44,50,50],"damage_taken":[{"damage":0,"enemies":"2 Louse","floor":1,"turns":1},{"damage":0,"enemies":"3 Sentries","floor":6,"turns":1},{"damage":0,"enemies":"Cultist","floor":7,"turns":1},{"damage":14,"enemies":"Gremlin Nob","floor":10,"turns":3},{"damage":9,"enemies":"Replay:BlueRogue","floor":12,"turns":3},{"damage":18,"enemies":"Lagavulin","floor":14,"turns":3},{"damage":0,"enemies":"Slime Boss","floor":16,"turns":4},{"damage":6,"enemies":"Spheric Guardian","floor":18,"turns":1},{"damage":20,"enemies":"2 Thieves","floor":21,"turns":2},{"damage":21,"enemies":"Snake Plant","floor":22,"turns":4},{"damage":9,"enemies":"Book of Stabbing","floor":23,"turns":3},{"damage":25,"enemies":"Replay:Snechameleon","floor":25,"turns":4},{"damage":19,"enemies":"Slavers","floor":27,"turns":2},{"damage":7,"enemies":"Collector","floor":33,"turns":3},{"damage":21,"enemies":"3 Shapes","floor":35,"turns":2},{"damage":12,"enemies":"Orb Walker","floor":37,"turns":3},{"damage":4,"enemies":"Jaw Worm Horde","floor":38,"turns":3},{"damage":10,"enemies":"Giant Head","floor":40,"turns":5},{"damage":21,"enemies":"Transient","floor":42,"turns":5},{"damage":67,"enemies":"Nemesis","floor":44,"turns":7},{"damage":32,"enemies":"Reptomancer","floor":46,"turns":4},{"damage":49,"enemies":"Replay:Hell Engine","floor":50,"turns":5}],"seed_played":"7303455635774045038","potions_obtained":[{"floor":10,"key":"SkillPotion"},{"floor":12,"key":"Milkshake"},{"floor":14,"key":"LiquidBronze"},{"floor":21,"key":"SteroidPotion"},{"floor":33,"key":"Regen Potion"},{"floor":46,"key":"FairyPotion"}],"is_trial":false,"path_per_floor":["M","?","$","?","$","E","M","R","T","E","?","E","R","E","R","B",null,"M","?","?","M","M","E","$","E","T","E","$","?","R","?","R","B",null,"M","?","M","M","?","E","R","M","T","E","$","E","?","?","R","B",null],"character_chosen":"IRONCLAD","items_purchased":["Dramatic Entrance","Pummel","Flex","Replay:Ringing Soul","Cleave","Apotheosis"],"campfire_rested":2,"item_purchase_floors":[3,24,24,28,28,45],"current_hp_per_floor":[80,80,80,80,80,80,80,80,80,72,72,69,69,57,57,63,80,80,80,80,66,51,48,48,29,29,16,19,19,43,43,67,69,86,71,74,75,80,80,83,83,75,75,33,36,20,20,102,102,59],"gold":116,"neow_bonus":"THREE_ENEMY_KILL","is_daily":false,"chose_seed":false,"campfire_upgraded":5,"win_rate":0.0,"timestamp":1612993679,"path_taken":["M","?","?","?","$","E","?","R","T","E","?","E","R","E","R","BOSS","M","?","?","M","M","E","$","E","T","E","?","?","R","?","R","BOSS","M","?","M","M","?","E","R","M","T","E","$","E","?","?","R","BOSS"],"items_purchased_type":["Card","Card","Card","Relic","Card","Card"],"build_version":"2020-12-22","purchased_purges":0,"victory":true,"max_hp_per_floor":[80,80,80,80,80,80,80,80,80,80,80,80,80,80,80,80,80,80,80,80,80,80,80,80,80,80,80,83,83,83,83,83,86,86,86,89,92,95,95,98,98,101,101,111,114,117,117,102,102,102],"card_choices":[{"not_picked":["Run Through","Warcry"],"picked":"Sword Boomerang","floor":1},{"not_picked":["ReplayTheSpireMod:Strike From Hell","Dual Wield"],"picked":"Cleave","floor":6},{"not_picked":["Perfected Strike","Entrench"],"picked":"Inflame","floor":7},{"not_picked":["Perfected Strike","Shockwave"],"picked":"Twin Strike","floor":10},{"not_picked":["Wild Strike","Warcry"],"picked":"Disarm","floor":12},{"not_picked":["Body Slam","Armaments"],"picked":"Berserk","floor":14},{"not_picked":["Brutality","Barricade"],"picked":"Offering","floor":16},{"not_picked":["Thunderclap+1","Wild Strike"],"picked":"Clash","floor":18},{"not_picked":["Headbutt+1","Heavy Blade"],"picked":"Spot Weakness","floor":21},{"not_picked":["Wild Strike+1","Run Through"],"picked":"Iron Wave+1","floor":22},{"not_picked":["Wild Strike","Burning Pact","Perfected Strike+1"],"picked":"SKIP","floor":23},{"not_picked":["Fire Breathing","Berserk","Shrug It Off"],"picked":"SKIP","floor":25},{"not_picked":["Iron Wave","Metallicize"],"picked":"Dropkick","floor":27},{"not_picked":["Juggernaut","Brutality"],"picked":"Demonic Infusion","floor":33},{"not_picked":["Dark Embrace","Pommel Strike","Feel No Pain"],"picked":"SKIP","floor":35},{"not_picked":["Replay:BasicMightCard","Purity"],"picked":"Bandage Up","floor":36},{"not_picked":["Havoc+1","True Grit"],"picked":"Pummel","floor":37},{"not_picked":["Perfected Strike","Heavy Blade"],"picked":"Replay:Undeath\u0027s Touch+1","floor":38},{"not_picked":["Replay:Undeath\u0027s Touch","Life Link+1"],"picked":"Double Tap","floor":40},{"not_picked":["Run Through","Shrug It Off+1"],"picked":"Thunderclap","floor":42},{"not_picked":["Evolve","ReplayTheSpireMod:Strike From Hell+1"],"picked":"Hemogenesis","floor":44},{"not_picked":["Run Through+1","Fiend Fire"],"picked":"Sword Boomerang+1","floor":46}],"player_experience":63785,"relics_obtained":[{"floor":6,"key":"Bag of Preparation"},{"floor":9,"key":"Darkstone Periapt"},{"floor":10,"key":"Shuriken"},{"floor":12,"key":"Matryoshka"},{"floor":14,"key":"Pen Nib"},{"floor":23,"key":"Bottled Tornado"},{"floor":25,"key":"Simple Rune"},{"floor":26,"key":"Orichalcum"},{"floor":26,"key":"Replay:Accelerometer"},{"floor":27,"key":"Peace Pipe"},{"floor":40,"key":"Smiling Mask"},{"floor":43,"key":"Juzu Bracelet"},{"floor":43,"key":"Bag of Marbles"},{"floor":44,"key":"Strawberry"},{"floor":46,"key":"Pondfish Scales"}],"event_choices":[{"cards_removed":["Defend_R"],"damage_healed":0,"gold_gain":0,"player_choice":"Purged","damage_taken":0,"max_hp_gain":0,"max_hp_loss":0,"event_name":"Purifier","floor":2,"gold_loss":0},{"cards_removed":["Sword Boomerang"],"damage_healed":0,"gold_gain":0,"player_choice":"Gave Card","damage_taken":0,"relics_obtained":["Replay:Baseball"],"max_hp_gain":0,"max_hp_loss":0,"event_name":"WeMeetAgain","floor":4,"gold_loss":0},{"damage_healed":0,"gold_gain":0,"player_choice":"Grow","damage_taken":0,"max_hp_gain":0,"max_hp_loss":0,"event_name":"Living Wall","floor":11,"gold_loss":0,"cards_upgraded":["Twin Strike"]},{"damage_healed":0,"gold_gain":0,"player_choice":"Read","damage_taken":0,"max_hp_gain":0,"max_hp_loss":0,"event_name":"The Library","floor":19,"gold_loss":0,"cards_obtained":["Flex"]},{"cards_removed":["Defend_R"],"damage_healed":0,"gold_gain":0,"player_choice":"Elegance","damage_taken":0,"max_hp_gain":0,"max_hp_loss":0,"event_name":"Back to Basics","floor":20,"gold_loss":0},{"damage_healed":0,"gold_gain":0,"player_choice":"Inject Mutagens","damage_taken":0,"relics_obtained":["MutagenicStrength"],"max_hp_gain":0,"max_hp_loss":0,"event_name":"Drug Dealer","floor":29,"gold_loss":0},{"damage_healed":0,"gold_gain":0,"player_choice":"Ignored","damage_taken":0,"max_hp_gain":0,"max_hp_loss":0,"event_name":"Ghosts","floor":31,"gold_loss":0},{"damage_healed":0,"gold_gain":0,"player_choice":"Memory 1","damage_taken":0,"max_hp_gain":0,"max_hp_loss":0,"event_name":"SensoryStone","floor":36,"gold_loss":0},{"cards_removed":["Sword Boomerang"],"damage_healed":0,"gold_gain":0,"player_choice":"Removed Attack","damage_taken":0,"max_hp_gain":0,"max_hp_loss":0,"event_name":"Falling","floor":47,"gold_loss":0},{"damage_healed":102,"gold_gain":0,"player_choice":"Heal","damage_taken":0,"max_hp_gain":0,"max_hp_loss":15,"event_name":"The Moai Head","floor":48,"gold_loss":0}],"is_beta":false,"boss_relics":[{"not_picked":["Runic Pyramid","Electric Blood","Replay:Drink Me"]},{"not_picked":["Mark of Pain","Honey Jar"],"picked":"Ring of Chaos"}],"items_purged_floors":[],"is_endless":false,"potions_floor_spawned":[10,12,14,16,18,21,23,33,35,38,46],"ascension_level":1}}