{"host":"65j9mga0429zsj8m","time":1612931903,"event":{"mods":["2.2 Compatiblity","BaseMod","Downfall","GifTheSpireLib","Minty Spire (QoL Compilation)","StSLib"],"gold_per_floor":[99,112,132,143,143,162,162,62,75,102,137,155,155,175,186,281,281,181,201,51,62,85,85,85,85,85,97,122,142,142,242,253,253,253,253],"floor_reached":33,"language":"ENG","playtime":3262,"items_purged":[],"score":301,"play_id":"f2bf0f53-1796-4475-a9df-aa805ca6b90b","local_time":"20210210153823","is_ascension_mode":false,"campfire_choices":[{"floor":1,"key":"RECALL"},{"data":"champ:Taunt","floor":8,"key":"SMITH"},{"floor":13,"key":"REST"},{"data":"champ:TripleStrike","floor":18,"key":"SMITH"},{"data":"champ:ShieldSlam","floor":23,"key":"SMITH"},{"data":"champ:PreciseThrust","floor":26,"key":"SMITH"},{"data":"champ:AdrenalArmor","floor":30,"key":"SMITH"}],"circlet_count":0,"master_deck":["champ:Strike","champ:Strike","champ:Strike","champ:Defend","champ:Defend","champ:Defend+1","champ:Defend","champ:Execute","champ:Taunt+1","champ:BerserkersShout+1","champ:RecklessLeap","champ:Endure","champ:DeathBlow","champ:PreciseThrust+1","champ:ShieldSlam+1","champ:Devastate","champ:AdrenalArmor+1","champ:CrownThrow","champ:CrownThrow","champ:TripleStrike+1","champ:Shatter","champ:Endure+1","champ:BladeFlurry","champ:Backstep+1","champ:DancingMaster"],"relics":["champ:ChampionCrown","downfall:HeartBlessingBlue","Odd Mushroom","Bird Faced Urn","Sozu","downfall:HeartBlessingRed","Bronze Scales","War Paint","Bag of Preparation","Toy Ornithopter"],"acts_visited":["Exordium","TheCity"],"potions_floor_usage":[11,11,12,16,16],"damage_taken":[{"damage":10,"enemies":"Cultist","floor":2,"turns":5},{"damage":33,"enemies":"Jaw Worm","floor":3,"turns":6},{"damage":35,"enemies":"Small Slimes","floor":4,"turns":3},{"damage":82,"enemies":"Exordium Thugs","floor":6,"turns":6},{"damage":32,"enemies":"Blue Slaver","floor":9,"turns":4},{"damage":62,"enemies":"The Mushroom Lair","floor":10,"turns":7},{"damage":20,"enemies":"Gremlin Nob","floor":11,"turns":3},{"damage":57,"enemies":"Lots of Slimes","floor":12,"turns":5},{"damage":22,"enemies":"3 Louse","floor":14,"turns":3},{"damage":38,"enemies":"Large Slime","floor":15,"turns":7},{"damage":42,"enemies":"WA_ARCHETYPE_RETAIN","floor":16,"turns":6},{"damage":30,"enemies":"Chosen","floor":19,"turns":4},{"damage":66,"enemies":"Snake Plant","floor":21,"turns":4},{"damage":51,"enemies":"Centurion and Healer","floor":27,"turns":6},{"damage":47,"enemies":"Shelled Parasite and Fungi","floor":29,"turns":3},{"damage":67,"enemies":"downfall:LadyInBlue","floor":31,"turns":10},{"damage":31,"enemies":"Sentry and Sphere","floor":32,"turns":4},{"damage":83,"enemies":"DF_ARCHETYPE_CLAW","floor":33,"turns":6}],"seed_played":"-5797125654838462835","potions_obtained":[{"floor":2,"key":"champ:TechniquePotion"},{"floor":3,"key":"Strength Potion"},{"floor":10,"key":"champ:CounterPotion"},{"floor":14,"key":"Block Potion"},{"floor":15,"key":"champ:OpenerPotion"}],"is_trial":false,"path_per_floor":["R","M","M","M","?","M","T","R","M","?","E","M","R","M","M","B",null,"R","M","?","M","T","R","T","?","R","M","T","M","R","?","M","B"],"character_chosen":"THE_CHAMP","items_purchased":[],"campfire_rested":1,"item_purchase_floors":[],"current_hp_per_floor":[99,99,96,91,91,74,74,84,77,50,50,29,61,54,51,49,109,109,104,119,93,93,93,93,93,93,77,77,75,75,63,62,0,0,0],"gold":253,"neow_bonus":"TEN_PERCENT_HP_BONUS","is_daily":false,"chose_seed":false,"campfire_upgraded":5,"win_rate":0.0,"timestamp":1612931903,"path_taken":["R","M","M","M","?","M","T","R","M","?","E","M","R","?","M","BOSS","R","M","?","?","?","R","T","?","R","M","?","?","R","?","M","BOSS"],"items_purchased_type":[],"build_version":"2020-12-22","purchased_purges":0,"victory":false,"max_hp_per_floor":[99,99,99,99,99,99,99,109,109,109,109,109,109,109,109,109,109,109,109,119,119,119,119,119,119,119,119,119,119,119,119,119,119,119,119],"card_choices":[{"not_picked":["champ:Circumvent","champ:EnGarde"],"picked":"champ:BerserkersShout","floor":2},{"not_picked":["champ:DefensiveShout","champ:Haymaker"],"picked":"champ:RecklessLeap","floor":3},{"not_picked":["champ:Circumvent","champ:EnGarde"],"picked":"champ:Endure","floor":4},{"not_picked":["champ:RecklessLeap","champ:Circumvent"],"picked":"champ:DeathBlow","floor":6},{"not_picked":["champ:GladiatorStyle","champ:RapidStrikes"],"picked":"champ:PreciseThrust","floor":9},{"not_picked":["champ:GutPunch","champ:BerserkersShout"],"picked":"champ:ShieldSlam","floor":10},{"not_picked":["champ:EnGarde","champ:DeathBlow"],"picked":"champ:Devastate","floor":11},{"not_picked":["champ:Backstep","champ:StanceDance"],"picked":"champ:AdrenalArmor","floor":12},{"not_picked":["champ:FanOfKnives","champ:PreciseThrust"],"picked":"champ:CrownThrow","floor":14},{"not_picked":["champ:EnGarde","champ:TornadoPunch"],"picked":"champ:CrownThrow","floor":15},{"not_picked":["champ:Improvising","champ:Devastate"],"picked":"champ:TripleStrike","floor":16},{"not_picked":["champ:StanceDance","champ:CrownThrow+1"],"picked":"champ:Shatter","floor":19},{"not_picked":["champ:FocusedDefense","champ:GutPunch"],"picked":"champ:Endure+1","floor":21},{"not_picked":["champ:Parry","champ:PreemptiveStrike"],"picked":"champ:BladeFlurry","floor":27},{"not_picked":["champ:FlashCut+1","champ:PreciseThrust"],"picked":"champ:Backstep+1","floor":29},{"not_picked":["champ:DefensiveShout+1","champ:FocusedDefense"],"picked":"champ:DancingMaster","floor":32}],"player_experience":65989,"relics_obtained":[{"floor":10,"key":"Odd Mushroom"},{"floor":11,"key":"Bird Faced Urn"},{"floor":22,"key":"Bronze Scales"},{"floor":24,"key":"War Paint"},{"floor":28,"key":"Bag of Preparation"},{"floor":31,"key":"Toy Ornithopter"}],"event_choices":[{"cards_removed":["champ:Strike"],"damage_healed":0,"gold_gain":0,"player_choice":"Card Removal","damage_taken":0,"max_hp_gain":0,"max_hp_loss":0,"event_name":"The Cleric","floor":5,"gold_loss":0},{"damage_healed":0,"gold_gain":0,"player_choice":"Fought Mushrooms","damage_taken":0,"max_hp_gain":0,"max_hp_loss":0,"event_name":"Mushrooms","floor":10,"gold_loss":0}],"is_beta":false,"boss_relics":[{"not_picked":["bronze:MakeshiftBattery","Calling Bell"],"picked":"Sozu"}],"items_purged_floors":[],"is_endless":false,"potions_floor_spawned":[2,3,10,14,15,19,29],"killed_by":"DF_ARCHETYPE_CLAW","ascension_level":0}}