{"host":"sc0o2qwpf9j16a4i","time":1612981807,"event":{"mods":["AchievementEnabler","BaseMod","BetterRewards","Block Reminder","Colored Map","Colored Powertips","Custom Start","Highlight Path","Minty Spire (QoL Compilation)","Relic Stats"],"gold_per_floor":[153,210,261,261,326,436,484,484,509,584,665,739,739,781,781,1099,1099,1161,1161,754,799,857,938,938,980,980,1022,937,321,412,448,448,757,757,799,863,863,135,468,567,618,717,743,836,836,836,376,427,427,427],"floor_reached":51,"language":"ENG","playtime":1769,"items_purged":[],"score":1269,"play_id":"ab1db46c-0093-4872-9cd0-a6876577cfe0","local_time":"20210210203007","daily_mods":["SealedDeck","Hoarder","Midas"],"is_ascension_mode":false,"campfire_choices":[{"floor":13,"key":"REST"},{"floor":15,"key":"REST"},{"floor":24,"key":"REST"},{"floor":32,"key":"REST"},{"floor":49,"key":"REST"}],"circlet_count":0,"master_deck":["CrushJoints+1","CrushJoints+1","CrushJoints+1","BowlingBash+1","BowlingBash+1","BowlingBash+1","JustLucky+1","JustLucky+1","JustLucky+1","Evaluate+1","Evaluate+1","Evaluate+1","Consecrate+1","Consecrate+1","Consecrate+1","Consecrate+1","Consecrate+1","Consecrate+1","JustLucky+1","JustLucky+1","JustLucky+1","CutThroughFate+1","CutThroughFate+1","CutThroughFate+1","ThirdEye+1","ThirdEye+1","ThirdEye+1","Weave+1","Weave+1","Weave+1","JustLucky+1","JustLucky+1","JustLucky+1","ThirdEye+1","ThirdEye+1","ThirdEye+1","CrushJoints+1","CrushJoints+1","CrushJoints+1","CutThroughFate+1","CutThroughFate+1","CutThroughFate+1","BowlingBash+1","BowlingBash+1","Vault+1","Vault+1","Vault+1","Protect+1","Protect+1","Protect+1","Worship+1","Worship+1","Worship+1","DeusExMachina+1","DeusExMachina+1","Wallop+1","Wallop+1","Wallop+1","CutThroughFate+1","CutThroughFate+1","CutThroughFate+1","Protect+1","Protect+1","Protect+1","JustLucky+1","JustLucky+1","JustLucky+1","TalkToTheHand+1","TalkToTheHand+1","TalkToTheHand+1","Protect+1","Protect+1","Protect+1","Fasting2+1","Fasting2+1","Fasting2+1","Dark Shackles+1","Dark Shackles+1","Dark Shackles+1","Conclude+1","Conclude+1","Conclude+1","ThirdEye+1","ThirdEye+1","ThirdEye+1","Devotion+1","Devotion+1","Devotion+1","Brilliance+1","Brilliance+1","Brilliance+1","DeceiveReality+1","DeceiveReality+1","DeceiveReality+1","SpiritShield+1","SpiritShield+1","SpiritShield+1","Consecrate+1","Consecrate+1","Consecrate+1","SashWhip+1","SashWhip+1","SashWhip+1","Vault+1","Vault+1","Vault+1","Evaluate+1","Evaluate+1","Evaluate+1"],"relics":["HolyWater","CeramicFish","Boot","Pen Nib","SacredBark","PreservedInsect","Sling","Lantern","War Paint","MealTicket","Bag of Marbles","OrangePellets","Tiny Chest","Red Mask","Frozen Eye","Omamori","Potion Belt","Bottled Tornado","Akabeko","Toy Ornithopter","Pantograph","Mark of the Bloom","Art of War","GoldenEye"],"acts_visited":["Exordium","TheCity","TheBeyond"],"potions_floor_usage":[5,33,33,44,50,50,50,50,50,50,50],"damage_taken":[{"damage":1,"enemies":"Jaw Worm","floor":1,"turns":2},{"damage":0,"enemies":"Small Slimes","floor":2,"turns":2},{"damage":0,"enemies":"2 Louse","floor":3,"turns":2},{"damage":0,"enemies":"Gremlin Gang","floor":5,"turns":2},{"damage":1,"enemies":"3 Sentries","floor":6,"turns":4},{"damage":0,"enemies":"3 Louse","floor":7,"turns":2},{"damage":6,"enemies":"Gremlin Nob","floor":11,"turns":3},{"damage":0,"enemies":"2 Fungi Beasts","floor":12,"turns":2},{"damage":0,"enemies":"Looter","floor":14,"turns":2},{"damage":0,"enemies":"Slime Boss","floor":16,"turns":5},{"damage":0,"enemies":"Chosen","floor":18,"turns":5},{"damage":0,"enemies":"Spheric Guardian","floor":21,"turns":3},{"damage":3,"enemies":"Shelled Parasite and Fungi","floor":22,"turns":3},{"damage":8,"enemies":"Book of Stabbing","floor":23,"turns":2},{"damage":1,"enemies":"Snecko","floor":25,"turns":5},{"damage":0,"enemies":"Centurion and Healer","floor":27,"turns":3},{"damage":0,"enemies":"Masked Bandits","floor":30,"turns":2},{"damage":3,"enemies":"Shelled Parasite and Fungi","floor":31,"turns":4},{"damage":16,"enemies":"Collector","floor":33,"turns":8},{"damage":17,"enemies":"3 Darklings","floor":35,"turns":7},{"damage":10,"enemies":"Orb Walker","floor":36,"turns":4},{"damage":0,"enemies":"Reptomancer","floor":40,"turns":2},{"damage":14,"enemies":"Jaw Worm Horde","floor":41,"turns":4},{"damage":0,"enemies":"Giant Head","floor":42,"turns":6},{"damage":0,"enemies":"Reptomancer","floor":44,"turns":4},{"damage":0,"enemies":"3 Darklings","floor":48,"turns":3},{"damage":0,"enemies":"Donu and Deca","floor":50,"turns":4}],"seed_played":"-7578608383933945049","potions_obtained":[{"floor":3,"key":"Explosive Potion"},{"floor":5,"key":"SpeedPotion"},{"floor":6,"key":"BottledMiracle"},{"floor":14,"key":"Energy Potion"},{"floor":23,"key":"BlessingOfTheForge"},{"floor":27,"key":"PowerPotion"},{"floor":40,"key":"PowerPotion"},{"floor":41,"key":"Block Potion"},{"floor":42,"key":"FearPotion"},{"floor":44,"key":"Fire Potion"}],"is_trial":true,"path_per_floor":["M","M","M","?","M","E","M","?","T","?","E","M","R","M","R","B",null,"M","?","$","M","M","E","R","M","T","M","?","$","?","M","R","B",null,"M","M","?","$","?","E","M","E","T","E","T","?","$","M","R","B",null],"character_chosen":"WATCHER","items_purchased":["PreservedInsect","Wallop","Sling","CutThroughFate","Bag of Marbles","OrangePellets","Tiny Chest","Fasting2","Dark Shackles","Frozen Eye","Devotion","Brilliance","DeceiveReality","Omamori","EntropicBrew","Art of War","GoldenEye"],"campfire_rested":5,"item_purchase_floors":[20,20,20,20,29,29,29,29,29,38,38,38,38,38,38,47,47],"current_hp_per_floor":[71,71,71,53,53,52,52,38,38,27,21,21,42,42,63,63,72,72,82,82,82,79,71,82,81,81,81,81,82,82,79,82,66,82,65,55,55,70,70,70,56,56,56,56,56,56,56,56,56,56],"gold":427,"neow_bonus":"","is_daily":false,"chose_seed":false,"campfire_upgraded":0,"win_rate":0.0,"timestamp":1612981807,"path_taken":["M","M","M","?","M","E","M","?","T","?","E","M","R","M","R","BOSS","M","?","$","M","?","E","R","M","T","M","?","$","?","M","R","BOSS","M","M","?","$","?","E","M","E","T","E","?","?","$","M","R","BOSS"],"items_purchased_type":["Relic","Card","Relic","Card","Relic","Relic","Relic","Card","Card","Relic","Card","Card","Card","Relic","Potion","Relic","Relic"],"build_version":"2020-12-22","purchased_purges":0,"victory":true,"max_hp_per_floor":[72,72,72,72,72,72,72,72,72,72,72,72,72,72,72,72,72,72,82,82,82,82,82,82,82,82,82,82,82,82,82,82,82,82,82,82,82,82,82,82,82,82,82,82,82,82,82,82,82,82],"relic_stats":{"Mark of the Bloom":99,"counters":[27,95],"CeramicFish":207,"Pen Nib":[27],"PreservedInsect":282,"War Paint":["Protect","Vault"],"Boot":[109],"GoldenEye":[10],"OrangePellets":[17],"Pantograph":0,"MealTicket":16,"Tiny Chest":1,"Art of War":[0],"obtain_stats":[{"Lantern":23,"Mark of the Bloom":46,"CeramicFish":6,"SacredBark":17,"Bottled Tornado":42,"Boot":9,"Sling":20,"Frozen Eye":38,"Pantograph":45,"MealTicket":28,"Tiny Chest":29,"Red Mask":30,"Potion Belt":40,"Golden Idol":4,"Pen Nib":11,"PreservedInsect":20,"Omamori":38,"War Paint":26,"GoldenEye":47,"Akabeko":43,"OrangePellets":29,"HolyWater":34,"Bag of Marbles":29,"Art of War":47,"PureWater":0,"Toy Ornithopter":44},{"Lantern":14,"Mark of the Bloom":25,"CeramicFish":5,"SacredBark":10,"Bottled Tornado":24,"Boot":6,"Sling":11,"Frozen Eye":21,"Pantograph":25,"MealTicket":16,"Tiny Chest":16,"Red Mask":17,"Potion Belt":22,"Golden Idol":3,"Pen Nib":7,"PreservedInsect":11,"Omamori":21,"War Paint":15,"GoldenEye":25,"Akabeko":24,"OrangePellets":16,"HolyWater":19,"Bag of Marbles":16,"Art of War":25,"PureWater":0,"Toy Ornithopter":25},{"Lantern":39,"Mark of the Bloom":88,"CeramicFish":12,"SacredBark":26,"Bottled Tornado":84,"Boot":14,"Sling":31,"Frozen Eye":72,"Pantograph":88,"MealTicket":47,"Tiny Chest":47,"Red Mask":49,"Potion Belt":74,"Golden Idol":6,"Pen Nib":17,"PreservedInsect":31,"Omamori":72,"War Paint":44,"GoldenEye":88,"Akabeko":84,"OrangePellets":47,"HolyWater":61,"Bag of Marbles":47,"Art of War":88,"PureWater":0,"Toy Ornithopter":88}],"Toy Ornithopter":0},"card_choices":[{"not_picked":["EmptyMind","FollowUp"],"picked":"JustLucky","floor":1},{"not_picked":["Nirvana","FlyingSleeves"],"picked":"ThirdEye","floor":2},{"not_picked":["SashWhip","InnerPeace"],"picked":"CrushJoints","floor":3},{"not_picked":["PathToVictory","ForeignInfluence"],"picked":"CutThroughFate","floor":5},{"not_picked":["EmptyMind","ReachHeaven"],"picked":"BowlingBash","floor":6},{"not_picked":["Crescendo","Prostrate"],"picked":"Vault","floor":7},{"not_picked":["Prostrate","Crescendo","EmptyMind"],"picked":"SKIP","floor":11},{"not_picked":["FlurryOfBlows","EmptyFist"],"picked":"Protect","floor":12},{"not_picked":["FlurryOfBlows","ClearTheMind"],"picked":"Worship","floor":14},{"not_picked":["MasterReality","Blasphemy"],"picked":"DeusExMachina","floor":16},{"not_picked":["SignatureMove","WindmillStrike+1","ClearTheMind+1"],"picked":"SKIP","floor":18},{"not_picked":["Pray","BowlingBash"],"picked":"Protect","floor":21},{"not_picked":["Sanctity","FlurryOfBlows"],"picked":"JustLucky+1","floor":22},{"not_picked":["EmptyBody","EmptyFist+1","Judgement"],"picked":"SKIP","floor":23},{"not_picked":["Crescendo","EmptyFist"],"picked":"TalkToTheHand","floor":25},{"not_picked":["MentalFortress","EmptyBody"],"picked":"Protect","floor":27},{"not_picked":["BowlingBash","Adaptation","BattleHymn"],"picked":"SKIP","floor":31},{"not_picked":["BowlingBash","Adaptation","BattleHymn"],"picked":"SKIP","floor":31},{"not_picked":["SignatureMove","BowlingBash"],"picked":"Conclude+1","floor":35},{"not_picked":["Evaluate","EmptyBody+1"],"picked":"ThirdEye+1","floor":36},{"not_picked":["BattleHymn+1","FlurryOfBlows+1"],"picked":"SpiritShield","floor":40},{"not_picked":["JustLucky+1","Meditate"],"picked":"Consecrate","floor":41},{"not_picked":["Crescendo","Sanctity"],"picked":"SashWhip+1","floor":42},{"not_picked":["ConjureBlade","ThirdEye+1"],"picked":"Vault","floor":44},{"not_picked":["ClearTheMind+1","EmptyMind"],"picked":"Evaluate+1","floor":48}],"player_experience":1323350,"relics_obtained":[{"floor":6,"key":"CeramicFish"},{"floor":9,"key":"Boot"},{"floor":11,"key":"Pen Nib"},{"floor":23,"key":"Lantern"},{"floor":26,"key":"War Paint"},{"floor":30,"key":"Red Mask"},{"floor":40,"key":"Potion Belt"},{"floor":42,"key":"Bottled Tornado"},{"floor":43,"key":"Akabeko"},{"floor":44,"key":"Toy Ornithopter"},{"floor":45,"key":"Pantograph"}],"event_choices":[{"damage_healed":0,"gold_gain":0,"player_choice":"Take Damage","damage_taken":18,"relics_obtained":["Golden Idol"],"max_hp_gain":0,"max_hp_loss":0,"event_name":"Golden Idol","floor":4,"gold_loss":0},{"damage_healed":0,"gold_gain":0,"player_choice":"Entered Light","damage_taken":14,"max_hp_gain":0,"max_hp_loss":0,"event_name":"Shining Light","floor":8,"gold_loss":0,"cards_upgraded":["Consecrate","ThirdEye"]},{"damage_healed":0,"gold_gain":75,"player_choice":"Gather Gold","damage_taken":11,"max_hp_gain":0,"max_hp_loss":0,"event_name":"World of Goop","floor":10,"gold_loss":0},{"cards_removed":["DeusExMachina"],"damage_healed":0,"gold_gain":0,"player_choice":"Offered Rare","damage_taken":0,"max_hp_gain":10,"max_hp_loss":0,"event_name":"Bonfire Elementals","floor":19,"gold_loss":0},{"damage_healed":0,"gold_gain":0,"player_choice":"Obtained Relic","damage_taken":0,"relics_obtained":["MealTicket"],"max_hp_gain":0,"max_hp_loss":0,"event_name":"Addict","floor":28,"gold_loss":85},{"damage_healed":0,"gold_gain":0,"player_choice":"Fought Bandits","damage_taken":0,"max_hp_gain":0,"max_hp_loss":0,"event_name":"Masked Bandits","floor":30,"gold_loss":0},{"cards_removed":["BowlingBash"],"damage_healed":0,"gold_gain":0,"player_choice":"Removed Attack","damage_taken":0,"max_hp_gain":0,"max_hp_loss":0,"event_name":"Falling","floor":37,"gold_loss":0},{"damage_healed":0,"gold_gain":333,"player_choice":"Gave Idol","damage_taken":0,"max_hp_gain":0,"max_hp_loss":0,"event_name":"The Moai Head","floor":39,"relics_lost":["Golden Idol"],"gold_loss":0},{"damage_healed":0,"gold_gain":0,"player_choice":"Upgrade","damage_taken":0,"relics_obtained":["Mark of the Bloom"],"max_hp_gain":0,"max_hp_loss":0,"event_name":"MindBloom","floor":46,"gold_loss":0,"cards_upgraded":["CrushJoints","CrushJoints","CrushJoints","BowlingBash","BowlingBash","BowlingBash","JustLucky","JustLucky","JustLucky","Evaluate","Evaluate","Evaluate","Consecrate","Consecrate","Consecrate","Consecrate","Consecrate","JustLucky","JustLucky","JustLucky","CutThroughFate","CutThroughFate","CutThroughFate","ThirdEye","ThirdEye","ThirdEye","Weave","Weave","Weave","JustLucky","JustLucky","JustLucky","ThirdEye","ThirdEye","CrushJoints","CrushJoints","CrushJoints","CutThroughFate","CutThroughFate","CutThroughFate","BowlingBash","BowlingBash","Vault","Vault","Protect","Protect","Protect","Worship","Worship","Worship","DeusExMachina","DeusExMachina","Wallop","Wallop","Wallop","CutThroughFate","CutThroughFate","CutThroughFate","Protect","Protect","TalkToTheHand","TalkToTheHand","TalkToTheHand","Protect","Protect","Protect","Fasting2","Fasting2","Fasting2","Dark Shackles","Dark Shackles","Dark Shackles","Devotion","Devotion","Devotion","Brilliance","Brilliance","Brilliance","DeceiveReality","DeceiveReality","DeceiveReality","SpiritShield","SpiritShield","SpiritShield","Consecrate","Consecrate","Consecrate","Vault","Vault","Vault"]}],"is_beta":false,"boss_relics":[{"not_picked":["Sozu","Snecko Eye"],"picked":"SacredBark"},{"not_picked":["Velvet Choker","Empty Cage"],"picked":"HolyWater"}],"items_purged_floors":[],"is_endless":false,"potions_floor_spawned":[3,5,6,14,18,22,23,25,27,40,41,42,44,48],"ascension_level":0}}