{"host":"hszimsrtxxc2k25w","time":1612989114,"event":{"mods":["AchievementEnabler","BaseMod","Colored Map","DeckTracker","Minty Spire (QoL Compilation)","Rare Cards Sparkle","SuperFastMode"],"gold_per_floor":[115,126,140,65,77,77,87,104,127,127,144,175,186,212,212,212,212],"floor_reached":16,"language":"KOR","playtime":397,"items_purged":[],"score":232,"play_id":"301e3d05-be3b-4bd0-a7ab-27c4e2ace092","local_time":"20210211053154","is_ascension_mode":true,"campfire_choices":[{"data":"Poisoned Stab","floor":6,"key":"SMITH"},{"floor":15,"key":"REST"}],"circlet_count":0,"master_deck":["AscendersBane","Strike_G","Strike_G","Strike_G","Strike_G","Defend_G","Defend_G","Defend_G","Defend_G","Survivor","Neutralize+1","Poisoned Stab+1","Cloak And Dagger","Noxious Fumes","All Out Attack","Tactician","Predator","Reflex"],"relics":["Ring of the Snake","Strawberry","Bag of Marbles","Akabeko"],"acts_visited":["Exordium"],"potions_floor_usage":[13,14],"damage_taken":[{"damage":7,"enemies":"2 Louse","floor":1,"turns":4},{"damage":5,"enemies":"Small Slimes","floor":2,"turns":4},{"damage":1,"enemies":"Cultist","floor":3,"turns":4},{"damage":4,"enemies":"Looter","floor":5,"turns":4},{"damage":8,"enemies":"Blue Slaver","floor":7,"turns":4},{"damage":10,"enemies":"Exordium Thugs","floor":8,"turns":5},{"damage":4,"enemies":"Looter","floor":11,"turns":4},{"damage":15,"enemies":"Lagavulin","floor":12,"turns":6},{"damage":0,"enemies":"Gremlin Gang","floor":13,"turns":3},{"damage":6,"enemies":"Gremlin Nob","floor":14,"turns":3},{"damage":30,"enemies":"Slime Boss","floor":16,"turns":4}],"seed_played":"-7643138203944550026","potions_obtained":[{"floor":2,"key":"SkillPotion"},{"floor":3,"key":"Dexterity Potion"},{"floor":5,"key":"CunningPotion"},{"floor":11,"key":"SkillPotion"}],"is_trial":false,"path_per_floor":["M","M","M","?","M","R","M","M","T","?","M","E","M","E","R","B"],"character_chosen":"THE_SILENT","items_purchased":[],"campfire_rested":1,"item_purchase_floors":[],"current_hp_per_floor":[52,47,46,46,42,42,34,24,31,31,27,12,12,6,27,0,0],"gold":212,"neow_bonus":"UPGRADE_CARD","is_daily":false,"chose_seed":false,"campfire_upgraded":1,"win_rate":0.0,"timestamp":1612989114,"path_taken":["M","M","M","?","M","R","M","M","T","?","M","E","M","E","R","BOSS"],"items_purchased_type":[],"build_version":"2020-12-22","purchased_purges":0,"victory":false,"max_hp_per_floor":[66,66,66,66,66,66,66,66,73,73,73,73,73,73,73,73,73],"card_choices":[{"not_picked":["Prepared","Blur"],"picked":"Poisoned Stab","floor":1},{"not_picked":["Caltrops","Deflect"],"picked":"Cloak And Dagger","floor":2},{"not_picked":["Bane","Poisoned Stab"],"picked":"Noxious Fumes","floor":3},{"not_picked":["Dagger Throw","Venomology"],"picked":"All Out Attack","floor":5},{"not_picked":["Poisoned Stab","Dagger Spray","Dagger Throw"],"picked":"SKIP","floor":7},{"not_picked":["Eviscerate","Expertise","Flechettes"],"picked":"SKIP","floor":8},{"not_picked":["Poisoned Stab","Calculated Gamble"],"picked":"Tactician","floor":11},{"not_picked":["Dagger Throw","Sucker Punch"],"picked":"Predator","floor":12},{"not_picked":["Slice","Quick Slash","Deflect"],"picked":"SKIP","floor":13},{"not_picked":["Leg Sweep","Quick Slash"],"picked":"Reflex","floor":14}],"player_experience":674252,"relics_obtained":[{"floor":9,"key":"Strawberry"},{"floor":12,"key":"Bag of Marbles"},{"floor":14,"key":"Akabeko"}],"event_choices":[{"cards_removed":["Strike_G"],"damage_healed":0,"gold_gain":0,"player_choice":"Card Removal","damage_taken":0,"max_hp_gain":0,"max_hp_loss":0,"event_name":"The Cleric","floor":4,"gold_loss":75},{"cards_removed":["Defend_G"],"damage_healed":0,"gold_gain":0,"player_choice":"Offered Basic","damage_taken":0,"max_hp_gain":0,"max_hp_loss":0,"event_name":"Bonfire Elementals","floor":10,"gold_loss":0}],"is_beta":false,"boss_relics":[],"items_purged_floors":[],"is_endless":false,"potions_floor_spawned":[2,3,5,11,12],"killed_by":"Slime Boss","ascension_level":20}}