{"host":"i09pxcjttd31eh4q","time":1612947961,"event":{"mods":["AchievementEnabler","BaseMod","Colored Map","Keyboard Shortcuts","Minty Spire (QoL Compilation)","StSLib","SuperFastMode"],"gold_per_floor":[115,129,142,142,41,41,73,84,84,84,134,149,161,175,175,175,175],"floor_reached":16,"language":"KOR","playtime":338,"items_purged":["Strike_B"],"score":208,"play_id":"052ba504-ea2b-487f-bbbf-f9eaead8e773","local_time":"20210210180601","is_ascension_mode":true,"campfire_choices":[{"data":"Zap","floor":6.0,"key":"SMITH"},{"data":"Self Repair","floor":10.0,"key":"SMITH"},{"data":"Darkness","floor":15,"key":"SMITH"}],"circlet_count":0,"master_deck":["AscendersBane","Strike_B","Strike_B","Defend_B","Defend_B","Defend_B","Defend_B","Zap+1","Dualcast","Cold Snap","Sweeping Beam","Reinforced Body","Conserve Battery","Self Repair+1","Heatsinks","Ball Lightning","Darkness+1","Undo"],"relics":["Cracked Core","NeowsBlessing","Question Card","Lizard Tail"],"acts_visited":["Exordium"],"potions_floor_usage":[16],"damage_taken":[{"damage":0.0,"enemies":"Cultist","floor":1.0,"turns":1.0},{"damage":0.0,"enemies":"Jaw Worm","floor":2.0,"turns":1.0},{"damage":0.0,"enemies":"2 Louse","floor":3.0,"turns":1.0},{"damage":43.0,"enemies":"Gremlin Nob","floor":7.0,"turns":5.0},{"damage":4.0,"enemies":"Looter","floor":8.0,"turns":4.0},{"damage":22.0,"enemies":"Large Slime","floor":12.0,"turns":9.0},{"damage":18.0,"enemies":"Lots of Slimes","floor":13.0,"turns":4.0},{"damage":8,"enemies":"Blue Slaver","floor":14,"turns":5},{"damage":34,"enemies":"Hexaghost","floor":16,"turns":9}],"seed_played":"3143077930451369769","potions_obtained":[{"floor":3.0,"key":"AttackPotion"},{"floor":7.0,"key":"Strength Potion"},{"floor":14,"key":"Energy Potion"}],"is_trial":false,"path_per_floor":["M","M","M","?","$","R","E","M","T","R","?","M","M","M","R","B"],"character_chosen":"DEFECT","items_purchased":["Conserve Battery"],"campfire_rested":0,"item_purchase_floors":[5],"current_hp_per_floor":[64,64,64,57,57,57,14,17,17,17,17,40,32,34,34,0,0],"gold":175,"neow_bonus":"THREE_ENEMY_KILL","is_daily":false,"chose_seed":false,"campfire_upgraded":3,"win_rate":0.0,"timestamp":1612947961,"path_taken":["M","?","M","?","$","R","E","M","T","R","?","M","?","M","R","BOSS"],"items_purchased_type":["Card"],"build_version":"2020-12-22","purchased_purges":1,"victory":false,"max_hp_per_floor":[71,71,71,71,71,71,71,71,71,71,71,71,71,71,71,71,71],"card_choices":[{"not_picked":["Beam Cell","Recycle"],"picked":"Cold Snap","floor":1.0},{"not_picked":["Gash","Heatsinks"],"picked":"Sweeping Beam","floor":2.0},{"not_picked":["FTL","Gash"],"picked":"Reinforced Body","floor":3.0},{"not_picked":["Static Discharge","Hello World"],"picked":"Self Repair","floor":7.0},{"not_picked":["Tempest","Stack","Core Surge"],"picked":"Heatsinks","floor":8.0},{"not_picked":["Sweeping Beam","Sunder","Reprogram"],"picked":"Ball Lightning","floor":12.0},{"not_picked":["Streamline","Hologram","Ball Lightning"],"picked":"Darkness","floor":13},{"not_picked":["Fusion","Sweeping Beam","Go for the Eyes"],"picked":"Undo","floor":14}],"player_experience":900552,"relics_obtained":[{"floor":7.0,"key":"Question Card"},{"floor":9.0,"key":"Lizard Tail"}],"event_choices":[{"cards_removed":["Strike_B"],"damage_healed":0.0,"max_hp_gain":0.0,"max_hp_loss":0.0,"gold_gain":0.0,"event_name":"Golden Wing","player_choice":"Card Removal","floor":4.0,"gold_loss":0.0,"damage_taken":7.0},{"damage_healed":0.0,"max_hp_gain":0.0,"max_hp_loss":0.0,"gold_gain":50.0,"event_name":"Golden Shrine","player_choice":"Pray","floor":11.0,"gold_loss":0.0,"damage_taken":0.0}],"is_beta":false,"boss_relics":[],"items_purged_floors":[5],"is_endless":false,"potions_floor_spawned":[3,7,14],"killed_by":"Hexaghost","ascension_level":20}}