{"host":"36t3qd3wjvajtu1z","time":1612940791,"event":{"mods":["2.2 Compatiblity","AchievementEnabler","BaseMod","Bestiary","Block Reminder","Colored Powertips","Curses Come First","Highlight Path","Minty Spire (QoL Compilation)","Permanent Neow","Quick Restart","Random Character Button","Rare Cards Sparkle","Relic Stats","Slay-I","StSLib","Unknown Chances"],"gold_per_floor":[363,374,385,13,33,33,33,66,92,24,67,67,88,38,38,38,38],"floor_reached":16,"language":"ENG","playtime":1044,"items_purged":["Strike_G","Strike_G"],"score":220,"play_id":"e429a69f-c41f-42d0-abbc-2f6bff40f9d6","local_time":"20210209230631","is_ascension_mode":true,"campfire_choices":[{"floor":7.0,"key":"REST"},{"data":"After Image","floor":12.0,"key":"SMITH"},{"data":"Cloak And Dagger","floor":15.0,"key":"SMITH"}],"circlet_count":0,"master_deck":["AscendersBane","Strike_G","Strike_G","Strike_G","Defend_G","Defend_G","Defend_G","Defend_G","Defend_G","Survivor","Neutralize","Dagger Spray","Dagger Throw","Eviscerate","Infinite Blades","Backstab","Footwork","Leg Sweep","After Image+1","Cloak And Dagger+1"],"relics":["Ring of the Snake","Dream Catcher","White Beast Statue","Lizard Tail","Oddly Smooth Stone","CeramicFish","Smiling Mask"],"acts_visited":["Exordium"],"potions_floor_usage":[16,16],"damage_taken":[{"damage":21.0,"enemies":"Cultist","floor":1.0,"turns":7.0},{"damage":4.0,"enemies":"Jaw Worm","floor":2.0,"turns":5.0},{"damage":0.0,"enemies":"2 Louse","floor":3.0,"turns":3.0},{"damage":1.0,"enemies":"Looter","floor":5.0,"turns":4.0},{"damage":17.0,"enemies":"3 Sentries","floor":8.0,"turns":5.0},{"damage":37.0,"enemies":"Gremlin Nob","floor":11.0,"turns":5.0},{"damage":0.0,"enemies":"3 Louse","floor":13.0,"turns":3.0},{"damage":11,"enemies":"Hexaghost","floor":16,"turns":14}],"seed_played":"-3668074798519815075","potions_obtained":[{"floor":3.0,"key":"Strength Potion"},{"floor":8.0,"key":"Dexterity Potion"},{"floor":11.0,"key":"Energy Potion"},{"floor":13.0,"key":"SteroidPotion"}],"is_trial":false,"path_per_floor":["M","M","M","$","M","T","R","E","T","?","E","R","M","$","R","B"],"character_chosen":"THE_SILENT","items_purchased":["Dream Catcher","Infinite Blades","Energy Potion"],"campfire_rested":1,"item_purchase_floors":[4,4,4],"current_hp_per_floor":[38,34,34,34,33,33,51,34,34,34,30,30,30,30,30,19,19],"gold":38,"neow_bonus":"TWO_FIFTY_GOLD","is_daily":false,"chose_seed":false,"campfire_upgraded":2,"win_rate":0.0,"timestamp":1612940791,"path_taken":["M","M","M","$","M","?","R","E","T","?","E","R","?","$","R","BOSS"],"items_purchased_type":["Relic","Card","Potion"],"build_version":"2020-12-22","purchased_purges":2,"victory":false,"max_hp_per_floor":[60,60,60,60,60,60,60,60,60,60,60,60,60,60,60,60,60],"relic_stats":{"Dream Catcher":1,"Lizard Tail":30,"counters":[8,46],"CeramicFish":18,"Smiling Mask":50,"obtain_stats":[{"Dream Catcher":4,"Lizard Tail":8,"CeramicFish":10,"Oddly Smooth Stone":9,"Smiling Mask":11,"White Beast Statue":6,"Ring of the Snake":0},{"Dream Catcher":3,"Lizard Tail":5,"CeramicFish":5,"Oddly Smooth Stone":5,"Smiling Mask":6,"White Beast Statue":4,"Ring of the Snake":0},{"Dream Catcher":15,"Lizard Tail":24,"CeramicFish":24,"Oddly Smooth Stone":24,"Smiling Mask":29,"White Beast Statue":19,"Ring of the Snake":0}],"Ring of the Snake":[16]},"card_choices":[{"not_picked":["Riddle With Holes","PiercingWail"],"picked":"Dagger Spray","floor":1.0},{"not_picked":["Quick Slash","Poisoned Stab"],"picked":"Dagger Throw","floor":2.0},{"not_picked":["Escape Plan","Expertise"],"picked":"Eviscerate","floor":3.0},{"not_picked":["Flying Knee","Prepared"],"picked":"Backstab","floor":5.0},{"not_picked":["Choke","Eviscerate"],"picked":"Footwork","floor":7.0},{"not_picked":["Reflex","Finisher"],"picked":"Leg Sweep","floor":8.0},{"not_picked":["Crippling Poison","Dodge and Roll"],"picked":"After Image","floor":11.0},{"not_picked":["Quick Slash","Bane"],"picked":"Cloak And Dagger","floor":13.0}],"player_experience":461020,"relics_obtained":[{"floor":6.0,"key":"White Beast Statue"},{"floor":8.0,"key":"Lizard Tail"},{"floor":9.0,"key":"Oddly Smooth Stone"},{"floor":11.0,"key":"Smiling Mask"}],"event_choices":[{"damage_healed":0.0,"max_hp_gain":0.0,"max_hp_loss":0.0,"gold_gain":0.0,"event_name":"WeMeetAgain","player_choice":"Paid Gold","floor":10.0,"gold_loss":68.0,"damage_taken":0.0,"relics_obtained":["CeramicFish"]}],"is_beta":false,"boss_relics":[],"items_purged_floors":[4,14],"is_endless":false,"potions_floor_spawned":[3,8,11,13],"killed_by":"Hexaghost","ascension_level":20}}