{"host":"is2s59edl8twrhoj","time":1612983533,"event":{"mods":["BaseMod","Colored Map","Colored Powertips","DeckTracker","Downfall","Minty Spire (QoL Compilation)","StSLib"],"gold_per_floor":[118,135,153,165,178,178,208,238,238,163,163,163,198,210,210,210,210],"floor_reached":16,"language":"ENG","playtime":455,"items_purged":[],"score":202,"play_id":"10b5422f-360c-4e1f-8630-739fc3bd0baa","local_time":"20210210185853","is_ascension_mode":true,"campfire_choices":[{"data":"Searing Blow","floor":6,"key":"SMITH"},{"data":"Armaments","floor":12,"key":"SMITH"},{"floor":15,"key":"REST"}],"circlet_count":0,"master_deck":["AscendersBane","Strike_R","Strike_R","Strike_R","Strike_R","Defend_R","Defend_R","Defend_R","Defend_R","Sword Boomerang","Searing Blow+1","Battle Trance","Iron Wave","Armaments+1","Iron Wave"],"relics":["Burning Blood","NeowsBlessing","WingedGreaves","Anchor","Ancient Tea Set"],"acts_visited":["Exordium"],"potions_floor_usage":[7,7,13],"damage_taken":[{"damage":0,"enemies":"Cultist","floor":1,"turns":1},{"damage":0,"enemies":"Jaw Worm","floor":2,"turns":1},{"damage":0,"enemies":"Small Slimes","floor":3,"turns":1},{"damage":17,"enemies":"Looter","floor":4,"turns":3},{"damage":28,"enemies":"Exordium Thugs","floor":5,"turns":4},{"damage":16,"enemies":"Gremlin Nob","floor":7,"turns":3},{"damage":48,"enemies":"Lagavulin","floor":13,"turns":7},{"damage":6,"enemies":"Lots of Slimes","floor":14,"turns":5},{"damage":33,"enemies":"Slime Boss","floor":16,"turns":8}],"seed_played":"1860801014968040355","potions_obtained":[{"floor":2,"key":"DuplicationPotion"},{"floor":3,"key":"DuplicationPotion"},{"floor":5,"key":"Regen Potion"},{"floor":7,"key":"BloodPotion"},{"floor":13,"key":"Ancient Potion"}],"is_trial":false,"path_per_floor":["M","M","M","M","M","R","E","?","T","?","?","R","E","M","R","B"],"character_chosen":"IRONCLAD","items_purchased":[],"campfire_rested":1,"item_purchase_floors":[],"current_hp_per_floor":[74,75,75,64,42,42,41,41,41,41,34,34,7,7,29,0,0],"gold":210,"neow_bonus":"THREE_ENEMY_KILL","is_daily":false,"chose_seed":false,"campfire_upgraded":2,"win_rate":0.0,"timestamp":1612983533,"path_taken":["M","M","M","M","?","R","E","?","T","?","?","R","E","M","R","BOSS"],"items_purchased_type":[],"build_version":"2020-12-22","purchased_purges":0,"victory":false,"max_hp_per_floor":[75,75,75,75,75,75,75,75,75,75,75,75,75,75,75,75,75],"card_choices":[{"not_picked":["Headbutt","Perfected Strike"],"picked":"Sword Boomerang","floor":1},{"not_picked":["Heavy Blade","Flex"],"picked":"Searing Blow","floor":2},{"not_picked":["Shockwave","Twin Strike"],"picked":"Battle Trance","floor":3},{"not_picked":["Rupture","Hemokinesis","Body Slam"],"picked":"SKIP","floor":4},{"not_picked":["Headbutt","Warcry"],"picked":"Iron Wave","floor":5},{"not_picked":["Disarm","Anger"],"picked":"Armaments","floor":7},{"not_picked":["Headbutt","Barricade"],"picked":"Iron Wave","floor":13},{"not_picked":["Reckless Charge","Dual Wield","Metallicize"],"picked":"SKIP","floor":14}],"player_experience":695907,"relics_obtained":[{"floor":7,"key":"WingedGreaves"},{"floor":9,"key":"Anchor"},{"floor":13,"key":"Ancient Tea Set"}],"event_choices":[{"damage_healed":0,"gold_gain":30,"player_choice":"Searched \u00271\u0027 times","damage_taken":0,"max_hp_gain":0,"max_hp_loss":0,"event_name":"Dead Adventurer","floor":8,"gold_loss":0},{"cards_removed":["Bash"],"damage_healed":0,"gold_gain":0,"player_choice":"Card Removal","damage_taken":0,"max_hp_gain":0,"max_hp_loss":0,"event_name":"The Cleric","floor":10,"gold_loss":75},{"cards_removed":["Strike_R"],"damage_healed":0,"gold_gain":0,"player_choice":"Card Removal","damage_taken":7,"max_hp_gain":0,"max_hp_loss":0,"event_name":"Golden Wing","floor":11,"gold_loss":0}],"is_beta":false,"boss_relics":[],"items_purged_floors":[],"is_endless":false,"potions_floor_spawned":[2,3,5,7,13],"killed_by":"Slime Boss","ascension_level":16}}