{"host":"ypzb5vvnu9f3ii1t","time":1612964780,"event":{"mods":["AchievementEnabler","BaseMod","Colored Map","DeckTracker","Keyboard Shortcuts","Minty Spire (QoL Compilation)","Permanent Neow","Quick Restart","SuperFastMode"],"gold_per_floor":[118,131,36,36,36,66,90,90,142,142,176,176,191,191,191,290,290,301,31,45,45,45,45,59,93,93,93,93,15,26,26,26,122,122,132,132,132],"floor_reached":36,"language":"KOR","playtime":1075,"items_purged":["Strike_G"],"score":645,"play_id":"cfdc845e-e790-4195-85e9-f1db280c8f04","local_time":"20210210224620","is_ascension_mode":true,"campfire_choices":[{"data":"Footwork","floor":8.0,"key":"SMITH"},{"data":"Blade Dance","floor":10.0,"key":"SMITH"},{"data":"Blade Dance","floor":12.0,"key":"SMITH"},{"floor":15.0,"key":"REST"},{"floor":23.0,"key":"REST"},{"floor":27.0,"key":"REST"},{"floor":32.0,"key":"REST"}],"circlet_count":0,"master_deck":["Strike_G","Strike_G","Strike_G","Defend_G","Defend_G","Defend_G","Defend_G","Defend_G","Survivor","Neutralize","Blade Dance+1","Footwork+1","Cloak And Dagger","Blade Dance+1","Storm of Steel","Phantasmal Killer","Accuracy","Accuracy","Dodge and Roll+1","Escape Plan","Footwork"],"relics":["Ring of the Snake","NeowsBlessing","Blood Vial","Art of War","Boot","Darkstone Periapt","SlaversCollar","DollysMirror","PreservedInsect","Ornamental Fan","Sundial","Snecko Eye"],"acts_visited":["Exordium","TheCity","TheBeyond"],"potions_floor_usage":[],"damage_taken":[{"damage":0.0,"enemies":"Jaw Worm","floor":1.0,"turns":1.0},{"damage":0.0,"enemies":"2 Louse","floor":2.0,"turns":1.0},{"damage":0.0,"enemies":"3 Sentries","floor":6.0,"turns":1.0},{"damage":19.0,"enemies":"Gremlin Nob","floor":11.0,"turns":5.0},{"damage":0.0,"enemies":"Cultist","floor":13.0,"turns":2.0},{"damage":26.0,"enemies":"Hexaghost","floor":16.0,"turns":9.0},{"damage":25.0,"enemies":"Spheric Guardian","floor":18.0,"turns":6.0},{"damage":15.0,"enemies":"2 Thieves","floor":20.0,"turns":4.0},{"damage":6.0,"enemies":"Snecko","floor":24.0,"turns":4.0},{"damage":24.0,"enemies":"Book of Stabbing","floor":25.0,"turns":5.0},{"damage":33.0,"enemies":"Centurion and Healer","floor":30.0,"turns":5.0},{"damage":0.0,"enemies":"Champ","floor":33.0,"turns":7.0},{"damage":28,"enemies":"3 Shapes","floor":35,"turns":4},{"damage":0,"enemies":"3 Darklings","floor":36,"turns":1}],"seed_played":"2833664105183079696","potions_obtained":[{"floor":1.0,"key":"Energy Potion"},{"floor":2.0,"key":"Swift Potion"},{"floor":13.0,"key":"FearPotion"},{"floor":16.0,"key":"BlessingOfTheForge"},{"floor":18.0,"key":"LiquidBronze"},{"floor":25.0,"key":"CunningPotion"}],"is_trial":false,"path_per_floor":["M","M","$","?","?","E","T","R","T","R","E","R","M","?","R","B",null,"M","$","M","$","?","R","M","E","T","R","?","$","M","?","R","B",null,"M","M"],"character_chosen":"THE_SILENT","items_purchased":["Footwork","Cloak And Dagger","Accuracy","DollysMirror","Escape Plan"],"campfire_rested":4,"item_purchase_floors":[3,3,19,19,29],"current_hp_per_floor":[63,63,63,68,68,68,68,68,68,68,51,51,53,53,75,49,69,46,46,33,33,33,55,51,29,29,51,51,51,20,6,30,32,68,42,44,44],"gold":132,"neow_bonus":"THREE_ENEMY_KILL","is_daily":false,"chose_seed":false,"campfire_upgraded":3,"win_rate":0.0,"timestamp":1612964780,"path_taken":["M","M","$","?","?","E","?","R","T","R","E","R","M","?","R","BOSS","M","$","M","?","?","R","M","E","T","R","?","$","?","?","R","BOSS","M","M"],"items_purchased_type":["Card","Card","Card","Relic","Card"],"build_version":"2020-12-22","purchased_purges":1,"victory":false,"max_hp_per_floor":[70,70,70,75,75,75,75,75,75,75,75,75,75,75,75,75,75,75,75,75,75,75,75,75,75,75,75,75,75,75,80,80,80,80,80,80,80],"card_choices":[{"not_picked":["Deflect","Slice","Backstab"],"picked":"SKIP","floor":1.0},{"not_picked":["Dagger Spray","Distraction"],"picked":"Blade Dance","floor":2.0},{"not_picked":["Caltrops","Quick Slash","Predator"],"picked":"SKIP","floor":6.0},{"not_picked":["Cloak And Dagger","Outmaneuver"],"picked":"Blade Dance","floor":11.0},{"not_picked":["Skewer","PiercingWail"],"picked":"Storm of Steel","floor":13.0},{"not_picked":["Calculated Gamble","Dash","Acrobatics"],"picked":"SKIP","floor":18.0},{"not_picked":["Noxious Fumes","Underhanded Strike+1","Crippling Poison"],"picked":"SKIP","floor":20.0},{"not_picked":["Tactician","Blade Dance"],"picked":"Dodge and Roll+1","floor":24.0},{"not_picked":["Finisher","Prepared+1","Concentrate+1"],"picked":"SKIP","floor":25.0},{"not_picked":["Noxious Fumes","Dagger Throw","Outmaneuver"],"picked":"SKIP","floor":30.0},{"not_picked":["Slice+1","Acrobatics"],"picked":"Footwork","floor":35}],"player_experience":202188,"relics_obtained":[{"floor":6.0,"key":"Blood Vial"},{"floor":7.0,"key":"Art of War"},{"floor":9.0,"key":"Boot"},{"floor":11.0,"key":"Darkstone Periapt"},{"floor":25.0,"key":"Ornamental Fan"},{"floor":26.0,"key":"Sundial"}],"event_choices":[{"damage_healed":0.0,"max_hp_gain":5.0,"max_hp_loss":0.0,"gold_gain":0.0,"event_name":"Big Fish","player_choice":"Donut","floor":4.0,"gold_loss":0.0,"damage_taken":0.0},{"damage_healed":0.0,"max_hp_gain":0.0,"max_hp_loss":0.0,"gold_gain":0.0,"event_name":"Shining Light","player_choice":"Ignored","floor":5.0,"gold_loss":0.0,"damage_taken":0.0},{"damage_healed":0.0,"max_hp_gain":0.0,"max_hp_loss":0.0,"gold_gain":0.0,"event_name":"Match and Keep!","player_choice":"1 cards matched","floor":14.0,"gold_loss":0.0,"damage_taken":0.0,"cards_obtained":["Phantasmal Killer"]},{"damage_healed":0.0,"max_hp_gain":0.0,"max_hp_loss":0.0,"gold_gain":0.0,"event_name":"The Mausoleum","player_choice":"Opened","floor":22.0,"gold_loss":0.0,"damage_taken":0.0,"relics_obtained":["PreservedInsect"]},{"cards_removed":["Strike_G"],"damage_healed":0.0,"max_hp_gain":0.0,"max_hp_loss":0.0,"gold_gain":0.0,"event_name":"Purifier","player_choice":"Purged","floor":28.0,"gold_loss":0.0,"damage_taken":0.0},{"damage_healed":0.0,"max_hp_gain":5.0,"max_hp_loss":0.0,"gold_gain":0.0,"event_name":"Forgotten Altar","player_choice":"Shed Blood","floor":31.0,"gold_loss":0.0,"damage_taken":19.0}],"is_beta":false,"boss_relics":[{"not_picked":["Astrolabe","Velvet Choker"],"picked":"SlaversCollar"},{"not_picked":["SacredBark","Ring of the Serpent"],"picked":"Snecko Eye"}],"items_purged_floors":[19],"is_endless":false,"potions_floor_spawned":[1,2,13,16,18,20,25],"killed_by":"3 Darklings","ascension_level":8}}