{"host":"g907ck67u7c3hrs6","time":1612941653,"event":{"mods":["BaseMod","Colored Map","DeckTracker","Highlight Path","Keyboard Shortcuts","Minty Spire (QoL Compilation)","Permanent Neow","Say the Spire","SuperFastMode"],"gold_per_floor":[116,66,241,93,93,93,93,106,131,131,131,131,131,152,152,271,334,352,352,627,197,215,215,215,215,287,287,287,287,287,162,162,292,292,306,156,431,256,281,281,281,305,353,394,394,415,415,478,478,478],"floor_reached":51,"language":"KOR","playtime":679,"items_purged":["Doubt","Regret","Writhe","Strike_R","Regret"],"score":953,"play_id":"548e985f-37cf-4d51-9532-95b501d4a502","local_time":"20210210162053","daily_mods":["Heirloom","Flight"],"is_ascension_mode":false,"campfire_choices":[{"data":"Searing Blow","floor":6.0,"key":"SMITH"},{"data":"Searing Blow+1","floor":10.0,"key":"SMITH"},{"data":"Searing Blow+2","floor":11.0,"key":"SMITH"},{"data":"Searing Blow+3","floor":12.0,"key":"SMITH"},{"data":"Searing Blow+4","floor":13.0,"key":"SMITH"},{"data":"Searing Blow+5","floor":15.0,"key":"SMITH"},{"data":"Searing Blow+6","floor":23.0,"key":"SMITH"},{"data":"Searing Blow+7","floor":24.0,"key":"SMITH"},{"data":"Searing Blow+8","floor":25.0,"key":"SMITH"},{"data":"Searing Blow+9","floor":27.0,"key":"SMITH"},{"data":"Searing Blow+10","floor":28.0,"key":"SMITH"},{"data":"Searing Blow+11","floor":29.0,"key":"SMITH"},{"data":"Searing Blow+12","floor":32.0,"key":"SMITH"},{"data":"Searing Blow+13","floor":40.0,"key":"SMITH"},{"data":"Searing Blow+14","floor":41.0,"key":"SMITH"},{"data":"Searing Blow+15","floor":45.0,"key":"SMITH"},{"data":"Searing Blow+16","floor":47.0,"key":"SMITH"},{"data":"Searing Blow+17","floor":49.0,"key":"SMITH"}],"circlet_count":0,"master_deck":["Strike_R","Strike_R","Strike_R+1","Defend_R","Defend_R+1","Defend_R","Defend_R","Bash+1","Blood for Blood","Searing Blow+18","Headbutt","Thinking Ahead","Ghostly","Ghostly","Ghostly","Ghostly","Ghostly","Brutality","Double Tap"],"relics":["Burning Blood","Turnip","Golden Idol","Orichalcum","Tiny House","Letter Opener","Toolbox","Bottled Lightning","Coffee Dripper","Art of War","Bag of Preparation","Dead Branch"],"acts_visited":["Exordium","TheCity","TheBeyond"],"potions_floor_usage":[50,50],"damage_taken":[{"damage":6.0,"enemies":"Jaw Worm","floor":1.0,"turns":5.0},{"damage":3.0,"enemies":"Small Slimes","floor":8.0,"turns":3.0},{"damage":0.0,"enemies":"2 Louse","floor":14.0,"turns":3.0},{"damage":0.0,"enemies":"Slime Boss","floor":16.0,"turns":5.0},{"damage":5.0,"enemies":"Spheric Guardian","floor":18.0,"turns":3.0},{"damage":14.0,"enemies":"Shell Parasite","floor":22.0,"turns":4.0},{"damage":0.0,"enemies":"Collector","floor":33.0,"turns":5.0},{"damage":0.0,"enemies":"3 Shapes","floor":35.0,"turns":4.0},{"damage":2.0,"enemies":"3 Darklings","floor":39.0,"turns":6.0},{"damage":0.0,"enemies":"Jaw Worm Horde","floor":42.0,"turns":5.0},{"damage":0.0,"enemies":"Reptomancer","floor":44.0,"turns":1.0},{"damage":0.0,"enemies":"Spire Growth","floor":46.0,"turns":1.0},{"damage":0.0,"enemies":"Mind Bloom Boss Battle","floor":48.0,"turns":1.0},{"damage":0,"enemies":"Time Eater","floor":50,"turns":2}],"seed_played":"8975312364802241531","potions_obtained":[{"floor":8.0,"key":"SmokeBomb"},{"floor":14.0,"key":"LiquidBronze"},{"floor":16.0,"key":"Fruit Juice"},{"floor":17.0,"key":"ElixirPotion"},{"floor":18.0,"key":"SkillPotion"},{"floor":44.0,"key":"Energy Potion"},{"floor":46.0,"key":"LiquidMemories"}],"is_trial":true,"path_per_floor":["M","?","?","$","?","R","?","M","T","R","R","R","R","M","R","B",null,"M","?","?","$","M","R","R","R","T","R","R","R","?","$","R","B",null,"M","$","?","$","M","R","R","M","T","E","R","M","R","?","R","B",null],"character_chosen":"IRONCLAD","items_purchased":["Searing Blow","Toolbox","Thinking Ahead"],"campfire_rested":0,"item_purchase_floors":[4,21,21],"current_hp_per_floor":[80,80,80,80,60,60,44,47,47,47,47,47,47,53,53,64,90,90,90,90,90,82,82,82,82,82,82,82,82,45,45,45,45,45,45,45,45,45,45,45,45,45,45,45,45,45,45,45,45,45],"gold":478,"neow_bonus":"","is_daily":false,"chose_seed":false,"campfire_upgraded":18,"win_rate":0.0,"timestamp":1612941653,"path_taken":["M","?","?","$","?","R","?","?","T","R","R","R","R","?","R","BOSS","M","?","?","$","?","R","R","R","T","R","R","R","?","$","R","BOSS","M","$","?","$","?","R","R","M","T","E","R","M","R","?","R","BOSS"],"items_purchased_type":["Card","Relic","Card"],"build_version":"2020-12-22","purchased_purges":5,"victory":true,"max_hp_per_floor":[80,80,80,80,80,80,80,80,80,80,80,80,80,80,80,85,90,90,90,90,90,90,90,90,90,90,90,90,90,45,45,45,45,45,45,45,45,45,45,45,45,45,45,45,45,45,45,45,45,45],"card_choices":[{"not_picked":["Iron Wave","Sword Boomerang"],"picked":"Blood for Blood","floor":1.0},{"not_picked":["Armaments","Pommel Strike","Pummel"],"picked":"SKIP","floor":8.0},{"not_picked":["Sentinel","Thunderclap"],"picked":"Headbutt","floor":14.0},{"not_picked":["Iron Wave+1","Heavy Blade+1","Twin Strike+1"],"picked":"SKIP","floor":18.0},{"not_picked":["Uppercut","Flex","Havoc+1"],"picked":"SKIP","floor":22.0},{"not_picked":["Berserk","Barricade"],"picked":"Brutality","floor":33.0},{"not_picked":["Seeing Red","Blood for Blood+1","Heavy Blade"],"picked":"SKIP","floor":35.0},{"not_picked":["Wild Strike+1","Thunderclap+1","Twin Strike"],"picked":"SKIP","floor":39.0},{"not_picked":["Ghostly Armor+1","Feed","Searing Blow"],"picked":"SKIP","floor":42.0},{"not_picked":["Blood for Blood+1","Bloodletting+1","Iron Wave+1"],"picked":"SKIP","floor":44.0},{"not_picked":["Iron Wave+1","Pommel Strike","Heavy Blade+1"],"picked":"SKIP","floor":46.0},{"not_picked":["Entrench+1","Havoc+1"],"picked":"Double Tap","floor":48.0}],"player_experience":277289,"relics_obtained":[{"floor":9.0,"key":"Orichalcum"},{"floor":26.0,"key":"Bottled Lightning"},{"floor":43.0,"key":"Art of War"},{"floor":44.0,"key":"Bag of Preparation"},{"floor":48.0,"key":"Dead Branch"}],"event_choices":[{"cards_removed":["Strike_R"],"damage_healed":0.0,"max_hp_gain":0.0,"max_hp_loss":0.0,"gold_gain":0.0,"event_name":"The Cleric","player_choice":"Card Removal","floor":2.0,"gold_loss":50.0,"damage_taken":0.0},{"damage_healed":0.0,"max_hp_gain":0.0,"max_hp_loss":0.0,"gold_gain":175.0,"event_name":"Liars Game","player_choice":"AGREE","floor":3.0,"gold_loss":0.0,"damage_taken":0.0,"cards_obtained":["Doubt"]},{"damage_healed":0.0,"max_hp_gain":0.0,"max_hp_loss":0.0,"gold_gain":0.0,"event_name":"Golden Idol","player_choice":"Take Damage","floor":5.0,"gold_loss":0.0,"damage_taken":20.0,"relics_obtained":["Golden Idol"]},{"damage_healed":0.0,"max_hp_gain":0.0,"max_hp_loss":0.0,"gold_gain":0.0,"event_name":"Shining Light","player_choice":"Entered Light","floor":7.0,"gold_loss":0.0,"damage_taken":16.0,"cards_upgraded":["Strike_R","Bash"]},{"damage_healed":0.0,"max_hp_gain":0.0,"max_hp_loss":0.0,"gold_gain":0.0,"event_name":"The Mausoleum","player_choice":"Opened","floor":19.0,"gold_loss":0.0,"damage_taken":0.0,"relics_obtained":["Letter Opener"],"cards_obtained":["Writhe"]},{"damage_healed":0.0,"max_hp_gain":0.0,"max_hp_loss":0.0,"gold_gain":275.0,"event_name":"Golden Shrine","player_choice":"Desecrate","floor":20.0,"gold_loss":0.0,"damage_taken":0.0,"cards_obtained":["Regret"]},{"damage_healed":0.0,"max_hp_gain":0.0,"max_hp_loss":45.0,"gold_gain":0.0,"event_name":"Ghosts","player_choice":"Became a Ghost","floor":30.0,"gold_loss":0.0,"damage_taken":0.0,"cards_obtained":["Ghostly","Ghostly","Ghostly","Ghostly","Ghostly"]},{"damage_healed":0.0,"max_hp_gain":0.0,"max_hp_loss":0.0,"gold_gain":275.0,"event_name":"Golden Shrine","player_choice":"Desecrate","floor":37.0,"gold_loss":0.0,"damage_taken":0.0,"cards_obtained":["Regret"]},{"damage_healed":0.0,"max_hp_gain":0.0,"max_hp_loss":0.0,"gold_gain":0.0,"event_name":"MindBloom","player_choice":"Fight","floor":48.0,"gold_loss":0.0,"damage_taken":0.0}],"is_beta":false,"boss_relics":[{"not_picked":["SacredBark","Fusion Hammer"],"picked":"Tiny House"},{"not_picked":["Calling Bell","Empty Cage"],"picked":"Coffee Dripper"}],"items_purged_floors":[4,21,31,36,38],"is_endless":false,"potions_floor_spawned":[8,14,16,18,44,46],"ascension_level":0}}