{"host":"neeznpvpgo0qgfkd","time":1612993747,"event":{"mods":["AchievementEnabler","BaseMod","BetterRewards","Colored Map","Colored Powertips","Exacting","Minty Spire (QoL Compilation)","Permanent Neow","Quick Restart","Shop Mod"],"gold_per_floor":[112,112,138,155,166,200,219,219,219,249,268,295,295,306,306,408,408,426,461,477,496,496,530,530,546,546,574,574,594,629,629,629,734,734,750,768,788,788,788,788,788],"floor_reached":40,"language":"ENG","playtime":51142,"items_purged":[],"score":661,"play_id":"9c0ec346-25b2-4055-b7bd-29d8d03340b4","local_time":"20210210164907","is_ascension_mode":true,"campfire_choices":[{"floor":13.0,"key":"REST"},{"floor":15.0,"key":"RECALL"},{"data":"Limit Break","floor":24.0,"key":"SMITH"},{"data":"Spot Weakness","floor":28.0,"key":"SMITH"},{"floor":32.0,"key":"REST"}],"circlet_count":0,"master_deck":["Strike_R","Strike_R","Strike_R","Strike_R","Strike_R","Defend_R","Defend_R","Defend_R","Bash","Metallicize","Armaments","Rampage","Inflame","Flex","Reckless Charge","Feed","Iron Wave","Heavy Blade","Limit Break+1","Rupture+1","Spot Weakness+1","Iron Wave+1","Pain","Iron Wave+1","Demon Form+1","Reaper","Thunderclap+1"],"relics":["Black Blood","Turnip","Lizard Tail","MerchantsRug","Regal Pillow","Lantern","HornCleat","StrikeDummy","Red Mask","WarpedTongs","Gremlin Horn","Blood Vial","Art of War","PreservedInsect","Mark of Pain","Bag of Preparation"],"acts_visited":["Exordium","TheCity","TheBeyond"],"potions_floor_usage":[40],"damage_taken":[{"damage":11.0,"enemies":"Jaw Worm","floor":1.0,"turns":4.0},{"damage":3.0,"enemies":"Cultist","floor":3.0,"turns":7.0},{"damage":0.0,"enemies":"Small Slimes","floor":4.0,"turns":3.0},{"damage":18.0,"enemies":"2 Fungi Beasts","floor":5.0,"turns":4.0},{"damage":42.0,"enemies":"Gremlin Nob","floor":6.0,"turns":5.0},{"damage":4.0,"enemies":"Blue Slaver","floor":7.0,"turns":4.0},{"damage":21.0,"enemies":"3 Sentries","floor":10.0,"turns":6.0},{"damage":0.0,"enemies":"Red Slaver","floor":11.0,"turns":3.0},{"damage":23.0,"enemies":"Lagavulin","floor":12.0,"turns":8.0},{"damage":0.0,"enemies":"Large Slime","floor":14.0,"turns":3.0},{"damage":43.0,"enemies":"Slime Boss","floor":16.0,"turns":13.0},{"damage":8.0,"enemies":"Chosen","floor":18.0,"turns":4.0},{"damage":17.0,"enemies":"Masked Bandits","floor":19.0,"turns":4.0},{"damage":17.0,"enemies":"Spheric Guardian","floor":20.0,"turns":4.0},{"damage":56.0,"enemies":"Centurion and Healer","floor":21.0,"turns":8.0},{"damage":14.0,"enemies":"Gremlin Leader","floor":23.0,"turns":7.0},{"damage":23.0,"enemies":"Snecko","floor":25.0,"turns":5.0},{"damage":22.0,"enemies":"Slavers","floor":27.0,"turns":6.0},{"damage":27.0,"enemies":"Snake Plant","floor":29.0,"turns":5.0},{"damage":38.0,"enemies":"Book of Stabbing","floor":30.0,"turns":5.0},{"damage":54.0,"enemies":"Champ","floor":33.0,"turns":8.0},{"damage":0.0,"enemies":"Orb Walker","floor":35.0,"turns":4.0},{"damage":25.0,"enemies":"3 Shapes","floor":36.0,"turns":3.0},{"damage":30.0,"enemies":"Jaw Worm Horde","floor":37.0,"turns":5.0},{"damage":116,"enemies":"Giant Head","floor":40,"turns":7}],"seed_played":"617414108228808162","potions_obtained":[{"floor":1.0,"key":"Block Potion"},{"floor":2.0,"key":"EntropicBrew"},{"floor":2.0,"key":"Explosive Potion"},{"floor":3.0,"key":"SteroidPotion"},{"floor":14.0,"key":"FearPotion"},{"floor":16.0,"key":"Explosive Potion"},{"floor":19.0,"key":"BloodPotion"},{"floor":21.0,"key":"DuplicationPotion"},{"floor":23.0,"key":"BloodPotion"},{"floor":29.0,"key":"Dexterity Potion"},{"floor":30.0,"key":"AttackPotion"},{"floor":33.0,"key":"Energy Potion"},{"floor":36.0,"key":"PowerPotion"}],"is_trial":false,"path_per_floor":["M","?","M","M","M","E","M","?","T","E","M","E","R","M","R","B",null,"M","?","M","M","?","E","R","M","T","E","R","M","E","?","R","B",null,"M","M","M","T","?","E"],"character_chosen":"IRONCLAD","items_purchased":["Metallicize","MerchantsRug"],"campfire_rested":2,"item_purchase_floors":[0,0],"current_hp_per_floor":[67,67,70,76,64,28,30,23,23,8,17,44,84,89,89,55,83,87,85,80,59,59,57,57,65,65,60,60,47,23,23,68,28,84,102,106,92,92,92,0,0],"gold":788,"neow_bonus":"","is_daily":false,"chose_seed":false,"campfire_upgraded":2,"win_rate":0.0,"timestamp":1612993747,"path_taken":["M","?","M","M","M","E","?","?","T","E","M","E","R","M","R","BOSS","M","?","M","M","?","E","R","M","T","E","R","?","E","?","R","BOSS","M","M","?","?","?","E"],"items_purchased_type":["Card","Relic"],"build_version":"2020-12-22","purchased_purges":0,"victory":false,"max_hp_per_floor":[80,80,80,80,80,80,80,80,80,80,83,86,86,89,89,92,92,92,95,95,99,99,99,99,99,99,102,102,102,102,102,102,102,102,102,106,110,110,110,110,110],"card_choices":[{"not_picked":["Whirlwind","Perfected Strike"],"picked":"Armaments","floor":1.0},{"not_picked":["Blood for Blood","Clothesline"],"picked":"Rampage","floor":3.0},{"not_picked":["Twin Strike","Pummel"],"picked":"Inflame","floor":4.0},{"not_picked":["Perfected Strike","Warcry","Reckless Charge"],"picked":"SKIP","floor":5.0},{"not_picked":["Cleave","Feel No Pain"],"picked":"Flex","floor":6.0},{"not_picked":["Anger","Hemokinesis"],"picked":"Reckless Charge","floor":7.0},{"not_picked":["Warcry","Shrug It Off"],"picked":"Feed","floor":10.0},{"not_picked":["Combust","Shockwave"],"picked":"Iron Wave","floor":11.0},{"not_picked":["Bloodletting","Impervious"],"picked":"Heavy Blade","floor":12.0},{"not_picked":["Entrench","Perfected Strike","Iron Wave"],"picked":"SKIP","floor":14.0},{"not_picked":["Barricade","Fiend Fire"],"picked":"Limit Break","floor":16.0},{"not_picked":["Iron Wave+1","Whirlwind"],"picked":"Rupture+1","floor":18.0},{"not_picked":["Inflame","Sword Boomerang"],"picked":"Spot Weakness","floor":20.0},{"not_picked":["Sword Boomerang","Blood for Blood"],"picked":"Iron Wave+1","floor":21.0},{"not_picked":["Burning Pact+1","Searing Blow","Disarm"],"picked":"SKIP","floor":23.0},{"not_picked":["Body Slam","Wild Strike+1","Rampage"],"picked":"SKIP","floor":25.0},{"not_picked":["Body Slam+1","Perfected Strike+1"],"picked":"Iron Wave+1","floor":27.0},{"not_picked":["Battle Trance","Body Slam+1","Pommel Strike"],"picked":"SKIP","floor":29.0},{"not_picked":["Fire Breathing","Cleave"],"picked":"Demon Form","floor":30.0},{"not_picked":["Barricade","Double Tap"],"picked":"Reaper","floor":33.0},{"not_picked":["Wild Strike+1","Havoc","Warcry"],"picked":"SKIP","floor":35.0},{"not_picked":["Twin Strike+1","Fire Breathing"],"picked":"Thunderclap+1","floor":36.0},{"not_picked":["Brutality","Clothesline","Burning Pact+1"],"picked":"SKIP","floor":37.0}],"player_experience":1351205,"relics_obtained":[{"floor":6.0,"key":"Regal Pillow"},{"floor":10.0,"key":"HornCleat"},{"floor":12.0,"key":"StrikeDummy"},{"floor":19.0,"key":"Red Mask"},{"floor":23.0,"key":"Gremlin Horn"},{"floor":26.0,"key":"Blood Vial"},{"floor":27.0,"key":"Art of War"},{"floor":30.0,"key":"PreservedInsect"},{"floor":38.0,"key":"Bag of Preparation"}],"event_choices":[{"damage_healed":0.0,"max_hp_gain":0.0,"max_hp_loss":0.0,"gold_gain":0.0,"event_name":"Lab","player_choice":"Got Potions","floor":2.0,"gold_loss":0.0,"damage_taken":0.0},{"damage_healed":0.0,"max_hp_gain":0.0,"max_hp_loss":0.0,"gold_gain":0.0,"event_name":"Scrap Ooze","player_choice":"Success","floor":8.0,"gold_loss":0.0,"damage_taken":7.0,"relics_obtained":["Lantern"]},{"damage_healed":0.0,"max_hp_gain":0.0,"max_hp_loss":0.0,"gold_gain":0.0,"event_name":"Masked Bandits","player_choice":"Fought Bandits","floor":19.0,"gold_loss":0.0,"damage_taken":0.0},{"damage_healed":0.0,"max_hp_gain":0.0,"max_hp_loss":0.0,"gold_gain":0.0,"event_name":"Accursed Blacksmith","player_choice":"Rummage","floor":22.0,"gold_loss":0.0,"damage_taken":0.0,"relics_obtained":["WarpedTongs"],"cards_obtained":["Pain"]},{"cards_removed":["Defend_R"],"damage_healed":0.0,"max_hp_gain":0.0,"max_hp_loss":0.0,"gold_gain":0.0,"event_name":"Bonfire Elementals","player_choice":"Offered Basic","floor":31.0,"gold_loss":0.0,"damage_taken":0.0},{"damage_healed":0.0,"max_hp_gain":0.0,"max_hp_loss":0.0,"gold_gain":0.0,"event_name":"Upgrade Shrine","player_choice":"Upgraded","floor":39.0,"gold_loss":0.0,"damage_taken":0.0,"cards_upgraded":["Demon Form"]}],"is_beta":false,"boss_relics":[{"not_picked":["Calling Bell","Busted Crown"],"picked":"Black Blood"},{"not_picked":["Runic Pyramid","Snecko Eye"],"picked":"Mark of Pain"}],"items_purged_floors":[],"is_endless":false,"potions_floor_spawned":[1,3,14,16,21,23,29,30,33,36],"killed_by":"Giant Head","ascension_level":6}}