{"host":"qxeepl7ydvsgmfdb","time":1612973854,"event":{"mods":["AchievementEnabler","BaseMod","Colored Powertips","Minty Spire (QoL Compilation)","Quick Restart","slay the spire mod where everything is the same but ironclad has a cowboy hat"],"gold_per_floor":[113,113,125,125,3,333,350,366,366,366,396,21,21,37,37,141,141,153,78,78,95,95,124,124,134,158,171,99,99,117,117,117],"floor_reached":31,"language":"ENG","playtime":640,"items_purged":["Strike_G"],"score":464,"play_id":"1fafcd65-e7cf-406f-9911-ad4a234180ff","local_time":"20210210111734","is_ascension_mode":true,"campfire_choices":[{"data":"Finisher","floor":10,"key":"SMITH"},{"data":"Noxious Fumes","floor":13,"key":"SMITH"},{"data":"Blade Dance","floor":15,"key":"SMITH"},{"floor":24,"key":"REST"},{"floor":29,"key":"REST"}],"circlet_count":0,"master_deck":["AscendersBane","Strike_G","Strike_G","Defend_G","Defend_G","Defend_G","Defend_G","Defend_G","Survivor","Neutralize","Blade Dance+1","Backstab+1","Blade Dance+1","Finisher+1","Slice","Cloak And Dagger","Slice","Poisoned Stab","Noxious Fumes+1","PiercingWail","Corpse Explosion","Glass Knife","Blade Dance","Deadly Poison","Die Die Die","Cloak And Dagger"],"relics":["Ring of the Snake","NeowsBlessing","Old Coin","Eternal Feather","Paper Crane","CaptainsWheel","Calipers","Potion Belt"],"acts_visited":["Exordium","TheCity"],"potions_floor_usage":[16,23,27,31],"damage_taken":[{"damage":0,"enemies":"2 Louse","floor":1,"turns":1},{"damage":0,"enemies":"Cultist","floor":3,"turns":1},{"damage":0,"enemies":"Gremlin Nob","floor":6,"turns":1},{"damage":0,"enemies":"Small Slimes","floor":7,"turns":2},{"damage":0,"enemies":"2 Fungi Beasts","floor":8,"turns":3},{"damage":19,"enemies":"Lagavulin","floor":11,"turns":5},{"damage":0,"enemies":"Red Slaver","floor":14,"turns":1},{"damage":12,"enemies":"Slime Boss","floor":16,"turns":7},{"damage":0,"enemies":"Chosen","floor":18,"turns":4},{"damage":16,"enemies":"Shell Parasite","floor":21,"turns":5},{"damage":23,"enemies":"Slavers","floor":23,"turns":5},{"damage":47,"enemies":"Snake Plant","floor":25,"turns":5},{"damage":5,"enemies":"Centurion and Healer","floor":27,"turns":2},{"damage":0,"enemies":"3 Cultists","floor":30,"turns":2},{"damage":48,"enemies":"Book of Stabbing","floor":31,"turns":6}],"seed_played":"-3608493422608613926","potions_obtained":[{"floor":1,"key":"EssenceOfSteel"},{"floor":14,"key":"EssenceOfSteel"},{"floor":25,"key":"Explosive Potion"},{"floor":30,"key":"Dexterity Potion"}],"is_trial":false,"path_per_floor":["M","?","M","?","$","E","M","M","T","R","E","$","R","M","R","B",null,"M","$","?","M","?","E","R","M","T","M","$","R","M","E"],"character_chosen":"THE_SILENT","items_purchased":["Blade Dance","Finisher","Noxious Fumes","CaptainsWheel","Die Die Die"],"campfire_rested":2,"item_purchase_floors":[5,5,12,12,28],"current_hp_per_floor":[63,63,63,63,63,63,63,63,63,70,51,51,63,63,70,58,67,67,67,67,51,51,28,61,14,14,9,9,45,45,0,0],"gold":117,"neow_bonus":"THREE_ENEMY_KILL","is_daily":false,"chose_seed":false,"campfire_upgraded":3,"win_rate":0.0,"timestamp":1612973854,"path_taken":["M","?","M","?","$","E","M","?","T","R","E","$","R","M","R","BOSS","M","$","?","M","?","E","R","?","T","M","?","R","M","E"],"items_purchased_type":["Card","Card","Card","Relic","Card"],"build_version":"2020-12-22","purchased_purges":1,"victory":false,"max_hp_per_floor":[70,70,70,70,70,70,70,70,70,70,70,70,70,70,70,70,70,70,70,70,70,70,70,70,70,70,70,70,70,70,70,70],"card_choices":[{"not_picked":["Bouncing Flask","Dagger Spray"],"picked":"Blade Dance","floor":1},{"not_picked":["Flying Knee","Prepared"],"picked":"Backstab","floor":3},{"not_picked":["Doppelganger","Flying Knee"],"picked":"Slice","floor":6},{"not_picked":["Finisher","Bane"],"picked":"Cloak And Dagger","floor":7},{"not_picked":["Dagger Throw","Flying Knee"],"picked":"Slice","floor":8},{"not_picked":["Terror","Dagger Throw"],"picked":"Poisoned Stab","floor":11},{"not_picked":["Skewer","Well Laid Plans"],"picked":"PiercingWail","floor":14},{"not_picked":["A Thousand Cuts","Grand Finale"],"picked":"Corpse Explosion","floor":16},{"not_picked":["Concentrate","Underhanded Strike","Quick Slash"],"picked":"SKIP","floor":18},{"not_picked":["Flying Knee","Caltrops","Outmaneuver"],"picked":"SKIP","floor":21},{"not_picked":["Backflip","Infinite Blades","Grand Finale"],"picked":"SKIP","floor":23},{"not_picked":["Setup","Crippling Poison"],"picked":"Blade Dance","floor":25},{"not_picked":["Bouncing Flask+1","Catalyst"],"picked":"Deadly Poison","floor":27},{"not_picked":["Escape Plan","Dodge and Roll"],"picked":"Cloak And Dagger","floor":30}],"player_experience":152586,"relics_obtained":[{"floor":6,"key":"Old Coin"},{"floor":9,"key":"Eternal Feather"},{"floor":11,"key":"Paper Crane"},{"floor":23,"key":"Calipers"},{"floor":26,"key":"Potion Belt"}],"event_choices":[{"damage_healed":0,"gold_gain":0,"player_choice":"Grow","damage_taken":0,"max_hp_gain":0,"max_hp_loss":0,"event_name":"Living Wall","floor":2,"gold_loss":0,"cards_upgraded":["Blade Dance"]},{"damage_healed":0,"gold_gain":0,"player_choice":"Forge","damage_taken":0,"max_hp_gain":0,"max_hp_loss":0,"event_name":"Accursed Blacksmith","floor":4,"gold_loss":0,"cards_upgraded":["Backstab"]},{"cards_removed":["Strike_G"],"damage_healed":0,"gold_gain":0,"player_choice":"Elegance","damage_taken":0,"max_hp_gain":0,"max_hp_loss":0,"event_name":"Back to Basics","floor":20,"gold_loss":0},{"damage_healed":0,"gold_gain":0,"cards_transformed":["Strike_G"],"player_choice":"Transformed","damage_taken":0,"max_hp_gain":0,"max_hp_loss":0,"event_name":"Transmorgrifier","floor":22,"gold_loss":0,"cards_obtained":["Glass Knife"]}],"is_beta":false,"boss_relics":[{"not_picked":["Ring of the Serpent","Coffee Dripper","Cursed Key"]}],"items_purged_floors":[19],"is_endless":false,"potions_floor_spawned":[1,14,25,30],"killed_by":"Book of Stabbing","ascension_level":12}}