{"host":"aqym1xxr3lb31d9m","time":1612974702,"event":{"mods":["BaseMod","Block Reminder","Colored Map","Colored Powertips","DeckTracker","Highlight Path","Minty Spire (QoL Compilation)","Quick Restart","Random Character Button","StSLib","SuperFastMode","UnlockEverythingMod"],"gold_per_floor":[112,125,141,157,168,168,197,197,197,197,207,207,239,72,72,146,146,159,159,105,119,138,164,164,193,193,193,193,220,253,273,273,347,347,361,361,376,67,67,67,101,101,127,160,160,160,174,220,220,220,220,220,220,25,55,55,55],"floor_reached":56,"language":"JPN","playtime":3275,"items_purged":[],"score":2117,"play_id":"6d9dd376-a6c8-4f57-a610-2b6a829c24c8","local_time":"20210211013142","is_ascension_mode":true,"campfire_choices":[{"data":"Choke","floor":6.0,"key":"SMITH"},{"data":"Adrenaline","floor":8.0,"key":"SMITH"},{"data":"Well Laid Plans","floor":10.0,"key":"SMITH"},{"data":"Crippling Poison","floor":12.0,"key":"SMITH"},{"data":"Neutralize","floor":15.0,"key":"SMITH"},{"floor":24.0,"key":"REST"},{"floor":27.0,"key":"REST"},{"floor":32.0,"key":"RECALL"},{"floor":40.0,"key":"REST"},{"floor":42.0,"key":"REST"},{"floor":46.0,"key":"REST"},{"floor":49.0,"key":"REST"},{"floor":53.0,"key":"REST"}],"circlet_count":0,"master_deck":["AscendersBane","Strike_G+1","Strike_G+1","Strike_G+1","Strike_G+1","Defend_G+1","Defend_G+1","Defend_G+1","Defend_G+1","Defend_G+1","Survivor","Neutralize+1","Well Laid Plans+1","Flying Knee+1","Choke+1","Adrenaline+1","Backflip","Crippling Poison+1","Blade Dance","Burst","Deadly Poison","Backflip","Glass Knife+1","Leg Sweep","PiercingWail","Terror","Blade Dance","Blur","After Image","Deadly Poison","Dagger Spray+1","Catalyst","Madness","Madness","Burst","Crippling Poison","Outmaneuver","Noxious Fumes","Footwork","PiercingWail","Phantasmal Killer"],"relics":["Philosopher\u0027s Stone","Strawberry","WingedGreaves","Pocketwatch","TwistedFunnel","Fusion Hammer","Bird Faced Urn","The Courier","Bag of Marbles","Pantograph","Runic Pyramid","Mercury Hourglass","Potion Belt","Snake Skull","Paper Crane","Regal Pillow","Whetstone","Prayer Wheel","Bronze Scales"],"acts_visited":["Exordium","TheCity","TheBeyond","TheEnding"],"potions_floor_usage":[56,56,56],"damage_taken":[{"damage":1.0,"enemies":"Cultist","floor":1.0,"turns":5.0},{"damage":5.0,"enemies":"Small Slimes","floor":2.0,"turns":6.0},{"damage":0.0,"enemies":"Jaw Worm","floor":3.0,"turns":5.0},{"damage":15.0,"enemies":"Lots of Slimes","floor":4.0,"turns":5.0},{"damage":4.0,"enemies":"Red Slaver","floor":5.0,"turns":3.0},{"damage":10.0,"enemies":"Lagavulin","floor":7.0,"turns":7.0},{"damage":3.0,"enemies":"Large Slime","floor":11.0,"turns":3.0},{"damage":7.0,"enemies":"3 Sentries","floor":13.0,"turns":9.0},{"damage":0.0,"enemies":"Slime Boss","floor":16.0,"turns":6.0},{"damage":11.0,"enemies":"Spheric Guardian","floor":18.0,"turns":4.0},{"damage":26.0,"enemies":"3 Byrds","floor":21.0,"turns":4.0},{"damage":7.0,"enemies":"Centurion and Healer","floor":22.0,"turns":4.0},{"damage":12.0,"enemies":"Slavers","floor":23.0,"turns":4.0},{"damage":25.0,"enemies":"Book of Stabbing","floor":25.0,"turns":5.0},{"damage":0.0,"enemies":"Gremlin Leader","floor":30.0,"turns":3.0},{"damage":11.0,"enemies":"Snecko","floor":31.0,"turns":4.0},{"damage":16.0,"enemies":"Champ","floor":33.0,"turns":14.0},{"damage":7.0,"enemies":"Orb Walker","floor":35.0,"turns":3.0},{"damage":0.0,"enemies":"3 Darklings","floor":37.0,"turns":3.0},{"damage":28.0,"enemies":"Reptomancer","floor":41.0,"turns":6.0},{"damage":11.0,"enemies":"Nemesis","floor":44.0,"turns":7.0},{"damage":0.0,"enemies":"4 Shapes","floor":47.0,"turns":4.0},{"damage":32.0,"enemies":"2 Orb Walkers","floor":48.0,"turns":5.0},{"damage":52.0,"enemies":"Time Eater","floor":50.0,"turns":15.0},{"damage":6.0,"enemies":"Awakened One","floor":51.0,"turns":20.0},{"damage":51.0,"enemies":"Shield and Spear","floor":55.0,"turns":10.0},{"damage":77,"enemies":"The Heart","floor":56,"turns":8}],"seed_played":"8001080430125685310","potions_obtained":[{"floor":3.0,"key":"CunningPotion"},{"floor":4.0,"key":"Fruit Juice"},{"floor":5.0,"key":"Weak Potion"},{"floor":11.0,"key":"Ancient Potion"},{"floor":16.0,"key":"Poison Potion"},{"floor":25.0,"key":"CultistPotion"},{"floor":31.0,"key":"PowerPotion"},{"floor":33.0,"key":"SneckoOil"},{"floor":41.0,"key":"Strength Potion"},{"floor":47.0,"key":"SteroidPotion"}],"is_trial":false,"path_per_floor":["M","M","M","M","M","R","E","R","T","R","M","R","E","$","R","B",null,"M","?","$","M","M","E","R","E","T","R","?","T","E","M","R","B",null,"M","T","M","$","?","R","E","R","T","E","?","R","M","?","R","B","B",null,"R","$","E","B"],"character_chosen":"THE_SILENT","items_purchased":["TwistedFunnel","Backflip","Potion Belt","Snake Skull","Catalyst","Outmaneuver","Noxious Fumes","Footwork","PiercingWail"],"campfire_rested":7,"item_purchase_floors":[14,20,38,38,38,54,54,54,54],"current_hp_per_floor":[58,53,53,38,34,34,36,36,36,36,33,33,26,26,26,26,65,54,54,54,28,21,9,32,9,9,32,32,32,34,25,25,38,68,65,65,67,67,53,76,50,73,73,66,66,78,78,48,78,28,51,71,78,78,33,0,0],"gold":55,"neow_bonus":"BOSS_RELIC","is_daily":false,"chose_seed":false,"campfire_upgraded":5,"win_rate":0.0,"timestamp":1612974702,"path_taken":["M","?","M","?","M","R","E","R","T","R","M","R","E","$","R","BOSS","M","?","?","M","M","E","R","E","T","R","?","?","E","?","R","BOSS","M","?","M","$","?","R","E","R","T","E","?","R","?","?","R","BOSS","BOSS","R","$","E","BOSS"],"items_purchased_type":["Relic","Card","Relic","Relic","Card","Card","Card","Card","Card"],"build_version":"2020-12-22","purchased_purges":0,"victory":false,"max_hp_per_floor":[66,66,66,66,66,66,78,78,78,78,78,78,78,78,78,78,78,78,78,78,78,78,78,78,78,78,78,78,78,78,78,78,78,78,78,78,78,78,78,78,78,78,78,78,78,78,78,78,78,78,78,78,78,78,78,78,78],"card_choices":[{"not_picked":["Sucker Punch","Heel Hook"],"picked":"Well Laid Plans","floor":1.0},{"not_picked":["Reflex","Well Laid Plans"],"picked":"Flying Knee","floor":2.0},{"not_picked":["Bane","Prepared","Outmaneuver"],"picked":"SKIP","floor":3.0},{"not_picked":["Blade Dance","Bane"],"picked":"Choke","floor":4.0},{"not_picked":["Backflip","Catalyst"],"picked":"Adrenaline","floor":5.0},{"not_picked":["Riddle With Holes","Catalyst"],"picked":"Backflip","floor":7.0},{"not_picked":["Prepared","Deflect"],"picked":"Crippling Poison","floor":11.0},{"not_picked":["Slice","Eviscerate"],"picked":"Blade Dance","floor":13.0},{"not_picked":["Die Die Die","Grand Finale"],"picked":"Burst","floor":16.0},{"not_picked":["Deflect","Prepared"],"picked":"Deadly Poison","floor":18.0},{"not_picked":["Outmaneuver+1","Escape Plan"],"picked":"Glass Knife","floor":21.0},{"not_picked":["Dagger Throw","Prepared+1"],"picked":"Leg Sweep","floor":22.0},{"not_picked":["Blade Dance","Escape Plan"],"picked":"PiercingWail","floor":23.0},{"not_picked":["Distraction","Reflex"],"picked":"Terror","floor":25.0},{"not_picked":["Masterful Stab","Dodge and Roll"],"picked":"Blade Dance","floor":30.0},{"not_picked":["Endless Agony","Leg Sweep"],"picked":"Blur","floor":31.0},{"not_picked":["Grand Finale","Malaise"],"picked":"After Image","floor":33.0},{"not_picked":["Flying Knee+1","Tactician"],"picked":"Deadly Poison","floor":35.0},{"not_picked":["Blade Dance","Crippling Poison"],"picked":"Dagger Spray+1","floor":37.0},{"not_picked":["Poisoned Stab","Dagger Throw"],"picked":"Burst","floor":41.0},{"not_picked":["Sucker Punch","Predator","Backstab"],"picked":"SKIP","floor":44.0},{"not_picked":["Predator+1","Masterful Stab"],"picked":"Phantasmal Killer","floor":55.0}],"player_experience":4209286,"relics_obtained":[{"floor":7.0,"key":"Strawberry"},{"floor":9.0,"key":"WingedGreaves"},{"floor":13.0,"key":"Pocketwatch"},{"floor":23.0,"key":"Bird Faced Urn"},{"floor":25.0,"key":"The Courier"},{"floor":29.0,"key":"Bag of Marbles"},{"floor":30.0,"key":"Pantograph"},{"floor":36.0,"key":"Mercury Hourglass"},{"floor":41.0,"key":"Paper Crane"},{"floor":43.0,"key":"Regal Pillow"},{"floor":44.0,"key":"Whetstone"},{"floor":48.0,"key":"Prayer Wheel"},{"floor":55.0,"key":"Bronze Scales"}],"event_choices":[{"cards_removed":["Strike_G"],"damage_healed":0.0,"max_hp_gain":0.0,"max_hp_loss":0.0,"gold_gain":0.0,"event_name":"Purifier","player_choice":"Purged","floor":19.0,"gold_loss":0.0,"damage_taken":0.0},{"damage_healed":0.0,"max_hp_gain":0.0,"max_hp_loss":0.0,"gold_gain":0.0,"event_name":"Back to Basics","player_choice":"Simplicity","floor":28.0,"gold_loss":0.0,"damage_taken":0.0,"cards_upgraded":["Strike_G","Strike_G","Strike_G","Strike_G","Defend_G","Defend_G","Defend_G","Defend_G","Defend_G"]},{"damage_healed":0.0,"max_hp_gain":0.0,"max_hp_loss":0.0,"gold_gain":0.0,"event_name":"Winding Halls","player_choice":"Embrace Madness","floor":39.0,"gold_loss":0.0,"damage_taken":14.0,"cards_obtained":["Madness","Madness"]},{"damage_healed":0.0,"max_hp_gain":0.0,"max_hp_loss":0.0,"gold_gain":0.0,"event_name":"Match and Keep!","player_choice":"1 cards matched","floor":45.0,"gold_loss":0.0,"damage_taken":0.0,"cards_obtained":["Crippling Poison"]},{"damage_healed":0.0,"max_hp_gain":0.0,"max_hp_loss":0.0,"gold_gain":0.0,"event_name":"Mysterious Sphere","player_choice":"Fight","floor":48.0,"gold_loss":0.0,"damage_taken":0.0}],"is_beta":false,"boss_relics":[{"not_picked":["Velvet Choker","Astrolabe"],"picked":"Fusion Hammer"},{"not_picked":["Runic Dome","Coffee Dripper"],"picked":"Runic Pyramid"}],"items_purged_floors":[],"is_endless":false,"potions_floor_spawned":[3,4,5,11,16,22,25,31,33,41,47],"killed_by":"The Heart","ascension_level":20}}