{"host":"ndpbn7fqb3wjbd7p","time":1612937661,"event":{"mods":["AchievementEnabler","Act Like it!","AlwaysNeverKeys","BaseMod","Better Vampires","Block Reminder","Colored Powertips","DeckTracker","Defuse TimeMaze Blight","Friendly Minions","Hallownest","Hermit","Highlight Path","MarisaÅiñ∂âJÅ@ñÇóùçπÅj","Minty Spire (QoL Compilation)","Permanent Neow","Shade Mod","StSLib","SuperFastMode","Synergy Search","The Mystic","Unceasing Turn Reminder","Wandering Minibosses","egg"],"gold_per_floor":[109,129,79,99,99,99,115,133,214,68,78,107,107,118,118,214,214,232,252,80,80,80,80],"floor_reached":22,"language":"ENG","playtime":1225,"items_purged":["Defend_B","Strike_B"],"score":276,"play_id":"0579b053-7b6a-424b-9505-224f7787abac","local_time":"20210210071421","is_ascension_mode":true,"campfire_choices":[{"data":"Zap","floor":6,"key":"SMITH"},{"data":"Loop","floor":13,"key":"SMITH"},{"data":"Consume","floor":15,"key":"SMITH"}],"circlet_count":0,"master_deck":["AscendersBane","Strike_B","Defend_B","Defend_B","Defend_B","Zap+1","Dualcast","Forethought","Storm","FTL","Sunder","Amplify","Coolheaded","Loop+1","Consume+1","Conserve Battery","Buffer","Hologram","Hologram+1","Heatsinks"],"relics":["Cracked Core","StrikeDummy","Odd Mushroom","Nuclear Battery"],"acts_visited":["Exordium","TheCity"],"potions_floor_usage":[16,19],"damage_taken":[{"damage":8,"enemies":"Small Slimes","floor":1,"turns":3},{"damage":2,"enemies":"2 Louse","floor":2,"turns":2},{"damage":14,"enemies":"Jaw Worm","floor":4,"turns":4},{"damage":0,"enemies":"Large Slime","floor":7,"turns":3},{"damage":8,"enemies":"Exordium Wildlife","floor":8,"turns":4},{"damage":6,"enemies":"Looter","floor":11,"turns":2},{"damage":25,"enemies":"The Mushroom Lair","floor":12,"turns":4},{"damage":12,"enemies":"2 Fungi Beasts","floor":14,"turns":3},{"damage":6,"enemies":"Slime Boss","floor":16,"turns":11},{"damage":7,"enemies":"Chosen","floor":18,"turns":5},{"damage":38,"enemies":"Shell Parasite","floor":19,"turns":4},{"damage":17,"enemies":"Snake Plant","floor":22,"turns":2}],"seed_played":"-330722066320318534","potions_obtained":[{"floor":1,"key":"FairyPotion"},{"floor":4,"key":"EssenceOfSteel"},{"floor":11,"key":"Ancient Potion"},{"floor":18,"key":"AttackPotion"}],"is_trial":false,"path_per_floor":["M","M","?","M","?","R","M","M","T","$","M","?","R","M","R","B",null,"M","M","$","?","M"],"character_chosen":"DEFECT","items_purchased":["Loop","Heatsinks"],"campfire_rested":0,"item_purchase_floors":[10,20],"current_hp_per_floor":[60,58,58,44,44,44,44,36,36,36,30,5,5,22,22,16,60,53,15,15,15,0,0],"gold":80,"neow_bonus":"RANDOM_COLORLESS","is_daily":false,"chose_seed":false,"campfire_upgraded":3,"win_rate":0.0,"timestamp":1612937661,"path_taken":["M","M","?","M","?","R","M","?","T","$","M","?","R","M","R","BOSS","M","M","$","?","M"],"items_purchased_type":["Card","Card"],"build_version":"2020-12-22","purchased_purges":2,"victory":false,"max_hp_per_floor":[75,75,75,75,75,75,75,75,75,75,75,75,75,75,75,75,75,75,75,75,75,75,75],"card_choices":[{"not_picked":["Mind Blast","Dark Shackles"],"picked":"Forethought","floor":0},{"not_picked":["Redo","Ball Lightning"],"picked":"Storm","floor":1},{"not_picked":["Beam Cell","Turbo"],"picked":"FTL","floor":2},{"not_picked":["Cold Snap","Leap"],"picked":"Sunder","floor":4},{"not_picked":["Storm","Beam Cell"],"picked":"Amplify","floor":7},{"not_picked":["Turbo","Cold Snap"],"picked":"Coolheaded","floor":8},{"not_picked":["BootSequence","Compile Driver"],"picked":"Consume","floor":11},{"not_picked":["Compile Driver","Leap"],"picked":"Conserve Battery","floor":12},{"not_picked":["Stack","Skim","Coolheaded"],"picked":"SKIP","floor":14},{"not_picked":["Seek","Amplify"],"picked":"Buffer","floor":16},{"not_picked":["Darkness","Turbo"],"picked":"Hologram","floor":18},{"not_picked":["Genetic Algorithm","Turbo"],"picked":"Hologram+1","floor":19}],"player_experience":1216962,"relics_obtained":[{"floor":9,"key":"StrikeDummy"},{"floor":12,"key":"Odd Mushroom"}],"event_choices":[{"cards_removed":["Strike_B"],"damage_healed":0,"gold_gain":0,"player_choice":"Card Removal","damage_taken":0,"max_hp_gain":0,"max_hp_loss":0,"event_name":"The Cleric","floor":3,"gold_loss":50},{"cards_removed":["Strike_B"],"damage_healed":0,"gold_gain":0,"player_choice":"Forget","damage_taken":0,"max_hp_gain":0,"max_hp_loss":0,"event_name":"Living Wall","floor":5,"gold_loss":0},{"damage_healed":0,"gold_gain":0,"player_choice":"Fought Mushrooms","damage_taken":0,"max_hp_gain":0,"max_hp_loss":0,"event_name":"Mushrooms","floor":12,"gold_loss":0},{"damage_healed":0,"gold_gain":0,"player_choice":"Ignored","damage_taken":0,"max_hp_gain":0,"max_hp_loss":0,"event_name":"The Mausoleum","floor":21,"gold_loss":0}],"is_beta":false,"boss_relics":[{"not_picked":["Busted Crown","Velvet Choker"],"picked":"Nuclear Battery"}],"items_purged_floors":[10,20],"is_endless":false,"potions_floor_spawned":[1,4,11,18],"killed_by":"Snake Plant","ascension_level":11}}