{"host":"2549600wvy7mxnkj","time":1612929055,"event":{"mods":["BaseMod","Hubris","Infinite Spire","Minty Spire (QoL Compilation)","Replay The Spire","StSLib"],"gold_per_floor":[116,187,201,55,55,88,88,108,134,145,158,189,189,43,43,154,154,192,192,467,501,517,517],"floor_reached":22,"language":"ENG","playtime":1020,"items_purged":["Defend_R"],"score":318,"play_id":"84fc14f5-0650-4e3c-bd24-817d1749f8ec","local_time":"20210209225055","is_ascension_mode":true,"campfire_choices":[{"data":"Dual Wield","floor":7,"key":"SMITH"},{"data":"Pot Of Greed","floor":13,"key":"SMITH"},{"data":"Pot Of Greed","floor":15,"key":"SMITH"}],"circlet_count":0,"master_deck":["Strike_R","Strike_R","Strike_R","Strike_R","Strike_R","Defend_R","Defend_R","Bash","Clash","Spot Weakness","Clash","Flex","Dual Wield+1","Pot Of Greed+1","Pot Of Greed+1","Pommel Strike","Thunderclap","ReplayTheSpireMod:LeadingStrike","Demonic Infusion","Anger+1","infinitespire:Collect","Regret","Dual Wield"],"relics":["Burning Blood","NeowsBlessing","ReplayTheSpireMod:Lightbulb","Grinning Jar","hubris:ChampionShield","Replay:Bandana"],"acts_visited":["Exordium","TheCity"],"potions_floor_usage":[12,18,22],"damage_taken":[{"damage":0,"enemies":"Small Slimes","floor":1,"turns":1},{"damage":0,"enemies":"Jaw Worm","floor":3,"turns":1},{"damage":0,"enemies":"Gremlin Nob","floor":6,"turns":1},{"damage":0,"enemies":"Cultist","floor":8,"turns":2},{"damage":8,"enemies":"Blue Slaver","floor":10,"turns":2},{"damage":15,"enemies":"Lots of Slimes","floor":11,"turns":3},{"damage":22,"enemies":"Lagavulin","floor":12,"turns":6},{"damage":48,"enemies":"Slime Boss","floor":16,"turns":9},{"damage":16,"enemies":"3 Byrds","floor":18,"turns":5},{"damage":16,"enemies":"Chosen","floor":21,"turns":4},{"damage":43,"enemies":"Snake Plant","floor":22,"turns":3}],"seed_played":"-5399557909511946927","potions_obtained":[{"floor":6,"key":"Block Potion"},{"floor":16,"key":"Swift Potion"},{"floor":21,"key":"BlessingOfTheForge"}],"is_trial":false,"path_per_floor":["M","?","M","$","?","E","R","M","T","M","M","E","R","$","R","B",null,"M","AVR","?","M","M"],"character_chosen":"IRONCLAD","items_purchased":["Dual Wield","Replay:Bandana"],"campfire_rested":0,"item_purchase_floors":[4,14],"current_hp_per_floor":[78,58,64,64,64,70,70,76,76,74,65,49,49,49,49,7,62,52,52,52,42,0,0],"gold":517,"neow_bonus":"THREE_ENEMY_KILL","is_daily":false,"chose_seed":false,"campfire_upgraded":3,"win_rate":0.0,"timestamp":1612929055,"path_taken":["M","?","M","?","?","E","R","M","T","M","?","E","R","$","R","BOSS","M","AVR","?","?","M"],"items_purchased_type":["Card","Relic"],"build_version":"2020-12-22","purchased_purges":1,"victory":false,"max_hp_per_floor":[80,80,80,80,80,80,80,80,80,80,80,80,80,80,80,80,80,80,80,80,80,80,80],"card_choices":[{"not_picked":["Thunderclap","Body Slam"],"picked":"Clash","floor":1},{"not_picked":["Armaments","Clothesline"],"picked":"Spot Weakness","floor":2},{"not_picked":["Perfected Strike","Headbutt"],"picked":"Clash","floor":2},{"not_picked":["Clothesline","Battle Trance"],"picked":"Flex","floor":3},{"not_picked":["Cleave","Clothesline"],"picked":"Pommel Strike","floor":6},{"not_picked":["Twin Strike","hubris:StunningStrike","Pummel"],"picked":"SKIP","floor":8},{"not_picked":["Sword Boomerang","Rupture"],"picked":"Thunderclap","floor":10},{"not_picked":["Disarm","True Grit"],"picked":"ReplayTheSpireMod:LeadingStrike","floor":11},{"not_picked":["ReplayTheSpireMod:Stacked","Disarm","Evolve"],"picked":"SKIP","floor":12},{"not_picked":["Impervious","Brutality"],"picked":"Demonic Infusion","floor":16},{"not_picked":["Warcry","True Grit"],"picked":"Anger+1","floor":18},{"not_picked":["True Grit+1","Bloodletting+1"],"picked":"Dual Wield","floor":21}],"player_experience":222298,"relics_obtained":[{"floor":2,"key":"ReplayTheSpireMod:Lightbulb"},{"floor":6,"key":"Grinning Jar"},{"floor":12,"key":"hubris:ChampionShield"}],"event_choices":[{"cards_removed":["Defend_R"],"damage_healed":0,"gold_gain":0,"player_choice":"Purged","damage_taken":0,"max_hp_gain":0,"max_hp_loss":0,"event_name":"Purifier","floor":5,"gold_loss":0},{"damage_healed":0,"gold_gain":275,"player_choice":"Desecrate","damage_taken":0,"max_hp_gain":0,"max_hp_loss":0,"event_name":"Golden Shrine","floor":20,"gold_loss":0,"cards_obtained":["Regret"]}],"is_beta":false,"boss_relics":[{"not_picked":["Runic Dome","Snecko Eye","hubris:BlackHole"]}],"items_purged_floors":[4],"is_endless":false,"potions_floor_spawned":[6,16,21],"killed_by":"Snake Plant","ascension_level":9}}