{"host":"pi8b3ffzwvxqztac","time":1612985267,"event":{"mods":["BaseMod","Colored Map","Custom Start","Downfall","Minty Spire (QoL Compilation)","StSLib"],"gold_per_floor":[113,127,127,37,137,137,150,150,150,162,162,223,223,243,243,348,348,361,372,392,392,402,431,431,461,461,478,478,492,492,492,492,492,492],"floor_reached":33,"language":"ENG","playtime":1575,"items_purged":[],"score":496,"play_id":"42b1925d-569a-4e6f-9acd-67c0a8d08376","local_time":"20210211082747","is_ascension_mode":true,"campfire_choices":[{"data":"Prepared","floor":6,"key":"SMITH"},{"data":"Neutralize","floor":8,"key":"SMITH"},{"data":"Calculated Gamble","floor":11,"key":"SMITH"},{"data":"Tactician","floor":15,"key":"SMITH"},{"data":"After Image","floor":24,"key":"SMITH"},{"data":"Bane","floor":28,"key":"SMITH"},{"data":"Bane","floor":32,"key":"SMITH"}],"circlet_count":0,"master_deck":["Strike_G","Strike_G","Strike_G","Strike_G","Strike_G","Defend_G","Defend_G","Defend_G","Defend_G","Defend_G","Survivor+1","Neutralize+1","Shame","Dagger Spray","Prepared+1","Reflex","downfall:Haunted","downfall:Haunted","Normality","Storm of Steel+1","Writhe","Clumsy","Noxious Fumes+1","Calculated Gamble+1","Tactician+1","After Image+1","Prepared","Escape Plan+1","Writhe","Bane+1","Bane+1","Shame"],"relics":["Ring of the Snake","Du-Vu Doll","Darkstone Periapt","Thread and Needle","War Paint","HoveringKite","Bronze Scales","Shovel","Shuriken","Meat on the Bone","hexamod:Sixitude"],"acts_visited":["Exordium","TheCity"],"potions_floor_usage":[19,20,25,25,33,33],"damage_taken":[{"damage":7,"enemies":"Small Slimes","floor":1,"turns":3},{"damage":2,"enemies":"Cultist","floor":2,"turns":4},{"damage":0,"enemies":"2 Louse","floor":7,"turns":1},{"damage":1,"enemies":"Gremlin Gang","floor":10,"turns":2},{"damage":38,"enemies":"Lagavulin Event","floor":12,"turns":6},{"damage":0,"enemies":"Looter","floor":14,"turns":2},{"damage":24,"enemies":"Hexaghost","floor":16,"turns":9},{"damage":0,"enemies":"Spheric Guardian","floor":18,"turns":1},{"damage":0,"enemies":"Chosen","floor":19,"turns":3},{"damage":0,"enemies":"Sentry and Sphere","floor":20,"turns":4},{"damage":0,"enemies":"Snecko","floor":22,"turns":4},{"damage":30,"enemies":"Gremlin Leader","floor":23,"turns":5},{"damage":21,"enemies":"Book of Stabbing","floor":25,"turns":6},{"damage":4,"enemies":"Centurion and Healer","floor":27,"turns":2},{"damage":13,"enemies":"Snake Plant","floor":29,"turns":3},{"damage":57,"enemies":"Automaton","floor":33,"turns":10}],"seed_played":"2973179936652323346","potions_obtained":[{"floor":2,"key":"SteroidPotion"},{"floor":14,"key":"Explosive Potion"},{"floor":16,"key":"Fire Potion"},{"floor":18,"key":"Slimebound:ThreeZeroPotion"},{"floor":20,"key":"Dexterity Potion"},{"floor":23,"key":"Dexterity Potion"},{"floor":29,"key":"SkillPotion"}],"is_trial":false,"path_per_floor":["M","M","?","$","?","R","M","R","T","M","R","?","?","M","R","B",null,"M","M","M","?","M","E","R","E","T","M","R","M","?","?","R","B"],"character_chosen":"THE_SILENT","items_purchased":["Prepared","Reflex"],"campfire_rested":0,"item_purchase_floors":[4,4],"current_hp_per_floor":[63,61,61,61,96,96,96,96,96,95,95,57,57,57,57,33,87,87,87,87,93,93,63,63,42,42,50,50,49,55,55,55,0,0],"gold":492,"neow_bonus":"ONE_RARE_RELIC","is_daily":false,"chose_seed":false,"campfire_upgraded":7,"win_rate":0.0,"timestamp":1612985267,"path_taken":["M","M","?","?","?","R","M","R","T","M","R","?","?","?","R","BOSS","M","M","M","?","M","E","R","E","T","M","R","M","?","?","R","BOSS"],"items_purchased_type":["Card","Card"],"build_version":"2020-12-22","purchased_purges":0,"victory":false,"max_hp_per_floor":[70,70,70,70,105,105,105,105,105,105,105,105,105,105,105,105,105,105,105,105,111,111,111,111,111,111,111,111,111,117,117,117,117,117],"card_choices":[{"not_picked":["Expertise","Blur"],"picked":"Dagger Spray","floor":1},{"not_picked":["Poisoned Stab","Deflect","Outmaneuver"],"picked":"SKIP","floor":2},{"not_picked":["Poisoned Stab","Deflect","Outmaneuver"],"picked":"SKIP","floor":2},{"not_picked":["Accuracy","Backstab"],"picked":"Noxious Fumes","floor":7},{"not_picked":["Dodge and Roll","Deflect"],"picked":"Calculated Gamble","floor":10},{"not_picked":["Flying Knee","PiercingWail"],"picked":"Tactician","floor":14},{"not_picked":["Die Die Die","Bullet Time"],"picked":"After Image","floor":16},{"not_picked":["Expertise","PiercingWail+1","Underhanded Strike"],"picked":"SKIP","floor":18},{"not_picked":["Deadly Poison","Backflip"],"picked":"Prepared","floor":19},{"not_picked":["Flying Knee","Blade Dance"],"picked":"Escape Plan+1","floor":20},{"not_picked":["Poisoned Stab","Flying Knee","Corpse Explosion"],"picked":"SKIP","floor":22},{"not_picked":["Flying Knee","Dodge and Roll+1","All Out Attack"],"picked":"SKIP","floor":23},{"not_picked":["Dagger Spray","Caltrops","Heel Hook"],"picked":"SKIP","floor":25},{"not_picked":["Cloak And Dagger","PiercingWail"],"picked":"Bane","floor":27},{"not_picked":["Flying Knee","Quick Slash"],"picked":"Bane","floor":29}],"player_experience":747723,"relics_obtained":[{"floor":9,"key":"Thread and Needle"},{"floor":12,"key":"War Paint"},{"floor":23,"key":"Shovel"},{"floor":25,"key":"Shuriken"},{"floor":26,"key":"Meat on the Bone"}],"event_choices":[{"damage_healed":0,"gold_gain":0,"player_choice":"0 cards matched","damage_taken":0,"max_hp_gain":0,"max_hp_loss":0,"event_name":"Match and Keep!","floor":3,"gold_loss":0,"cards_obtained":[]},{"damage_healed":0,"gold_gain":0,"player_choice":"Searched \u00272\u0027 times","damage_taken":0,"max_hp_gain":0,"max_hp_loss":0,"event_name":"Dead Adventurer","floor":12,"gold_loss":0},{"damage_healed":0,"gold_gain":0,"player_choice":"Upgraded","damage_taken":0,"max_hp_gain":0,"max_hp_loss":0,"event_name":"Upgrade Shrine","floor":13,"gold_loss":0,"cards_upgraded":["Noxious Fumes"]},{"damage_healed":0,"gold_gain":0,"player_choice":"Opened","damage_taken":0,"relics_obtained":["Bronze Scales"],"max_hp_gain":0,"max_hp_loss":0,"event_name":"The Mausoleum","floor":21,"gold_loss":0,"cards_obtained":["Writhe"]},{"damage_healed":0,"gold_gain":0,"player_choice":"Stole Relic","damage_taken":0,"relics_obtained":["hexamod:Sixitude"],"max_hp_gain":0,"max_hp_loss":0,"event_name":"Addict","floor":30,"gold_loss":0,"cards_obtained":["Shame"]},{"damage_healed":0,"gold_gain":0,"player_choice":"Ignored","damage_taken":0,"max_hp_gain":0,"max_hp_loss":0,"event_name":"Ghosts","floor":31,"gold_loss":0}],"is_beta":false,"boss_relics":[{"not_picked":["Ring of the Serpent","Astrolabe"],"picked":"HoveringKite"}],"items_purged_floors":[],"is_endless":false,"potions_floor_spawned":[2,14,16,18,20,23,29],"killed_by":"Automaton","ascension_level":5}}