{"host":"h4lp0eeso8a0ssq0","time":1612929617,"event":{"mods":["2.2 Compatiblity","AchievementEnabler","BaseMod","CapriCore","Colored Map","Minty Spire (QoL Compilation)","StSLib","SuperFastMode"],"gold_per_floor":[115,190,190,17,17,17,17,46,46,75,75,104,118,118,118,118,118],"floor_reached":16,"language":"KOR","playtime":240,"items_purged":[],"score":320,"play_id":"f990ac71-28ac-453b-8232-77eedf095f31","local_time":"20210210130017","is_ascension_mode":true,"campfire_choices":[{"data":"Blade Dance","floor":7.0,"key":"SMITH"},{"data":"Blade Dance","floor":11.0,"key":"SMITH"},{"data":"Finisher","floor":15.0,"key":"SMITH"}],"circlet_count":0,"master_deck":["AscendersBane","Strike_G","Strike_G","Strike_G","Strike_G","Strike_G","Defend_G","Defend_G","Defend_G","Defend_G","Defend_G","Survivor","Neutralize","Blade Dance+1","Blade Dance+1","Finisher+1","Bullet Time"],"relics":["Ring of the Snake","NeowsBlessing","Bag of Preparation","Singing Bowl","Frozen Egg 2","Paper Crane","Tiny Chest","Ornamental Fan"],"acts_visited":["Exordium"],"potions_floor_usage":[16],"damage_taken":[{"damage":0.0,"enemies":"Cultist","floor":1.0,"turns":1.0},{"damage":0.0,"enemies":"Lagavulin","floor":8.0,"turns":1.0},{"damage":0.0,"enemies":"3 Sentries","floor":10.0,"turns":1.0},{"damage":23.0,"enemies":"Lagavulin","floor":12.0,"turns":7.0},{"damage":6.0,"enemies":"2 Louse","floor":13.0,"turns":2.0},{"damage":27,"enemies":"Hexaghost","floor":16,"turns":9}],"seed_played":"-1139023840809728458","potions_obtained":[{"floor":12.0,"key":"SteroidPotion"}],"is_trial":false,"path_per_floor":["M","?","?","$","?","$","R","E","T","E","R","E","M","T","R","B"],"character_chosen":"THE_SILENT","items_purchased":["Bag of Preparation"],"campfire_rested":0,"item_purchase_floors":[4],"current_hp_per_floor":[59,48,53,53,53,53,53,55,55,55,55,32,26,26,26,0,0],"gold":118,"neow_bonus":"THREE_ENEMY_KILL","is_daily":false,"chose_seed":false,"campfire_upgraded":3,"win_rate":0.0,"timestamp":1612929617,"path_taken":["M","?","?","$","?","$","R","E","T","E","R","E","M","?","R","BOSS"],"items_purchased_type":["Relic"],"build_version":"2020-12-22","purchased_purges":0,"victory":false,"max_hp_per_floor":[66,66,71,71,71,71,71,73,73,73,73,73,73,73,73,73,73],"card_choices":[{"not_picked":["Dagger Spray","Well Laid Plans"],"picked":"Blade Dance","floor":1.0},{"not_picked":["Deflect","Crippling Poison","Dagger Throw"],"picked":"Singing Bowl","floor":8.0},{"not_picked":["Riddle With Holes","Well Laid Plans+1"],"picked":"Blade Dance","floor":10.0},{"not_picked":["Expertise","Poisoned Stab"],"picked":"Finisher","floor":12.0},{"not_picked":["Deadly Poison","Catalyst"],"picked":"Bullet Time","floor":13.0}],"player_experience":208480,"relics_obtained":[{"floor":8.0,"key":"Singing Bowl"},{"floor":9.0,"key":"Frozen Egg 2"},{"floor":10.0,"key":"Paper Crane"},{"floor":12.0,"key":"Tiny Chest"},{"floor":14.0,"key":"Ornamental Fan"}],"event_choices":[{"damage_healed":0.0,"max_hp_gain":0.0,"max_hp_loss":0.0,"gold_gain":75.0,"event_name":"World of Goop","player_choice":"Gather Gold","floor":2.0,"gold_loss":0.0,"damage_taken":11.0},{"damage_healed":0.0,"max_hp_gain":5.0,"max_hp_loss":0.0,"gold_gain":0.0,"event_name":"Big Fish","player_choice":"Donut","floor":3.0,"gold_loss":0.0,"damage_taken":0.0},{"damage_healed":0.0,"max_hp_gain":0.0,"max_hp_loss":0.0,"gold_gain":0.0,"event_name":"Liars Game","player_choice":"Ignored","floor":5.0,"gold_loss":0.0,"damage_taken":0.0}],"is_beta":false,"boss_relics":[],"items_purged_floors":[],"is_endless":false,"potions_floor_spawned":[12],"killed_by":"Hexaghost","ascension_level":19}}