{"host":"04hh9gplt9wkfmr1","time":1612986155,"event":{"mods":["AchievementEnabler","BaseMod","Colored Map","KOR Keyword Fix","Minty Spire (QoL Compilation)","Rare Cards Sparkle","SuperFastMode"],"gold_per_floor":[109,109,184,195,120,120,147,147,147,180,196,196,196,48,48,151,151,162,178,178,178,178,178,178],"floor_reached":23,"language":"KOR","playtime":626,"items_purged":["Regret","Defend_R"],"score":263,"play_id":"0a1a54ea-b28b-4560-bfb1-5b984384bc0f","local_time":"20210211044235","is_ascension_mode":true,"campfire_choices":[{"data":"Armaments","floor":6.0,"key":"SMITH"},{"data":"Bash","floor":8.0,"key":"SMITH"},{"floor":12.0,"key":"REST"},{"data":"Bandage Up","floor":15.0,"key":"SMITH"}],"circlet_count":0,"master_deck":["Strike_R+1","Strike_R+1","Strike_R+1","Strike_R+1","Strike_R+1","Defend_R+1","Defend_R+1","Defend_R+1","Bash+1","Evolve","Armaments+1","Pommel Strike","Impervious","Bandage Up+1","Limit Break","Twin Strike","Headbutt","J.A.X."],"relics":["Burning Blood","Mummified Hand","Smiling Mask","Bronze Scales","InkBottle","Toy Ornithopter","Black Star","Matryoshka"],"acts_visited":["Exordium","TheCity"],"potions_floor_usage":[19],"damage_taken":[{"damage":7.0,"enemies":"2 Louse","floor":1.0,"turns":5.0},{"damage":7.0,"enemies":"Jaw Worm","floor":4.0,"turns":5.0},{"damage":32.0,"enemies":"3 Sentries","floor":7.0,"turns":11.0},{"damage":28.0,"enemies":"Gremlin Nob","floor":10.0,"turns":4.0},{"damage":0.0,"enemies":"Small Slimes","floor":11.0,"turns":4.0},{"damage":33.0,"enemies":"Slime Boss","floor":16.0,"turns":13.0},{"damage":44,"enemies":"Shell Parasite","floor":18,"turns":15},{"damage":41,"enemies":"2 Thieves","floor":19,"turns":4},{"damage":28,"enemies":"Book of Stabbing","floor":23,"turns":3}],"seed_played":"-8398394514527985163","potions_obtained":[{"floor":1.0,"key":"SneckoOil"},{"floor":7.0,"key":"PowerPotion"},{"floor":10.0,"key":"SpeedPotion"},{"floor":18,"key":"Explosive Potion"}],"is_trial":false,"path_per_floor":["M","?","?","M","$","R","E","R","T","E","M","R","?","$","R","B",null,"M","M","?","?","T","E"],"character_chosen":"IRONCLAD","items_purchased":["Bandage Up"],"campfire_rested":1,"item_purchase_floors":[14],"current_hp_per_floor":[79,79,68,67,67,67,41,41,41,19,25,51,39,39,39,33,74,42,18,18,18,18,0,0],"gold":178,"neow_bonus":"TEN_PERCENT_HP_BONUS","is_daily":false,"chose_seed":false,"campfire_upgraded":3,"win_rate":0.0,"timestamp":1612986155,"path_taken":["M","?","?","M","$","R","E","R","T","E","M","R","?","?","R","BOSS","M","M","?","?","?","E"],"items_purchased_type":["Card"],"build_version":"2020-12-22","purchased_purges":2,"victory":false,"max_hp_per_floor":[88,88,88,88,88,88,88,88,88,88,88,88,88,88,88,88,88,88,88,88,88,88,88,88],"card_choices":[{"not_picked":["Power Through","Warcry"],"picked":"Evolve","floor":1.0},{"not_picked":["Body Slam","Iron Wave"],"picked":"Armaments","floor":4.0},{"not_picked":["Pummel","Power Through"],"picked":"Pommel Strike","floor":7.0},{"not_picked":["Clothesline","Wild Strike"],"picked":"Impervious","floor":10.0},{"not_picked":["Fire Breathing","Flex","Body Slam"],"picked":"SKIP","floor":11.0},{"not_picked":["Fire Breathing","Flex","Body Slam"],"picked":"SKIP","floor":11.0},{"not_picked":["Fire Breathing","Flex","Body Slam"],"picked":"SKIP","floor":11.0},{"not_picked":["Immolate","Fiend Fire"],"picked":"Limit Break","floor":16.0},{"not_picked":["Headbutt","Flex"],"picked":"Twin Strike","floor":18},{"not_picked":["Combust+1","Headbutt","Infernal Blade"],"picked":"SKIP","floor":19},{"not_picked":["Combust+1","Infernal Blade"],"picked":"Headbutt","floor":19}],"player_experience":144344,"relics_obtained":[{"floor":7.0,"key":"Smiling Mask"},{"floor":9.0,"key":"Bronze Scales"},{"floor":10.0,"key":"InkBottle"},{"floor":22,"key":"Matryoshka"}],"event_choices":[{"damage_healed":0.0,"max_hp_gain":0.0,"max_hp_loss":0.0,"gold_gain":0.0,"event_name":"Big Fish","player_choice":"Box","floor":2.0,"gold_loss":0.0,"damage_taken":0.0,"relics_obtained":["Mummified Hand"],"cards_obtained":["Regret"]},{"damage_healed":0.0,"max_hp_gain":0.0,"max_hp_loss":0.0,"gold_gain":75.0,"event_name":"World of Goop","player_choice":"Gather Gold","floor":3.0,"gold_loss":0.0,"damage_taken":11.0},{"damage_healed":0.0,"max_hp_gain":0.0,"max_hp_loss":0.0,"gold_gain":0.0,"event_name":"Scrap Ooze","player_choice":"Success","floor":13.0,"gold_loss":0.0,"damage_taken":12.0,"relics_obtained":["Toy Ornithopter"]},{"damage_healed":0,"gold_gain":0,"player_choice":"Obtain J.A.X.","damage_taken":0,"max_hp_gain":0,"max_hp_loss":0,"event_name":"Drug Dealer","floor":20,"gold_loss":0,"cards_obtained":["J.A.X."]},{"damage_healed":0,"gold_gain":0,"player_choice":"Simplicity","damage_taken":0,"max_hp_gain":0,"max_hp_loss":0,"event_name":"Back to Basics","floor":21,"gold_loss":0,"cards_upgraded":["Strike_R","Strike_R","Strike_R","Strike_R","Strike_R","Defend_R","Defend_R","Defend_R"]}],"is_beta":false,"boss_relics":[{"not_picked":["Pandora\u0027s Box","Coffee Dripper"],"picked":"Black Star"}],"items_purged_floors":[5,14],"is_endless":false,"potions_floor_spawned":[1,7,10,18],"killed_by":"Book of Stabbing","ascension_level":7}}