{"host":"1bzbl1adcbkdzqlf","time":1612999757,"event":{"mods":["BaseMod","Minty Spire (QoL Compilation)","Slay the Relics Exporter"],"gold_per_floor":[111,123,123,123,123,157,182,218,218,259,282,282,301,324,324,444,444,464,243,243,259,278,132,150,150,150],"floor_reached":25,"language":"ENG","playtime":2327,"items_purged":["Strike_R"],"score":413,"play_id":"5119aea1-d140-4c72-bba3-77cf6ba19803","local_time":"20210210172917","is_ascension_mode":true,"campfire_choices":[{"floor":15,"key":"REST"}],"circlet_count":0,"master_deck":["AscendersBane","Strike_R","Strike_R","Defend_R","Defend_R+1","Defend_R","Defend_R","Bash","Entrench+1","Pommel Strike","Shrug It Off","Clothesline","Thunderclap","Armaments","Flex","Disarm","Power Through","Juggernaut","Corruption","Perfected Strike","Armaments+1","Shrug It Off"],"relics":["Burning Blood","NeowsBlessing","Golden Idol","Ice Cream","Unceasing Top","Mango","Mercury Hourglass","Busted Crown","Tiny Chest","War Paint"],"acts_visited":["Exordium","TheCity"],"potions_floor_usage":[8,10,12,14,25],"damage_taken":[{"damage":0,"enemies":"2 Louse","floor":1,"turns":1},{"damage":0,"enemies":"Jaw Worm","floor":2,"turns":1},{"damage":0,"enemies":"3 Sentries","floor":6,"turns":2},{"damage":6,"enemies":"Cultist","floor":7,"turns":3},{"damage":24,"enemies":"Gremlin Nob","floor":8,"turns":5},{"damage":34,"enemies":"3 Sentries","floor":10,"turns":10},{"damage":18,"enemies":"Red Slaver","floor":11,"turns":4},{"damage":23,"enemies":"Exordium Thugs","floor":13,"turns":5},{"damage":9,"enemies":"Large Slime","floor":14,"turns":5},{"damage":78,"enemies":"Slime Boss","floor":16,"turns":14},{"damage":38,"enemies":"3 Byrds","floor":18,"turns":5},{"damage":5,"enemies":"Chosen","floor":21,"turns":5},{"damage":6,"enemies":"Snecko","floor":22,"turns":5},{"damage":39,"enemies":"Cultist and Chosen","floor":24,"turns":6},{"damage":26,"enemies":"Gremlin Leader","floor":25,"turns":7}],"seed_played":"5745813841145347451","potions_obtained":[{"floor":1,"key":"Weak Potion"},{"floor":2,"key":"FairyPotion"},{"floor":8,"key":"DistilledChaos"},{"floor":11,"key":"BlessingOfTheForge"},{"floor":12,"key":"Fruit Juice"},{"floor":12,"key":"Regen Potion"},{"floor":22,"key":"SpeedPotion"}],"is_trial":false,"path_per_floor":["M","M","?","?","?","E","M","E","T","E","M","?","M","M","R","B",null,"M","$","?","M","M","$","M","E"],"character_chosen":"IRONCLAD","items_purchased":["Tiny Chest","War Paint"],"campfire_rested":1,"item_purchase_floors":[19,23],"current_hp_per_floor":[78,80,80,60,65,71,71,53,67,39,27,32,15,26,57,23,84,52,52,52,53,53,53,20,0,0],"gold":150,"neow_bonus":"THREE_ENEMY_KILL","is_daily":false,"chose_seed":false,"campfire_upgraded":0,"win_rate":0.0,"timestamp":1612999757,"path_taken":["M","M","?","?","?","E","?","E","T","E","M","?","?","M","R","BOSS","M","$","?","M","M","$","M","E"],"items_purchased_type":["Relic","Relic"],"build_version":"2020-12-22","purchased_purges":1,"victory":false,"max_hp_per_floor":[80,80,80,80,85,85,85,85,99,99,99,104,104,104,104,104,104,104,104,104,104,104,104,104,104,104],"card_choices":[{"not_picked":["Searing Blow","Pummel"],"picked":"Entrench","floor":1},{"not_picked":["Body Slam","Headbutt"],"picked":"Pommel Strike","floor":2},{"not_picked":["Warcry","Iron Wave"],"picked":"Shrug It Off","floor":6},{"not_picked":["Bloodletting","Body Slam"],"picked":"Clothesline","floor":7},{"not_picked":["Cleave","Disarm"],"picked":"Thunderclap","floor":8},{"not_picked":["Reckless Charge","Thunderclap"],"picked":"Armaments","floor":10},{"not_picked":["Sever Soul","Havoc"],"picked":"Flex","floor":11},{"not_picked":["Second Wind","Blood for Blood"],"picked":"Disarm","floor":13},{"not_picked":["Brutality","Sword Boomerang"],"picked":"Power Through","floor":14},{"not_picked":["Limit Break","Brutality"],"picked":"Juggernaut","floor":16},{"not_picked":["Anger"],"picked":"SKIP","floor":18},{"not_picked":[],"picked":"Armaments","floor":21},{"not_picked":[],"picked":"Shrug It Off","floor":22},{"not_picked":["Entrench"],"picked":"SKIP","floor":24}],"player_experience":415324,"relics_obtained":[{"floor":6,"key":"Ice Cream"},{"floor":8,"key":"Unceasing Top"},{"floor":9,"key":"Mango"},{"floor":10,"key":"Mercury Hourglass"}],"event_choices":[{"damage_healed":0,"gold_gain":0,"player_choice":"Grow","damage_taken":0,"max_hp_gain":0,"max_hp_loss":0,"event_name":"Living Wall","floor":3,"gold_loss":0,"cards_upgraded":["Entrench"]},{"damage_healed":0,"gold_gain":0,"player_choice":"Take Damage","damage_taken":20,"relics_obtained":["Golden Idol"],"max_hp_gain":0,"max_hp_loss":0,"event_name":"Golden Idol","floor":4,"gold_loss":0},{"damage_healed":0,"gold_gain":0,"player_choice":"Donut","damage_taken":0,"max_hp_gain":5,"max_hp_loss":0,"event_name":"Big Fish","floor":5,"gold_loss":0},{"damage_healed":0,"gold_gain":0,"player_choice":"Got Potions","damage_taken":0,"max_hp_gain":0,"max_hp_loss":0,"event_name":"Lab","floor":12,"gold_loss":0},{"damage_healed":0,"gold_gain":0,"cards_transformed":["Strike_R","Strike_R"],"player_choice":"Became Test Subject","damage_taken":0,"max_hp_gain":0,"max_hp_loss":0,"event_name":"Drug Dealer","floor":20,"gold_loss":0,"cards_obtained":["Corruption","Perfected Strike"]}],"is_beta":false,"boss_relics":[{"not_picked":["Runic Dome","Cursed Key"],"picked":"Busted Crown"}],"items_purged_floors":[19],"is_endless":false,"potions_floor_spawned":[1,2,8,11,13,22],"killed_by":"Gremlin Leader","ascension_level":11}}