{"host":"xg4r5pv6chpuampg","time":1612985849,"event":{"mods":["AchievementEnabler","BaseMod","Googly Eyes","Minty Spire (QoL Compilation)"],"gold_per_floor":[112,130,205,69,69,69,83,100,100,112,112,130,161,171,171,274,274,292,302,302,302,312,312,324,324,374,374,127,143,143,161,161,161,161],"floor_reached":33,"language":"ENG","playtime":1255,"items_purged":[],"score":276,"play_id":"2021cb2d-3a3e-4902-89a6-52ed3d7260fe","local_time":"20210210223729","is_ascension_mode":false,"campfire_choices":[{"data":"SandsOfTime","floor":6,"key":"SMITH"},{"data":"PathToVictory","floor":11,"key":"SMITH"},{"floor":15,"key":"REST"},{"floor":23,"key":"REST"},{"floor":25,"key":"REST"},{"data":"PathToVictory","floor":27,"key":"SMITH"},{"floor":30,"key":"RECALL"},{"floor":32,"key":"REST"}],"circlet_count":0,"master_deck":["Strike_P","Strike_P","Strike_P","Strike_P","Defend_P","Defend_P","Defend_P","Defend_P","Eruption","Vigilance","PathToVictory","WheelKick","SandsOfTime+1","Halt","TalkToTheHand","PathToVictory","Wallop","PathToVictory+1","Pray","PathToVictory+1","DeceiveReality","Scrawl","EmptyMind","Evaluate+1","SashWhip","Wish"],"relics":["PureWater","NeowsBlessing","Eternal Feather","SlaversCollar","Blood Vial","Damaru"],"acts_visited":["Exordium","TheCity"],"potions_floor_usage":[13,28],"damage_taken":[{"damage":0,"enemies":"2 Louse","floor":1,"turns":1},{"damage":0,"enemies":"Small Slimes","floor":2,"turns":1},{"damage":0,"enemies":"Cultist","floor":7,"turns":1},{"damage":9,"enemies":"2 Fungi Beasts","floor":8,"turns":3},{"damage":7,"enemies":"Blue Slaver","floor":10,"turns":3},{"damage":11,"enemies":"Gremlin Gang","floor":12,"turns":4},{"damage":28,"enemies":"3 Sentries","floor":13,"turns":6},{"damage":0,"enemies":"Red Slaver","floor":14,"turns":3},{"damage":7,"enemies":"The Guardian","floor":16,"turns":8},{"damage":5,"enemies":"Chosen","floor":18,"turns":3},{"damage":23,"enemies":"Spheric Guardian","floor":19,"turns":5},{"damage":19,"enemies":"Shelled Parasite and Fungi","floor":22,"turns":6},{"damage":33,"enemies":"Snecko","floor":24,"turns":6},{"damage":24,"enemies":"Centurion and Healer","floor":29,"turns":7},{"damage":34,"enemies":"Cultist and Chosen","floor":31,"turns":7},{"damage":90,"enemies":"Collector","floor":33,"turns":5}],"seed_played":"2354383897542870018","potions_obtained":[{"floor":2,"key":"DuplicationPotion"},{"floor":8,"key":"Explosive Potion"},{"floor":13,"key":"StancePotion"},{"floor":14,"key":"Energy Potion"}],"is_trial":false,"path_per_floor":["M","M","?","$","?","R","M","M","T","M","R","M","E","M","R","B",null,"M","M","?","?","M","R","M","R","T","R","$","M","R","M","R","B"],"character_chosen":"WATCHER","items_purchased":["SandsOfTime","Halt","Damaru","Fruit Juice"],"campfire_rested":4,"item_purchase_floors":[4,4,28,28],"current_hp_per_floor":[72,72,61,61,61,61,61,52,52,45,45,34,6,6,39,32,72,67,44,44,44,25,58,25,61,61,72,77,53,68,36,74,0,0],"gold":161,"neow_bonus":"THREE_ENEMY_KILL","is_daily":false,"chose_seed":false,"campfire_upgraded":3,"win_rate":0.0,"timestamp":1612985849,"path_taken":["M","M","?","$","?","R","M","M","T","M","R","M","E","M","R","BOSS","M","M","?","?","M","R","M","R","T","R","$","M","R","M","R","BOSS"],"items_purchased_type":["Card","Card","Relic","Potion"],"build_version":"2020-12-22","purchased_purges":0,"victory":false,"max_hp_per_floor":[72,72,72,72,72,72,72,72,72,72,72,72,72,72,72,72,72,72,72,72,72,72,72,72,72,72,72,77,77,77,77,77,77,77],"card_choices":[{"not_picked":["Crescendo","EmptyBody"],"picked":"PathToVictory","floor":1},{"not_picked":["Consecrate","ForeignInfluence"],"picked":"WheelKick","floor":2},{"not_picked":["DeceiveReality","Consecrate"],"picked":"PathToVictory","floor":7},{"not_picked":["FearNoEvil","WheelKick"],"picked":"Wallop","floor":8},{"not_picked":["Consecrate","FlyingSleeves"],"picked":"PathToVictory","floor":10},{"not_picked":["Worship","Wireheading"],"picked":"Pray","floor":12},{"not_picked":["BattleHymn","ThirdEye"],"picked":"PathToVictory","floor":13},{"not_picked":["CutThroughFate","WheelKick"],"picked":"DeceiveReality","floor":14},{"not_picked":["Blasphemy","ConjureBlade"],"picked":"Scrawl","floor":16},{"not_picked":["Pray","ThirdEye"],"picked":"EmptyMind","floor":18},{"not_picked":["ClearTheMind","ThirdEye","WindmillStrike"],"picked":"SKIP","floor":19},{"not_picked":["JustLucky","EmptyBody+1"],"picked":"Evaluate+1","floor":22},{"not_picked":["Wireheading","ThirdEye"],"picked":"SashWhip","floor":24},{"not_picked":["Study+1","ForeignInfluence+1","FlurryOfBlows"],"picked":"SKIP","floor":29},{"not_picked":["FollowUp","EmptyMind"],"picked":"Wish","floor":31}],"player_experience":110139,"relics_obtained":[{"floor":13,"key":"Eternal Feather"},{"floor":26,"key":"Blood Vial"}],"event_choices":[{"damage_healed":0,"gold_gain":75,"player_choice":"Gather Gold","damage_taken":11,"max_hp_gain":0,"max_hp_loss":0,"event_name":"World of Goop","floor":3,"gold_loss":0},{"damage_healed":0,"gold_gain":0,"player_choice":"1 cards matched","damage_taken":0,"max_hp_gain":0,"max_hp_loss":0,"event_name":"Match and Keep!","floor":5,"gold_loss":0,"cards_obtained":["TalkToTheHand"]},{"damage_healed":0,"gold_gain":0,"player_choice":"Ignored","damage_taken":0,"max_hp_gain":0,"max_hp_loss":0,"event_name":"Cursed Tome","floor":20,"gold_loss":0},{"damage_healed":0,"gold_gain":0,"player_choice":"Ignored","damage_taken":0,"max_hp_gain":0,"max_hp_loss":0,"event_name":"Ghosts","floor":21,"gold_loss":0}],"is_beta":false,"boss_relics":[{"not_picked":["Coffee Dripper","Philosopher\u0027s Stone"],"picked":"SlaversCollar"}],"items_purged_floors":[],"is_endless":false,"potions_floor_spawned":[2,8,13,14,16,19,22],"killed_by":"Collector","ascension_level":0}}