{"host":"l15sdf2mmi0nobpi","time":1612923093,"event":{"mods":["ATMod(°¢èªMod)","BaseMod","Highlight Path","Minty Spire (QoL Compilation)","Quick Restart","StSLib","The Runesmith","The Senshi","¡¾¹¦ÄÜMod¡¿Neow½±Àø"],"gold_per_floor":[117,132,132,232,246,281,295,324,324,324,353,371,401,401,401,499,499,518,533,549,563,575,575,591,607,607,607,607,379,404,204,204,309,309,327,347,359,359,409,409,438,483,509,540,557,569,62,75,75,75],"floor_reached":51,"language":"ZHS","playtime":3166,"items_purged":["Runesmith:Strike_RS","Runesmith:Strike_RS","Runesmith:Strike_RS"],"score":1079,"play_id":"be4dafe4-258c-4dce-9c50-10c804cf8d87","local_time":"20210210101133","is_ascension_mode":true,"campfire_choices":[{"floor":10.0,"key":"REST"},{"data":"Runesmith:LithiumIon","floor":15.0,"key":"SMITH"},{"data":"AT_BodySlamDance","floor":23.0,"key":"SMITH"},{"data":"Runesmith:EnergizedChisel","floor":27.0,"key":"SMITH"},{"data":"Runesmith:LightningRod","floor":32.0,"key":"SMITH"},{"data":"Runesmith:Retool","floor":40.0,"key":"SMITH"},{"data":"Runesmith:CreatorForm","floor":49,"key":"SMITH"}],"circlet_count":0,"master_deck":["Runesmith:Defend_RS","Runesmith:Defend_RS","Runesmith:Defend_RS","Runesmith:Defend_RS","Runesmith:CraftFirestone","Runesmith:Fortify+1","AT_BodySlamDance+1","Runesmith:LightningRod+1","Runesmith:LithiumIon+1","Runesmith:CraftProtectio","Runesmith:CraftIncendium","Runesmith:RunicBlueprint","Runesmith:Firewall+1","Runesmith:CraftProtectio","Runesmith:CreatorForm+1","Runesmith:CraftMagma+1","Runesmith:PoweredAnvil","Runesmith:EnergizedChisel+1","Runesmith:RuneHurl","Runesmith:Prism+1","Runesmith:MetallurgicalResearch+1","Runesmith:Retool+1","Runesmith:CraftMagma+1","Runesmith:Repurpose","Runesmith:Grindstone+1","Runesmith:Firestorm","Runesmith:LithiumIon+1"],"relics":["Runesmith:BrokenRuby","AT_ATBox","AT_BellowingDragoncrestRing","AT_GuinsooRageblade","Matryoshka","Eternal Feather","AT_SilvercatRing","Runic Pyramid","AT_EbonyIvory","Juzu Bracelet","Orrery","AT_BellDemon","Bottled Tornado","Sozu","Prayer Wheel","AT_Kusabimaru","Happy Flower","Turnip","DollysMirror","Art of War"],"acts_visited":["Exordium","TheCity","TheBeyond"],"potions_floor_usage":[50],"damage_taken":[{"damage":0.0,"enemies":"Small Slimes","floor":1.0,"turns":3.0},{"damage":6.0,"enemies":"Cultist","floor":2.0,"turns":4.0},{"damage":7.0,"enemies":"Jaw Worm","floor":5.0,"turns":4.0},{"damage":29.0,"enemies":"Lagavulin","floor":6.0,"turns":8.0},{"damage":9.0,"enemies":"Exordium Thugs","floor":7.0,"turns":4.0},{"damage":10.0,"enemies":"3 Sentries","floor":8.0,"turns":7.0},{"damage":11.0,"enemies":"Gremlin Nob","floor":11.0,"turns":3.0},{"damage":0.0,"enemies":"2 Fungi Beasts","floor":12.0,"turns":3.0},{"damage":10.0,"enemies":"3 Sentries","floor":13.0,"turns":6.0},{"damage":2.0,"enemies":"The Guardian","floor":16.0,"turns":8.0},{"damage":10.0,"enemies":"Chosen","floor":18.0,"turns":5.0},{"damage":1.0,"enemies":"2 Thieves","floor":19.0,"turns":4.0},{"damage":21.0,"enemies":"Snake Plant","floor":20.0,"turns":4.0},{"damage":1.0,"enemies":"Cultist and Chosen","floor":21.0,"turns":7.0},{"damage":4.0,"enemies":"Sentry and Sphere","floor":22.0,"turns":6.0},{"damage":6.0,"enemies":"Centurion and Healer","floor":24.0,"turns":8.0},{"damage":3.0,"enemies":"Shelled Parasite and Fungi","floor":25.0,"turns":6.0},{"damage":25.0,"enemies":"Slavers","floor":30.0,"turns":3.0},{"damage":0.0,"enemies":"Champ","floor":33.0,"turns":9.0},{"damage":14.0,"enemies":"3 Darklings","floor":35.0,"turns":4.0},{"damage":1.0,"enemies":"3 Shapes","floor":36.0,"turns":5.0},{"damage":0.0,"enemies":"Writhing Mass","floor":37.0,"turns":5.0},{"damage":0.0,"enemies":"Mind Bloom Boss Battle","floor":39.0,"turns":6.0},{"damage":0.0,"enemies":"Nemesis","floor":41.0,"turns":5.0},{"damage":16.0,"enemies":"2 Orb Walkers","floor":42.0,"turns":5.0},{"damage":10.0,"enemies":"Reptomancer","floor":44.0,"turns":6.0},{"damage":4.0,"enemies":"Spire Growth","floor":45.0,"turns":3.0},{"damage":0.0,"enemies":"Maw","floor":46.0,"turns":5.0},{"damage":8,"enemies":"Writhing Mass","floor":48,"turns":3},{"damage":40,"enemies":"Time Eater","floor":50,"turns":5}],"seed_played":"-4674459849563342055","potions_obtained":[{"floor":1.0,"key":"AttackPotion"},{"floor":5.0,"key":"Dexterity Potion"},{"floor":11.0,"key":"DuplicationPotion"},{"floor":12.0,"key":"GamblersBrew"},{"floor":21.0,"key":"Explosive Potion"},{"floor":22.0,"key":"Energy Potion"},{"floor":24.0,"key":"SkillPotion"},{"floor":30.0,"key":"AttackPotion"}],"is_trial":false,"path_per_floor":["M","M","?","?","M","E","M","E","T","R","E","M","E","?","R","B",null,"M","M","M","M","M","R","M","M","T","R","?","$","E","$","R","B",null,"M","M","M","?","?","R","E","?","T","E","M","M","$","M","R","B",null],"character_chosen":"RUNESMITH_CLASS","items_purchased":["Orrery","Fruit Juice","Runesmith:Firestorm","DollysMirror","Art of War"],"campfire_rested":1,"item_purchase_floors":[29,31,47,47,47],"current_hp_per_floor":[63,57,62,62,55,26,17,7,7,29,18,18,8,8,17,15,60,50,49,28,27,23,35,29,26,26,38,38,38,13,13,25,30,68,54,53,53,53,53,68,68,52,52,42,38,38,38,30,45,5],"gold":75,"neow_bonus":"TRANSFORM_CARD","is_daily":false,"chose_seed":false,"campfire_upgraded":6,"win_rate":0.0,"timestamp":1612923093,"path_taken":["M","M","?","?","M","E","?","E","T","R","E","M","E","?","R","BOSS","M","?","M","M","M","R","M","M","T","R","?","?","E","$","R","BOSS","M","M","M","?","?","R","E","?","T","E","M","M","$","M","R","BOSS"],"items_purchased_type":["Relic","Potion","Card","Relic","Relic"],"build_version":"2020-12-22","purchased_purges":3,"victory":true,"max_hp_per_floor":[70,70,75,75,75,75,75,75,75,75,75,75,75,75,75,75,75,75,75,75,75,75,75,75,75,75,75,75,75,75,75,75,80,80,80,80,80,80,80,80,80,80,80,80,80,80,80,80,80,80],"card_choices":[{"not_picked":["Runesmith:Firewall","Runesmith:MakeshiftArmor"],"picked":"Runesmith:LithiumIon","floor":1.0},{"not_picked":["Runesmith:ChiselStab","Runesmith:RuneHurl"],"picked":"Runesmith:CraftProtectio","floor":2.0},{"not_picked":["Runesmith:ElementalConversion","Runesmith:ChiselStab","Runesmith:UnstableHammer"],"picked":"SKIP","floor":5.0},{"not_picked":["Runesmith:ChiselStab","Runesmith:HeatExchange","Runesmith:StaticCage"],"picked":"SKIP","floor":6.0},{"not_picked":["Runesmith:StaticCage","Runesmith:ChargedHammer"],"picked":"Runesmith:CraftIncendium","floor":7.0},{"not_picked":["Runesmith:ChiselStab","Runesmith:LastStand","Runesmith:Malloc"],"picked":"SKIP","floor":8.0},{"not_picked":["Runesmith:MakeshiftArmor","Runesmith:HeatExchange"],"picked":"Runesmith:RunicBlueprint","floor":11.0},{"not_picked":["Runesmith:HammerTime","Runesmith:RuneHurl"],"picked":"Runesmith:Firewall","floor":12.0},{"not_picked":["Runesmith:Overpower","Runesmith:ChiselStab"],"picked":"Runesmith:CraftProtectio","floor":13.0},{"not_picked":["Runesmith:CraftIndustria","Runesmith:CraftMedicinae"],"picked":"Runesmith:CreatorForm","floor":16.0},{"not_picked":["Runesmith:ChiselStab","Runesmith:UnstableHammer"],"picked":"Runesmith:CraftMagma+1","floor":18.0},{"not_picked":["Runesmith:StaticCage","Runesmith:HammerThrow"],"picked":"Runesmith:PoweredAnvil","floor":19.0},{"not_picked":["Runesmith:EnergizedChisel","Runesmith:CraftProtectio","Runesmith:UnstableHammer"],"picked":"SKIP","floor":20.0},{"not_picked":["Runesmith:CraftProtectio","Runesmith:UnstableHammer"],"picked":"Runesmith:EnergizedChisel","floor":20.0},{"not_picked":["Runesmith:NegativeSpace","Runesmith:EarthShield","Runesmith:Firewall"],"picked":"SKIP","floor":21.0},{"not_picked":["Runesmith:OneForEveryone","Runesmith:EarthShield"],"picked":"Runesmith:RuneHurl","floor":22.0},{"not_picked":["Runesmith:FrozenChisel","Runesmith:StaticCage","Runesmith:ElementalConversion"],"picked":"SKIP","floor":24.0},{"not_picked":["Runesmith:GoWithTheFlow","Runesmith:Overpower","Runesmith:Terraform"],"picked":"SKIP","floor":25.0},{"not_picked":["Runesmith:CraftObretio","Runesmith:Retool"],"picked":"Runesmith:Prism","floor":29.0},{"not_picked":["Runesmith:ShiftingStrike","Runesmith:ChiselStab+1","Runesmith:RuneHurl"],"picked":"SKIP","floor":30.0},{"not_picked":["Runesmith:ArcReactor","Runesmith:CraftMedicinae"],"picked":"Runesmith:MetallurgicalResearch","floor":33.0},{"not_picked":["Runesmith:EnergizedChisel+1","Runesmith:CraftMagma"],"picked":"Runesmith:Retool","floor":35.0},{"not_picked":["Runesmith:Attraction+1","Runesmith:HeatExchange+1"],"picked":"Runesmith:CraftMagma+1","floor":36.0},{"not_picked":["Runesmith:BackupBattery","Runesmith:StaticCage"],"picked":"Runesmith:Repurpose","floor":37.0},{"not_picked":["Runesmith:Augment","Runesmith:CraftProtectio"],"picked":"Runesmith:Grindstone+1","floor":41.0},{"not_picked":["Runesmith:CraftProtectio","Runesmith:HammerTime+1","Runesmith:PerfectChisel"],"picked":"SKIP","floor":44.0},{"not_picked":["Runesmith:Grindstone","Runesmith:OneForEveryone","Runesmith:StaticCage+1"],"picked":"SKIP","floor":45.0},{"not_picked":["Runesmith:RuneHurl+1","Runesmith:Overpower+1","Runesmith:RunicBlueprint+1"],"picked":"SKIP","floor":45.0},{"not_picked":["Runesmith:CraftMagma","Runesmith:CreatorForm","Runesmith:ShiftingStrike"],"picked":"SKIP","floor":46.0},{"not_picked":["Runesmith:RuneHurl+1","Runesmith:CraftMagma+1","Runesmith:Terraform+1"],"picked":"SKIP","floor":46.0},{"not_picked":["Runesmith:RuneHurl","Runesmith:Grindstone","Runesmith:HammerThrow+1"],"picked":"SKIP","floor":48},{"not_picked":["Runesmith:BackupBattery","Runesmith:Prism","Runesmith:HeatedChisel"],"picked":"SKIP","floor":48}],"player_experience":605429,"relics_obtained":[{"floor":6.0,"key":"AT_BellowingDragoncrestRing"},{"floor":8.0,"key":"AT_GuinsooRageblade"},{"floor":9.0,"key":"Matryoshka"},{"floor":11.0,"key":"Eternal Feather"},{"floor":13.0,"key":"AT_SilvercatRing"},{"floor":26.0,"key":"AT_EbonyIvory"},{"floor":26.0,"key":"Juzu Bracelet"},{"floor":30.0,"key":"AT_BellDemon"},{"floor":33.0,"key":"Bottled Tornado"},{"floor":39.0,"key":"Prayer Wheel"},{"floor":42.0,"key":"AT_Kusabimaru"},{"floor":43.0,"key":"Happy Flower"},{"floor":44.0,"key":"Turnip"}],"event_choices":[{"damage_healed":0.0,"max_hp_gain":5.0,"max_hp_loss":0.0,"gold_gain":0.0,"event_name":"Big Fish","player_choice":"Donut","floor":3.0,"gold_loss":0.0,"damage_taken":0.0},{"damage_healed":0.0,"max_hp_gain":0.0,"max_hp_loss":0.0,"gold_gain":100.0,"event_name":"Wheel of Change","player_choice":"Gold","floor":4.0,"gold_loss":0.0,"damage_taken":0.0},{"damage_healed":0.0,"max_hp_gain":0.0,"max_hp_loss":0.0,"gold_gain":0.0,"event_name":"Upgrade Shrine","player_choice":"Upgraded","floor":14.0,"gold_loss":0.0,"damage_taken":0.0,"cards_upgraded":["Runesmith:Firewall"]},{"damage_healed":0.0,"max_hp_gain":0.0,"max_hp_loss":0.0,"gold_gain":0.0,"event_name":"Vampires","player_choice":"Ignored","floor":28.0,"gold_loss":0.0,"damage_taken":0.0},{"damage_healed":0.0,"max_hp_gain":0.0,"max_hp_loss":0.0,"gold_gain":0.0,"event_name":"SensoryStone","player_choice":"Memory 1","floor":38.0,"gold_loss":0.0,"damage_taken":0.0},{"damage_healed":0.0,"max_hp_gain":0.0,"max_hp_loss":0.0,"gold_gain":0.0,"event_name":"MindBloom","player_choice":"Fight","floor":39.0,"gold_loss":0.0,"damage_taken":0.0},{"damage_healed":0.0,"max_hp_gain":0.0,"max_hp_loss":0.0,"gold_gain":0.0,"event_name":"Mysterious Sphere","player_choice":"Fight","floor":42.0,"gold_loss":0.0,"damage_taken":0.0}],"is_beta":false,"boss_relics":[{"not_picked":["SacredBark","Tiny House"],"picked":"Runic Pyramid"},{"not_picked":["Runesmith:UraniumAnvil","Calling Bell"],"picked":"Sozu"}],"items_purged_floors":[29,31,47],"is_endless":false,"potions_floor_spawned":[1,5,11,12,18,21,22,24,30,35,36,41,44,45,48],"ascension_level":6}}