{"host":"oehe2dxjvdgux73m","time":1612961929,"event":{"mods":["AchievementEnabler","BaseMod","Colored Map","Colored Powertips","DeckTracker","Keyboard Shortcuts","Minty Spire (QoL Compilation)","Permanent Neow","Quick Restart","StSLib","SuperFastMode"],"gold_per_floor":[114,134,148,163,181,181,98,122,122,155,72,72,106,106,106,179,179,197,197,197,122,122,122,150,150,196,196,112,126,140,151,151,222,222,240,0,0,15,15,15,29,29,53,53,63,9,21,47,47,47,47,47],"floor_reached":51,"language":"KOR","playtime":1371,"items_purged":["Dagger Throw"],"score":1356,"play_id":"64011c73-384a-4a3f-b41a-cd05b008ccea","local_time":"20210210215849","is_ascension_mode":true,"campfire_choices":[{"data":"Blade Dance","floor":6.0,"key":"SMITH"},{"data":"Blade Dance","floor":12.0,"key":"SMITH"},{"data":"Accuracy","floor":15.0,"key":"SMITH"},{"data":"After Image","floor":23.0,"key":"SMITH"},{"floor":27.0,"key":"REST"},{"data":"Leg Sweep","floor":32.0,"key":"SMITH"},{"data":"Phantasmal Killer","floor":40.0,"key":"SMITH"},{"floor":49.0,"key":"RECALL"}],"circlet_count":0,"master_deck":["AscendersBane","Defend_G","Defend_G","Defend_G","Defend_G","Survivor","Terror","Blade Dance+1","Accuracy+1","Blade Dance+1","Blur","Acrobatics","After Image+1","Dodge and Roll+1","Prepared+1","Flechettes+1","Heel Hook","Blade Dance","Acrobatics","Leg Sweep+1","Accuracy","Phantasmal Killer+1","After Image+1","Concentrate","Footwork","Envenom"],"relics":["Ring of the Snake","Odd Mushroom","Ninja Scroll","Strawberry","Pear","Bronze Scales","Astrolabe","Enchiridion","Mercury Hourglass","Ice Cream","Bag of Marbles","WristBlade","DollysMirror","Blood Vial"],"acts_visited":["Exordium","TheCity","TheBeyond"],"potions_floor_usage":[],"damage_taken":[{"damage":3.0,"enemies":"Cultist","floor":1.0,"turns":5.0},{"damage":4.0,"enemies":"Jaw Worm","floor":2.0,"turns":6.0},{"damage":1.0,"enemies":"2 Louse","floor":3.0,"turns":3.0},{"damage":1.0,"enemies":"Looter","floor":4.0,"turns":4.0},{"damage":0.0,"enemies":"3 Louse","floor":5.0,"turns":4.0},{"damage":9.0,"enemies":"The Mushroom Lair","floor":8.0,"turns":4.0},{"damage":5.0,"enemies":"3 Sentries","floor":10.0,"turns":3.0},{"damage":15.0,"enemies":"Lagavulin","floor":13.0,"turns":5.0},{"damage":11.0,"enemies":"Slime Boss","floor":16.0,"turns":6.0},{"damage":6.0,"enemies":"2 Thieves","floor":18.0,"turns":3.0},{"damage":7.0,"enemies":"Book of Stabbing","floor":24.0,"turns":3.0},{"damage":0.0,"enemies":"3 Byrds","floor":29.0,"turns":2.0},{"damage":0.0,"enemies":"Cultist and Chosen","floor":30.0,"turns":3.0},{"damage":11.0,"enemies":"Snake Plant","floor":31.0,"turns":5.0},{"damage":17.0,"enemies":"Collector","floor":33.0,"turns":5.0},{"damage":0.0,"enemies":"3 Shapes","floor":35.0,"turns":5.0},{"damage":1.0,"enemies":"3 Darklings","floor":38.0,"turns":4.0},{"damage":10.0,"enemies":"Transient","floor":41.0,"turns":6.0},{"damage":5.0,"enemies":"4 Shapes","floor":45.0,"turns":3.0},{"damage":0.0,"enemies":"Sphere and 2 Shapes","floor":47.0,"turns":4.0},{"damage":3.0,"enemies":"Giant Head","floor":48.0,"turns":5.0},{"damage":32.0,"enemies":"Donu and Deca","floor":50.0,"turns":7.0},{"damage":18,"enemies":"Awakened One","floor":51,"turns":2}],"seed_played":"-341527836612065276","potions_obtained":[{"floor":3.0,"key":"DistilledChaos"},{"floor":4.0,"key":"Strength Potion"},{"floor":10.0,"key":"SkillPotion"},{"floor":24.0,"key":"Block Potion"},{"floor":35.0,"key":"Weak Potion"},{"floor":48.0,"key":"Ancient Potion"}],"is_trial":false,"path_per_floor":["M","M","M","M","M","R","$","?","T","E","$","R","E","?","R","B",null,"M","?","?","?","?","R","E","T","T","R","$","M","M","M","R","B",null,"M","$","?","M","?","R","M","$","T","?","M","$","M","E","R","B","B"],"character_chosen":"THE_SILENT","items_purchased":["Accuracy","Blur","DuplicationPotion","DollysMirror","SkillPotion"],"campfire_rested":1,"item_purchase_floors":[7,11,28,36,46],"current_hp_per_floor":[56,52,51,50,50,50,50,41,41,43,43,43,38,20,20,9,60,54,54,54,54,33,33,26,26,26,49,49,49,49,38,38,21,63,63,63,63,62,62,62,52,52,52,52,47,47,47,44,44,14,0,0],"gold":47,"neow_bonus":"REMOVE_TWO","is_daily":false,"chose_seed":false,"campfire_upgraded":6,"win_rate":0.0,"timestamp":1612961929,"path_taken":["M","M","M","?","M","R","?","?","T","E","$","R","E","?","R","BOSS","M","?","?","?","?","R","E","?","T","R","?","M","M","M","R","BOSS","M","$","?","M","?","R","M","$","T","?","?","$","M","E","R","BOSS","BOSS"],"items_purchased_type":["Card","Card","Potion","Relic","Potion"],"build_version":"2020-12-22","purchased_purges":1,"victory":false,"max_hp_per_floor":[60,60,60,60,60,60,60,60,60,67,67,67,77,77,77,77,77,77,77,77,77,77,77,77,77,77,77,77,77,77,77,77,77,77,77,77,73,73,73,73,73,73,73,73,73,73,73,73,73,73,73,73],"card_choices":[{"not_picked":["PiercingWail","Prepared"],"picked":"Terror","floor":1.0},{"not_picked":["Flying Knee","Bane"],"picked":"Underhanded Strike","floor":2.0},{"not_picked":["Distraction","Expertise","Malaise"],"picked":"SKIP","floor":3.0},{"not_picked":["Leg Sweep","Escape Plan"],"picked":"Blade Dance","floor":4.0},{"not_picked":["Underhanded Strike","Slice"],"picked":"Dagger Throw","floor":5.0},{"not_picked":["Bouncing Flask","Noxious Fumes"],"picked":"Blade Dance","floor":8.0},{"not_picked":["Riddle With Holes","Distraction","Outmaneuver"],"picked":"SKIP","floor":10.0},{"not_picked":["Tools of the Trade","Sucker Punch"],"picked":"Acrobatics","floor":13.0},{"not_picked":["Grand Finale","Bullet Time"],"picked":"After Image","floor":16.0},{"not_picked":["Prepared","Dagger Throw","Masterful Stab"],"picked":"SKIP","floor":18.0},{"not_picked":["Prepared+1","Sucker Punch","Crippling Poison"],"picked":"SKIP","floor":24.0},{"not_picked":["Deflect","All Out Attack+1"],"picked":"Acrobatics","floor":29.0},{"not_picked":["Poisoned Stab","Cloak And Dagger"],"picked":"Leg Sweep","floor":30.0},{"not_picked":["Quick Slash","Riddle With Holes+1"],"picked":"Accuracy","floor":31.0},{"not_picked":["Die Die Die","Envenom"],"picked":"Phantasmal Killer","floor":33.0},{"not_picked":["Slice","Backstab+1","Infinite Blades+1"],"picked":"SKIP","floor":35.0},{"not_picked":["Terror+1","Quick Slash","Leg Sweep"],"picked":"SKIP","floor":38.0},{"not_picked":["Deflect","Underhanded Strike","Slice+1"],"picked":"SKIP","floor":41.0},{"not_picked":["Predator","Deflect"],"picked":"Concentrate","floor":45.0},{"not_picked":["Acrobatics","Deflect"],"picked":"Footwork","floor":47.0},{"not_picked":["Deadly Poison","Escape Plan"],"picked":"Envenom","floor":48.0}],"player_experience":447578,"relics_obtained":[{"floor":8.0,"key":"Odd Mushroom"},{"floor":9.0,"key":"Ninja Scroll"},{"floor":10.0,"key":"Strawberry"},{"floor":13.0,"key":"Pear"},{"floor":22.0,"key":"Enchiridion"},{"floor":24.0,"key":"Mercury Hourglass"},{"floor":25.0,"key":"Ice Cream"},{"floor":26.0,"key":"Bag of Marbles"},{"floor":48.0,"key":"Blood Vial"}],"event_choices":[{"damage_healed":0.0,"max_hp_gain":0.0,"max_hp_loss":0.0,"gold_gain":0.0,"event_name":"Mushrooms","player_choice":"Fought Mushrooms","floor":8.0,"gold_loss":0.0,"damage_taken":0.0},{"damage_healed":0.0,"max_hp_gain":0.0,"max_hp_loss":0.0,"gold_gain":0.0,"event_name":"Scrap Ooze","player_choice":"Success","floor":14.0,"gold_loss":0.0,"damage_taken":18.0,"relics_obtained":["Bronze Scales"]},{"damage_healed":0.0,"max_hp_gain":0.0,"max_hp_loss":0.0,"gold_gain":0.0,"cards_transformed":["Underhanded Strike","Strike_G"],"event_name":"Drug Dealer","player_choice":"Became Test Subject","floor":19.0,"gold_loss":0.0,"damage_taken":0.0,"cards_obtained":["Heel Hook","Flechettes"]},{"damage_healed":0.0,"max_hp_gain":0.0,"max_hp_loss":0.0,"gold_gain":0.0,"event_name":"The Library","player_choice":"Read","floor":20.0,"gold_loss":0.0,"damage_taken":0.0,"cards_obtained":["Blade Dance"]},{"cards_removed":["Flechettes"],"damage_healed":0.0,"max_hp_gain":0.0,"max_hp_loss":0.0,"gold_gain":0.0,"event_name":"Beggar","player_choice":"Gave Gold","floor":21.0,"gold_loss":75.0,"damage_taken":0.0},{"damage_healed":0.0,"max_hp_gain":0.0,"max_hp_loss":0.0,"gold_gain":0.0,"event_name":"Cursed Tome","player_choice":"Obtained Book","floor":22.0,"gold_loss":0.0,"damage_taken":21.0},{"damage_healed":0.0,"max_hp_gain":0.0,"max_hp_loss":4.0,"gold_gain":0.0,"event_name":"Winding Halls","player_choice":"Max HP","floor":37.0,"gold_loss":0.0,"damage_taken":0.0},{"cards_removed":["Neutralize"],"damage_healed":0.0,"max_hp_gain":0.0,"max_hp_loss":0.0,"gold_gain":0.0,"event_name":"Falling","player_choice":"Removed Attack","floor":39.0,"gold_loss":0.0,"damage_taken":0.0},{"damage_healed":0.0,"max_hp_gain":0.0,"max_hp_loss":0.0,"gold_gain":0.0,"event_name":"Match and Keep!","player_choice":"0 cards matched","floor":44.0,"gold_loss":0.0,"damage_taken":0.0,"cards_obtained":[]}],"is_beta":false,"boss_relics":[{"not_picked":["Cursed Key","Coffee Dripper"],"picked":"Astrolabe"},{"not_picked":["SacredBark","Busted Crown"],"picked":"WristBlade"}],"items_purged_floors":[36],"is_endless":false,"potions_floor_spawned":[3,4,8,10,24,29,35,48],"killed_by":"Awakened One","ascension_level":20}}