{"host":"9kesdg97wkrx2bva","time":1612941628,"event":{"mods":["AchievementEnabler","BaseMod","Colored Map","GifTheSpireLib","Infinite Spire","Minty Spire (QoL Compilation)","Replay The Spire","StSLib"],"gold_per_floor":[114,39,39,59,5,5,5,5,28,40,51,64,64,79,79,153,253,264,264,264,264,264],"floor_reached":21,"language":"ENG","playtime":744,"items_purged":["Strike_B"],"score":321,"play_id":"dd0c33c1-1b75-4fcb-83bd-5941ed846aeb","local_time":"20210210012028","is_ascension_mode":true,"campfire_choices":[{"data":"Dualcast","floor":6,"key":"SMITH"},{"data":"Ball Lightning","floor":8,"key":"SMITH"},{"floor":15,"key":"REST"}],"circlet_count":0,"master_deck":["AscendersBane","Defend_B","Defend_B","Defend_B","Defend_B","Zap+1","Dualcast+1","Ball Lightning+1","Barrage","Streamline","BootSequence","Cold Snap","Melter","Barrage","Barrage","White Noise","Biased Cognition","infinitespire:NeuralNetwork"],"relics":["Cracked Core","Dream Catcher","Replay:Wanted Poster","Chameleon Ring"],"acts_visited":["Exordium","TheCity"],"potions_floor_usage":[16,16,21],"damage_taken":[{"damage":8,"enemies":"2 Louse","floor":1,"turns":2},{"damage":4,"enemies":"Small Slimes","floor":4,"turns":3},{"damage":1,"enemies":"Cultist","floor":10,"turns":3},{"damage":0,"enemies":"3 Louse","floor":11,"turns":3},{"damage":15,"enemies":"Lots of Slimes","floor":12,"turns":4},{"damage":0,"enemies":"Blue Slaver","floor":14,"turns":2},{"damage":26,"enemies":"Fading Forest","floor":16,"turns":11},{"damage":35,"enemies":"2 Thieves","floor":18,"turns":4},{"damage":24,"enemies":"Chosen","floor":21,"turns":3}],"seed_played":"-5537739861372816149","potions_obtained":[{"floor":4,"key":"ColorlessPotion"},{"floor":12,"key":"FocusPotion"},{"floor":16,"key":"Adrenaline Potion"}],"is_trial":false,"path_per_floor":["M","$","?","M","$","R","?","R","T","M","M","M","?","M","R","B",null,"M","$","AVR","M"],"character_chosen":"DEFECT","items_purchased":["Streamline"],"campfire_rested":1,"item_purchase_floors":[5],"current_hp_per_floor":[56,56,49,45,45,45,45,45,45,44,44,29,29,29,50,24,59,24,24,24,0,0],"gold":264,"neow_bonus":"UPGRADE_CARD","is_daily":false,"chose_seed":false,"campfire_upgraded":2,"win_rate":0.0,"timestamp":1612941628,"path_taken":["M","$","?","M","$","R","?","R","T","?","M","M","?","M","R","BOSS","M","?","AVR","M"],"items_purchased_type":["Card"],"build_version":"2020-12-22","purchased_purges":1,"victory":false,"max_hp_per_floor":[71,71,71,71,71,71,71,71,71,71,71,71,71,71,71,71,71,71,71,71,71,71],"card_choices":[{"not_picked":["Hello World","Barrage"],"picked":"Ball Lightning","floor":1},{"not_picked":["Go for the Eyes","Hologram"],"picked":"Barrage","floor":4},{"not_picked":["Leap","Undo"],"picked":"Cold Snap","floor":10},{"not_picked":["Redo","Go for the Eyes"],"picked":"Melter","floor":11},{"not_picked":["Reinforced Body","Heatsinks"],"picked":"Barrage","floor":12},{"not_picked":["Steam","Go for the Eyes"],"picked":"Barrage","floor":14},{"not_picked":["Hologram","ReplayTheSpireMod:Reroute Power"],"picked":"White Noise","floor":15},{"not_picked":["Hyperbeam","Buffer"],"picked":"Biased Cognition","floor":16},{"not_picked":["Redo","BootSequence","Steam"],"picked":"SKIP","floor":18}],"player_experience":1023063,"relics_obtained":[{"floor":9,"key":"Dream Catcher"}],"event_choices":[{"cards_removed":["Strike_B"],"damage_healed":0,"gold_gain":0,"player_choice":"Card Removal","damage_taken":7,"max_hp_gain":0,"max_hp_loss":0,"event_name":"Golden Wing","floor":3,"gold_loss":0},{"damage_healed":0,"gold_gain":0,"cards_transformed":["Strike_B"],"player_choice":"Transformed","damage_taken":0,"max_hp_gain":0,"max_hp_loss":0,"event_name":"Transmorgrifier","floor":7,"gold_loss":0,"cards_obtained":["BootSequence"]},{"cards_removed":["Strike_B"],"damage_healed":0,"gold_gain":0,"player_choice":"Purged","damage_taken":0,"max_hp_gain":0,"max_hp_loss":0,"event_name":"Purifier","floor":13,"gold_loss":0}],"is_beta":false,"boss_relics":[{"not_picked":["Kintsugi","Philosopher\u0027s Stone"],"picked":"Replay:Wanted Poster"}],"items_purged_floors":[2],"is_endless":false,"potions_floor_spawned":[4,12,16],"killed_by":"Chosen","ascension_level":18}}