{"host":"ooa7gbxz3ilj1hm6","time":1612933454,"event":{"mods":["BaseMod","Colored Map","Downfall","Highlight Path","Minty Spire (QoL Compilation)","StSLib"],"gold_per_floor":[99,109,109,68,130,149,149,53,70,96,112,112,123,28,43,140,140,140,157,167,167,71,71,146,146,166,178,163,189,189,189,209,209,209,209],"floor_reached":33,"language":"ENG","playtime":2236,"items_purged":[],"score":292,"play_id":"4a2fe6ca-ab4f-43d2-811e-fcad2a133297","local_time":"20210209220414","is_ascension_mode":false,"campfire_choices":[{"data":"hexamod:Sear","floor":1,"key":"SMITH"},{"data":"hexamod:SpectersWail","floor":12,"key":"SMITH"},{"data":"hexamod:VolcanoVisage","floor":18,"key":"SMITH"},{"floor":30,"key":"REST"}],"circlet_count":0,"master_deck":["hexamod:Strike","hexamod:Strike","hexamod:Defend","hexamod:Defend","hexamod:Defend","hexamod:Sear+1","hexamod:Float","hexamod:InspiringFlames","hexamod:FirstSeal","hexamod:StepThrough","hexamod:ThermalTransfer","hexamod:GhostflameBarrier","hexamod:TurnItUp","hexamod:ShieldOfDarkness","hexamod:DynamicBlow","hexamod:SoulSteal","hexamod:SpectersWail+1","hexamod:StepThrough","hexamod:ForkedFlame","hexamod:VolcanoVisage+1","CurseOfTheBell","hexamod:EmpoweredFlame","hexamod:ChargedBarrage","hexamod:HeatMetal+1","hexamod:ExtraCrispy","downfall:Bewildered","hexamod:EmpoweredFlame+1","hexamod:Hexaguard+1","hexamod:RadiantFlame"],"relics":["hexamod:SpiritBrand","Tiny Chest","hexamod:InflammatoryLetter","Mercury Hourglass","Calling Bell","Happy Flower","Mummified Hand","Prayer Wheel","Gremlin Horn","Pear","Orichalcum"],"acts_visited":["Exordium","TheCity"],"potions_floor_usage":[29],"damage_taken":[{"damage":0,"enemies":"2 Louse","floor":2,"turns":3},{"damage":0,"enemies":"downfall:FleeingMerchant","floor":4,"turns":4},{"damage":50,"enemies":"Gremlin Nob","floor":5,"turns":6},{"damage":0,"enemies":"Small Slimes","floor":6,"turns":4},{"damage":0,"enemies":"downfall:FleeingMerchant","floor":8,"turns":4},{"damage":1,"enemies":"Jaw Worm","floor":9,"turns":3},{"damage":1,"enemies":"3 Sentries","floor":10,"turns":4},{"damage":13,"enemies":"Exordium Wildlife","floor":11,"turns":4},{"damage":3,"enemies":"2 Fungi Beasts","floor":13,"turns":3},{"damage":0,"enemies":"downfall:FleeingMerchant","floor":14,"turns":4},{"damage":0,"enemies":"Lots of Slimes","floor":15,"turns":2},{"damage":39,"enemies":"WA_ARCHETYPE_RETAIN","floor":16,"turns":9},{"damage":10,"enemies":"Chosen","floor":19,"turns":4},{"damage":5,"enemies":"Spheric Guardian","floor":20,"turns":5},{"damage":10,"enemies":"downfall:FleeingMerchant","floor":22,"turns":4},{"damage":15,"enemies":"Snecko","floor":26,"turns":5},{"damage":32,"enemies":"Snake Plant","floor":27,"turns":3},{"damage":20,"enemies":"downfall:FleeingMerchant","floor":28,"turns":4},{"damage":21,"enemies":"Gremlin Leader","floor":29,"turns":5},{"damage":9,"enemies":"Centurion and Healer","floor":32,"turns":5},{"damage":56,"enemies":"DF_ARCHETYPE_CLAW","floor":33,"turns":5}],"seed_played":"4290028566562201764","potions_obtained":[{"floor":2,"key":"Swift Potion"},{"floor":9,"key":"sneckomod:MuddlingPotion"},{"floor":10,"key":"Dexterity Potion"},{"floor":15,"key":"PowerPotion"},{"floor":29,"key":"ColorlessPotion"}],"is_trial":false,"path_per_floor":["R","M","?","$","?","M","T","$","M","E","M","R","M","$","M","B",null,"R","M","M","?","$","?","T","T","M","M","$","E","R","?","M","B"],"character_chosen":"THE_SPIRIT","items_purchased":["hexamod:ThermalTransfer","hexamod:DynamicBlow","hexamod:ForkedFlame","hexamod:ExtraCrispy"],"campfire_rested":1,"item_purchase_floors":[4,8,14,22],"current_hp_per_floor":[77,77,70,70,27,34,34,41,47,53,47,47,51,58,58,26,77,77,74,76,76,73,73,73,83,75,50,30,16,42,42,40,0,0,0],"gold":209,"neow_bonus":"TEN_PERCENT_HP_BONUS","is_daily":false,"chose_seed":false,"campfire_upgraded":3,"win_rate":0.0,"timestamp":1612933454,"path_taken":["R","M","?","$","?","M","T","$","M","E","M","R","M","?","M","BOSS","R","M","M","?","$","?","T","?","M","M","$","E","R","?","M","BOSS"],"items_purchased_type":["Card","Card","Card","Card"],"build_version":"2020-12-22","purchased_purges":0,"victory":false,"max_hp_per_floor":[77,77,77,77,77,77,77,77,77,77,77,77,77,77,77,77,77,77,77,77,77,77,77,77,87,87,87,87,87,87,87,87,87,87,87],"card_choices":[{"not_picked":["hexamod:CatchUp","hexamod:GhostShield"],"picked":"hexamod:InspiringFlames","floor":2},{"not_picked":["hexamod:GhostOfSpirePast","hexamod:BurningTouch"],"picked":"hexamod:StepThrough","floor":4},{"not_picked":["hexamod:NightmareStrike","hexamod:HeatCrush"],"picked":"hexamod:GhostflameBarrier","floor":5},{"not_picked":["hexamod:BacktrackSmack","hexamod:RainOfEmbers"],"picked":"hexamod:TurnItUp","floor":6},{"not_picked":["hexamod:RecurringNightmare","hexamod:BacktrackSmack"],"picked":"hexamod:ShieldOfDarkness","floor":8},{"not_picked":["hexamod:FastForward","hexamod:HeatMetal"],"picked":"hexamod:SoulSteal","floor":9},{"not_picked":["hexamod:PhantomCloak","hexamod:AdvancingGuard","hexamod:ParanormalForm"],"picked":"SKIP","floor":10},{"not_picked":["hexamod:FastForward","hexamod:Hexaguard"],"picked":"hexamod:SpectersWail","floor":11},{"not_picked":["hexamod:Firestarter","hexamod:ThermalTransfer"],"picked":"hexamod:StepThrough","floor":13},{"not_picked":["hexamod:FastForward","hexamod:RecurringNightmare","hexamod:GhostOfSpireFuture"],"picked":"SKIP","floor":14},{"not_picked":["hexamod:Rewind","hexamod:NightmareStrike","hexamod:BacktrackSmack"],"picked":"SKIP","floor":15},{"not_picked":["hexamod:TimeWarp","hexamod:TimeOfNeed"],"picked":"hexamod:VolcanoVisage","floor":16},{"not_picked":["hexamod:NightmareStrike","hexamod:Hexaguard"],"picked":"hexamod:EmpoweredFlame","floor":19},{"not_picked":["hexamod:GhostflameBarrier","hexamod:SecondSeal","hexamod:HeatShield"],"picked":"SKIP","floor":19},{"not_picked":["hexamod:SwordOfDarkness","hexamod:GhostLash"],"picked":"hexamod:ChargedBarrage","floor":20},{"not_picked":["hexamod:DynamicBlow+1","hexamod:ThirdSeal","hexamod:FastForward"],"picked":"SKIP","floor":20},{"not_picked":["hexamod:AdvancingGuard+1","hexamod:NightmareStrike"],"picked":"hexamod:HeatMetal+1","floor":22},{"not_picked":["hexamod:GhostShield","hexamod:ThermalTransfer"],"picked":"hexamod:EmpoweredFlame+1","floor":26},{"not_picked":["hexamod:TurnItUp","hexamod:GhostLash","hexamod:Again"],"picked":"SKIP","floor":26},{"not_picked":["hexamod:FirstSeal","hexamod:SoulSteal"],"picked":"hexamod:Hexaguard+1","floor":27},{"not_picked":["hexamod:GhostShield","hexamod:SwordOfDarkness","hexamod:AdvancingGuard"],"picked":"SKIP","floor":27},{"not_picked":["hexamod:SearingWound","hexamod:FastForward","hexamod:GhostLash"],"picked":"SKIP","floor":28},{"not_picked":["hexamod:UnlimitedPower","hexamod:DynamicBlow","hexamod:NecessarySacrifice"],"picked":"SKIP","floor":29},{"not_picked":["hexamod:Firestarter+1","hexamod:GhostLash+1"],"picked":"hexamod:RadiantFlame","floor":32},{"not_picked":["hexamod:GhostOfSpirePast","hexamod:GhostLash","hexamod:NightmareGuise"],"picked":"SKIP","floor":32}],"player_experience":69325,"relics_obtained":[{"floor":5,"key":"Tiny Chest"},{"floor":7,"key":"hexamod:InflammatoryLetter"},{"floor":10,"key":"Mercury Hourglass"},{"floor":17,"key":"Happy Flower"},{"floor":17,"key":"Mummified Hand"},{"floor":17,"key":"Prayer Wheel"},{"floor":24,"key":"Gremlin Horn"},{"floor":25,"key":"Pear"},{"floor":29,"key":"Orichalcum"}],"event_choices":[{"damage_healed":0,"gold_gain":0,"player_choice":"Got Potions","damage_taken":0,"max_hp_gain":0,"max_hp_loss":0,"event_name":"Lab","floor":31,"gold_loss":0}],"is_beta":false,"boss_relics":[{"not_picked":["Coffee Dripper","Empty Cage"],"picked":"Calling Bell"}],"items_purged_floors":[],"is_endless":false,"potions_floor_spawned":[2,9,10,13,15,20,26,29],"killed_by":"DF_ARCHETYPE_CLAW","ascension_level":0}}