{"host":"50qwps766cbz6ukm","time":1612990653,"event":{"mods":["BaseMod","Colored Map","Colored Powertips","DeckTracker","Highlight Path","Minty Spire (QoL Compilation)","Quick Restart","Remove Card Discount Mod","StSLib","SuperFastMode","Synergy Search"],"gold_per_floor":[115,65,13,27,41,74,74,74,99,85,97,97,97,130,130,230,230,240,240,240,240,339,339,339],"floor_reached":23,"language":"ENG","playtime":647,"items_purged":["Strike_P","Strike_P","Defend_P","Defend_P","Defend_P","Strike_P","Defend_P"],"score":308,"play_id":"cb00c68f-8db5-467b-8dba-60008dc93a57","local_time":"20210210225733","is_ascension_mode":true,"campfire_choices":[{"data":"Eruption","floor":7,"key":"SMITH"},{"data":"Vigilance","floor":13,"key":"SMITH"},{"data":"Adaptation","floor":15,"key":"SMITH"}],"circlet_count":0,"master_deck":["Eruption+1","Vigilance+1","LikeWater+1","FollowUp+1","Wallop+1","Adaptation+1","MentalFortress","LessonLearned","FollowUp+1"],"relics":["PureWater","NeowsBlessing","Strawberry","Blue Candle","Vajra","Pen Nib","VioletLotus"],"acts_visited":["Exordium","TheCity"],"potions_floor_usage":[16],"damage_taken":[{"damage":0,"enemies":"Small Slimes","floor":1,"turns":1},{"damage":0,"enemies":"Cultist","floor":4,"turns":1},{"damage":0,"enemies":"2 Louse","floor":5,"turns":1},{"damage":22,"enemies":"3 Sentries","floor":6,"turns":20},{"damage":8,"enemies":"Exordium Thugs","floor":11,"turns":3},{"damage":0,"enemies":"Lagavulin","floor":14,"turns":5},{"damage":1,"enemies":"Slime Boss","floor":16,"turns":7},{"damage":10,"enemies":"3 Byrds","floor":18,"turns":4},{"damage":80,"enemies":"Slavers","floor":23,"turns":6}],"seed_played":"9204787471700936404","potions_obtained":[{"floor":5,"key":"Energy Potion"},{"floor":11,"key":"Energy Potion"},{"floor":14,"key":"Block Potion"}],"is_trial":false,"path_per_floor":["M","?","?","M","M","E","R","?","T","$","M","$","R","E","R","B",null,"M","?","$","?","?","E"],"character_chosen":"WATCHER","items_purchased":[],"campfire_rested":0,"item_purchase_floors":[],"current_hp_per_floor":[65,65,72,72,72,50,50,50,50,50,42,42,42,42,42,41,70,60,60,60,79,79,0,0],"gold":339,"neow_bonus":"THREE_ENEMY_KILL","is_daily":false,"chose_seed":false,"campfire_upgraded":3,"win_rate":0.0,"timestamp":1612990653,"path_taken":["M","?","?","M","?","E","R","?","T","$","M","?","R","E","R","BOSS","M","?","$","?","?","E"],"items_purchased_type":[],"build_version":"2020-12-22","purchased_purges":7,"victory":false,"max_hp_per_floor":[72,72,79,79,79,79,79,79,79,79,79,79,79,79,79,79,79,79,79,79,79,79,79,79],"card_choices":[{"not_picked":["ThirdEye","Collect","SandsOfTime"],"picked":"SKIP","floor":1},{"not_picked":["WaveOfTheHand","FlurryOfBlows"],"picked":"LikeWater","floor":4},{"not_picked":["Worship","Tantrum"],"picked":"FollowUp","floor":5},{"not_picked":["InnerPeace","Halt"],"picked":"Wallop","floor":6},{"not_picked":["ReachHeaven","Protect"],"picked":"Adaptation","floor":11},{"not_picked":["SashWhip","Tantrum"],"picked":"MentalFortress","floor":14},{"not_picked":["Wish","Vault"],"picked":"LessonLearned","floor":16},{"not_picked":["SignatureMove","CutThroughFate"],"picked":"FollowUp+1","floor":18}],"player_experience":587017,"relics_obtained":[{"floor":6,"key":"Blue Candle"},{"floor":9,"key":"Vajra"},{"floor":14,"key":"Pen Nib"}],"event_choices":[{"cards_removed":["Strike_P"],"damage_healed":0,"gold_gain":0,"player_choice":"Card Removal","damage_taken":0,"max_hp_gain":0,"max_hp_loss":0,"event_name":"The Cleric","floor":2,"gold_loss":50},{"damage_healed":0,"gold_gain":0,"player_choice":"Paid Gold","damage_taken":0,"relics_obtained":["Strawberry"],"max_hp_gain":0,"max_hp_loss":0,"event_name":"WeMeetAgain","floor":3,"gold_loss":52},{"damage_healed":0,"gold_gain":0,"player_choice":"Grow","damage_taken":0,"max_hp_gain":0,"max_hp_loss":0,"event_name":"Living Wall","floor":8,"gold_loss":0,"cards_upgraded":["LikeWater"]},{"damage_healed":0,"gold_gain":0,"player_choice":"Simplicity","damage_taken":0,"max_hp_gain":0,"max_hp_loss":0,"event_name":"Back to Basics","floor":19,"gold_loss":0,"cards_upgraded":[]},{"damage_healed":26,"gold_gain":0,"player_choice":"Heal","damage_taken":0,"max_hp_gain":0,"max_hp_loss":0,"event_name":"The Library","floor":21,"gold_loss":0},{"damage_healed":0,"gold_gain":99,"player_choice":"Stole From Cult","damage_taken":0,"max_hp_gain":0,"max_hp_loss":0,"event_name":"Nest","floor":22,"gold_loss":0}],"is_beta":false,"boss_relics":[{"not_picked":["Runic Dome","Calling Bell"],"picked":"VioletLotus"}],"items_purged_floors":[10,10,10,10,10,10,10],"is_endless":false,"potions_floor_spawned":[5,11,14],"killed_by":"Slavers","ascension_level":8}}