{"host":"aas8f8jvicx6tcxp","time":1612933990,"event":{"mods":["BaseMod","Better Third Choice","BetterRewards","Clockwork Mod","Minty Spire (QoL Compilation)","Shop Mod","StSLib","The Bladedancer","The Cursed"],"gold_per_floor":[119,136,211,225,225,225,257,283,320,332,344,344],"floor_reached":11,"language":"ENG","playtime":454,"items_purged":[],"score":73,"play_id":"b4310f41-94ee-40b0-9109-8a5aab446e97","local_time":"20210209231310","is_ascension_mode":false,"campfire_choices":[{"data":"Clockwork:Improve","floor":6,"key":"SMITH"},{"floor":10,"key":"REST"}],"circlet_count":0,"master_deck":["Clockwork:Strike","Clockwork:Strike","Clockwork:Strike","Clockwork:Strike","Clockwork:Shield","Clockwork:Shield","Clockwork:Shield","Clockwork:Shield","Clockwork:Tinker","Clockwork:WarmUp","Clockwork:Handicap","Clockwork:ChargingBlade+1","Clockwork:Improve+1","Clockwork:Enhance","Clockwork:AdaptiveShield"],"relics":["Clockwork:MomentumEngine","NeowsBlessing","MawBank","Happy Flower"],"acts_visited":["Exordium"],"potions_floor_usage":[7,8],"damage_taken":[{"damage":0,"enemies":"Jaw Worm","floor":1,"turns":1},{"damage":0,"enemies":"2 Louse","floor":2,"turns":2},{"damage":0,"enemies":"Small Slimes","floor":4,"turns":1},{"damage":60,"enemies":"Gremlin Nob","floor":7,"turns":6},{"damage":11,"enemies":"Blue Slaver","floor":8,"turns":7},{"damage":0,"enemies":"Lagavulin","floor":11,"turns":2}],"seed_played":"-2311552967730825022","potions_obtained":[{"floor":1,"key":"Ancient Potion"},{"floor":2,"key":"Dexterity Potion"},{"floor":4,"key":"DuplicationPotion"},{"floor":7,"key":"GamblersBrew"}],"is_trial":false,"path_per_floor":["M","M","?","M","?","R","E","M","T","R","E"],"character_chosen":"CLOCKWORK","items_purchased":[],"campfire_rested":1,"item_purchase_floors":[],"current_hp_per_floor":[85,85,74,74,74,74,14,3,3,28,28,28],"gold":344,"neow_bonus":"THREE_ENEMY_KILL","is_daily":false,"chose_seed":false,"campfire_upgraded":1,"win_rate":0.0,"timestamp":1612933990,"path_taken":["M","M","?","M","?","R","E","M","T","R","E"],"items_purchased_type":[],"build_version":"2020-12-22","purchased_purges":0,"victory":false,"max_hp_per_floor":[85,85,85,85,85,85,85,85,85,85,85,85],"card_choices":[{"not_picked":["Clockwork:MechanicalMass","Clockwork:Friction","Clockwork:SearingStrike"],"picked":"SKIP","floor":1},{"not_picked":["Clockwork:MechanicalBulk","Clockwork:HeadStart"],"picked":"Clockwork:ChargingBlade","floor":2},{"not_picked":["Clockwork:Pluck","Clockwork:PerfectedStrike"],"picked":"Clockwork:Improve","floor":4},{"not_picked":["Clockwork:Clone","Clockwork:Strangle"],"picked":"Clockwork:Enhance","floor":7},{"not_picked":["Clockwork:Redundancy","Clockwork:AdaptiveCannon"],"picked":"Clockwork:AdaptiveShield","floor":8}],"player_experience":291926,"relics_obtained":[{"floor":7,"key":"MawBank"},{"floor":9,"key":"Happy Flower"}],"event_choices":[{"damage_healed":0,"gold_gain":75,"player_choice":"Gold","damage_taken":11,"max_hp_gain":0,"max_hp_loss":0,"event_name":"betterThird:BetterGoop","floor":3,"gold_loss":0},{"damage_healed":0,"gold_gain":0,"player_choice":"Grow","damage_taken":0,"max_hp_gain":0,"max_hp_loss":0,"event_name":"Living Wall","floor":5,"gold_loss":0,"cards_upgraded":["Clockwork:ChargingBlade"]}],"is_beta":false,"boss_relics":[],"items_purged_floors":[],"is_endless":false,"potions_floor_spawned":[1,2,4,7],"killed_by":"Lagavulin","ascension_level":0}}