{"host":"pgm1p3lvdjflie30","time":1612958178,"event":{"mods":["AchievementEnabler","Alarm Clock","Aspiration","BaseMod","Challenge The Spire","Colored Map","Colored Powertips","Dark Map","Energized Spire","Hermit","HornydragonMod","Minty Spire (QoL Compilation)","Quarter Circle Forward PUNCH!","Quick Restart","Relic Stats","Robot Space Explorer","Spicy Shops","StSLib","The Blackbeard","The IronCluck","Waifu the Spire","【功能Mod】混沌之?修复?丁","篝火指南"],"gold_per_floor":[112,127,89,105,105,105,116,116,116,116,291,291,309,309,309,309,309],"floor_reached":16,"language":"ZHS","playtime":934,"items_purged":[],"score":90,"play_id":"596e7c8b-54f7-483e-937b-df0b708450f7","local_time":"20210210195618","is_ascension_mode":false,"campfire_choices":[{"data":"Steam","floor":6,"key":"SMITH"},{"data":"Turbo","floor":8,"key":"SMITH"},{"data":"Darkness","floor":10,"key":"SMITH"},{"data":"Aggregate","floor":15,"key":"SMITH"}],"circlet_count":0,"master_deck":["Strike_B","Strike_B","Strike_B","Defend_B","Defend_B","Defend_B","Defend_B","Zap","Dualcast","Darkness+1","Steam+1","Aggregate+1","Genetic Algorithm+1","Capacitor","Turbo+1","Doubt","Ball Lightning"],"relics":["Cracked Core"],"acts_visited":["Exordium"],"potions_floor_usage":[13,13,16],"damage_taken":[{"damage":0,"enemies":"Cultist","floor":1,"turns":4},{"damage":1,"enemies":"2 Louse","floor":2,"turns":4},{"damage":11,"enemies":"Small Slimes","floor":4,"turns":4},{"damage":3,"enemies":"Blue Slaver","floor":7,"turns":4},{"damage":0,"enemies":"Gremlin Gang","floor":13,"turns":2},{"damage":68,"enemies":"Slime Boss","floor":16,"turns":8}],"seed_played":"-1249232642358668592","potions_obtained":[{"floor":1,"key":"Explosive Potion"},{"floor":4,"key":"Fire Potion"},{"floor":7,"key":"LiquidMemories"}],"is_trial":false,"path_per_floor":["M","M","$","M","?","R","M","R","T","R","?","?","M","T","R","B"],"character_chosen":"DEFECT","items_purchased":["Genetic Algorithm"],"campfire_rested":0,"item_purchase_floors":[3],"current_hp_per_floor":[75,74,74,63,63,63,60,60,60,60,60,60,60,60,60,0,0],"gold":309,"neow_bonus":"TRANSFORM_CARD","is_daily":false,"chose_seed":false,"campfire_upgraded":4,"win_rate":0.0,"timestamp":1612958178,"path_taken":["M","M","?","M","?","R","M","R","T","R","?","?","M","?","R","BOSS"],"items_purchased_type":["Card"],"build_version":"2020-12-22","purchased_purges":0,"victory":false,"max_hp_per_floor":[75,75,75,75,75,75,75,75,75,75,75,75,75,75,75,75,75],"relic_stats":{"counters":[6,26],"obtain_stats":[{"Cracked Core":0},{"Cracked Core":0},{"Cracked Core":0}]},"card_choices":[{"not_picked":["Conserve Battery","Streamline"],"picked":"Steam","floor":1},{"not_picked":["Steam","Reprogram"],"picked":"Aggregate","floor":2},{"not_picked":["Blizzard","Rebound"],"picked":"Capacitor","floor":4},{"not_picked":["Rip and Tear","Consume"],"picked":"Turbo","floor":7},{"not_picked":["Sweeping Beam","Beam Cell"],"picked":"Ball Lightning","floor":13}],"player_experience":376500,"relics_obtained":[],"event_choices":[{"damage_healed":0,"gold_gain":0,"player_choice":"Grow","damage_taken":0,"max_hp_gain":0,"max_hp_loss":0,"event_name":"Living Wall","floor":5,"gold_loss":0,"cards_upgraded":["Genetic Algorithm"]},{"damage_healed":0,"gold_gain":175,"player_choice":"AGREE","damage_taken":0,"max_hp_gain":0,"max_hp_loss":0,"event_name":"Liars Game","floor":11,"gold_loss":0,"cards_obtained":["Doubt"]},{"damage_healed":0,"gold_gain":0,"player_choice":"Ignored","damage_taken":0,"max_hp_gain":0,"max_hp_loss":0,"event_name":"Golden Idol","floor":12,"gold_loss":0}],"is_beta":false,"boss_relics":[],"items_purged_floors":[],"is_endless":false,"potions_floor_spawned":[1,4,7],"killed_by":"Slime Boss","ascension_level":0}}