{"host":"7h05nr6qm89lgkco","time":1612943519,"event":{"mods":["BaseMod","Bestiary","Block Reminder","ChefMod","Colored Powertips","DeckTracker","Dota2Spire","Downfall","Friendly Minions","Minty Spire (QoL Compilation)","Quick Restart","Rare Cards Sparkle","Relic Stats","StSLib","The Cursed","The Poker Player","Unceasing Turn Reminder"],"gold_per_floor":[99,115,126,126,41,69,69,54,16,16,33,133,133,169,180,294,294,194,194,220,220,247,290,290,90,126,126,126,126,160,47,73,180,180,180,204,224,224,224,237,285,329,352,385,96,139,190,190,218,218,218,245,44,44,44,44],"floor_reached":57,"language":"ZHS","playtime":4064,"items_purged":["bronze:Defend","bronze:Strike"],"score":1666,"play_id":"189e6eaf-62a8-4e77-9713-5b40f09668f9","local_time":"20210210155159","is_ascension_mode":true,"campfire_choices":[{"data":"bronze:Replicate","floor":1.0,"key":"SMITH"},{"data":"bronze:BuggyMess","floor":10.0,"key":"SMITH"},{"data":"bronze:ClassDefault","floor":13.0,"key":"SMITH"},{"floor":18.0,"key":"RECALL"},{"data":"bronze:Virus","floor":25.0,"key":"SMITH"},{"data":"bronze:AlphaBuild","floor":27.0,"key":"SMITH"},{"data":"bronze:Virus","floor":29.0,"key":"SMITH"},{"data":"bronze:ShipIt","floor":35.0,"key":"SMITH"},{"floor":54.0,"key":"REST"}],"circlet_count":0,"master_deck":["bronze:Strike","bronze:Strike","bronze:Strike","bronze:Defend","bronze:Defend","bronze:Defend","bronze:Goto+1","bronze:Separator+1","bronze:Repair+1","bronze:Replicate+1","bronze:Philosophize","bronze:ClassDefault+1","bronze:ChildClass","bronze:AlphaBuild+1","bronze:ShipIt+1","bronze:BuggyMess+1","bronze:Verify","bronze:Virus+1","bronze:Iterate","bronze:Overheat+1","bronze:Virus+1","bronze:BronzeOrb","bronze:Overheat+1","bronze:CleanCode","bronze:Frontload","bronze:Safeguard+1","bronze:ForceShield+1","bronze:Philosophize+1","bronze:BugBarrage+1"],"relics":["bronze:BronzeCore","Sundial","Dota2Spire:Mjollnir","CeramicFish","Philosopher\u0027s Stone","downfall:HeartBlessingGreen","FossilizedHelix","Letter Opener","downfall:HeartBlessingRed","downfall:HeartBlessingBlue","Dota2Spire:BladeMail","Ice Cream","Dota2Spire:LotusOrb","Torii","bronze:MakeshiftBattery","Smiling Mask","Dota2Spire:BattleFury","Dota2Spire:PowerTreads","Potion Belt","Gremlin Horn","Dota2Spire:MagicBottle","Dota2Spire:DivineRapier","PreservedInsect","Dota2Spire:ArmletOfMordiggian"],"acts_visited":["Exordium","TheCity","TheBeyond","TheEnding"],"potions_floor_usage":[],"damage_taken":[{"damage":5.0,"enemies":"Jaw Worm","floor":2.0,"turns":4.0},{"damage":1.0,"enemies":"Cultist","floor":3.0,"turns":4.0},{"damage":2.0,"enemies":"downfall:FleeingMerchant","floor":5.0,"turns":4.0},{"damage":9.0,"enemies":"3 Sentries","floor":6.0,"turns":7.0},{"damage":4.0,"enemies":"downfall:FleeingMerchant","floor":8.0,"turns":4.0},{"damage":20.0,"enemies":"downfall:FleeingMerchant","floor":9.0,"turns":4.0},{"damage":1.0,"enemies":"2 Louse","floor":11.0,"turns":2.0},{"damage":22.0,"enemies":"Gremlin Nob","floor":14.0,"turns":4.0},{"damage":12.0,"enemies":"Exordium Thugs","floor":15.0,"turns":5.0},{"damage":31.0,"enemies":"DF_ARCHETYPE_STREAMLINE","floor":16.0,"turns":6.0},{"damage":2.0,"enemies":"3 Byrds","floor":20.0,"turns":3.0},{"damage":22.0,"enemies":"Chosen","floor":22.0,"turns":6.0},{"damage":30.0,"enemies":"Slavers","floor":23.0,"turns":3.0},{"damage":0.0,"enemies":"Gremlin Leader","floor":26.0,"turns":6.0},{"damage":17.0,"enemies":"Slavers","floor":30.0,"turns":4.0},{"damage":18.0,"enemies":"downfall:FleeingMerchant","floor":31.0,"turns":4.0},{"damage":0.0,"enemies":"Centurion and Healer","floor":32.0,"turns":2.0},{"damage":19.0,"enemies":"WA_ARCHETYPE_CALM","floor":33.0,"turns":8.0},{"damage":0.0,"enemies":"Orb Walker","floor":36.0,"turns":2.0},{"damage":0.0,"enemies":"3 Darklings","floor":37.0,"turns":3.0},{"damage":0.0,"enemies":"Maw","floor":40.0,"turns":6.0},{"damage":1.0,"enemies":"Reptomancer","floor":42.0,"turns":7.0},{"damage":0.0,"enemies":"Giant Head","floor":44.0,"turns":6.0},{"damage":9.0,"enemies":"Nemesis","floor":46.0,"turns":5.0},{"damage":0.0,"enemies":"2 Orb Walkers","floor":47.0,"turns":3.0},{"damage":0.0,"enemies":"Sphere and 2 Shapes","floor":49.0,"turns":2.0},{"damage":63.0,"enemies":"SI_POISON_ARCHETYPE","floor":50.0,"turns":6.0},{"damage":82.0,"enemies":"downfall:CharBossMerchant","floor":52.0,"turns":7.0},{"damage":0.0,"enemies":"downfall:NeowBoss","floor":55.0,"turns":8.0},{"damage":43,"enemies":"downfall:NeowBossFinal","floor":56,"turns":6}],"seed_played":"8616323042761123532","potions_obtained":[{"floor":3.0,"key":"Swift Potion"},{"floor":6.0,"key":"champ:CounterPotion"},{"floor":14.0,"key":"Fire Potion"},{"floor":15.0,"key":"bronze:CleanCodePotion"},{"floor":16.0,"key":"BlessingOfTheForge"},{"floor":20.0,"key":"Fruit Juice"},{"floor":22.0,"key":"champ:CounterPotion"},{"floor":26.0,"key":"bronze:BurnAndBuffPotion"},{"floor":33.0,"key":"Fire Potion"},{"floor":36.0,"key":"SkillPotion"},{"floor":40.0,"key":"bronze:FreeFunctionsPotion"},{"floor":44.0,"key":"PowerPotion"},{"floor":47.0,"key":"Fire Potion"},{"floor":52.0,"key":"AttackPotion"}],"is_trial":false,"path_per_floor":["R","M","M","?","$","E","T","$","$","R","M","?","R","E","M","B",null,"R","?","M","?","M","E","T","R","E","R","?","R","E","$","M","B",null,"R","M","M","?","?","M","T","E","?","E","$","E","?","?","M","B",null,"E","$","R","B","B",null],"character_chosen":"THE_AUTOMATON","items_purchased":["bronze:ClassDefault","bronze:BuggyMess","Dota2Spire:LotusOrb","Torii","Gremlin Horn","Dota2Spire:ArmletOfMordiggian"],"campfire_rested":1,"item_purchase_floors":[5,9,31,31,45,53],"current_hp_per_floor":[77,72,71,71,75,77,77,73,53,53,66,66,66,51,46,22,77,77,77,82,82,66,36,36,46,56,56,56,56,49,41,41,54,92,92,92,92,92,102,102,102,101,101,102,102,93,93,93,93,30,102,30,30,60,70,27],"gold":44,"neow_bonus":"TEN_PERCENT_HP_BONUS","is_daily":false,"chose_seed":false,"campfire_upgraded":7,"win_rate":0.0,"timestamp":1612943519,"path_taken":["R","M","M","?","?","E","T","?","$","R","?","?","R","E","M","BOSS","R","?","M","?","?","E","T","R","E","R","?","R","E","$","M","BOSS","R","M","M","?","?","M","T","E","?","E","$","E","?","?","M","BOSS","E","$","R","BOSS","BOSS"],"items_purchased_type":["Card","Card","Relic","Relic","Relic","Relic"],"build_version":"2020-12-22","purchased_purges":2,"victory":true,"max_hp_per_floor":[77,77,77,77,77,77,77,77,77,77,77,77,77,77,77,77,77,77,77,82,82,82,82,82,92,92,92,92,92,92,92,92,92,92,92,92,92,92,102,102,102,102,102,102,102,102,102,102,102,102,102,102,102,102,102,102],"relic_stats":{"Torii":5,"Gremlin Horn":[5,5],"counters":[30,141],"Sundial":[8],"CeramicFish":126,"PreservedInsect":0,"Letter Opener":[50],"Smiling Mask":75,"obtain_stats":[{"Ice Cream":30,"Potion Belt":44,"Dota2Spire:PowerTreads":43,"bronze:BronzeCore":0,"downfall:HeartBlessingRed":25,"Torii":31,"Gremlin Horn":45,"CeramicFish":14,"Dota2Spire:ArmletOfMordiggian":53,"downfall:HeartBlessingGreen":18,"Dota2Spire:BattleFury":42,"PreservedInsect":52,"Letter Opener":23,"Smiling Mask":41,"Dota2Spire:LotusOrb":31,"Dota2Spire:MagicBottle":46,"Sundial":6,"downfall:HeartBlessingBlue":25,"Dota2Spire:BladeMail":26,"Philosopher\u0027s Stone":17,"Dota2Spire:Mjollnir":7,"Dota2Spire:DivineRapier":47,"FossilizedHelix":19,"bronze:MakeshiftBattery":34},{"Ice Cream":15,"Potion Belt":23,"Dota2Spire:PowerTreads":22,"bronze:BronzeCore":0,"downfall:HeartBlessingRed":13,"Torii":16,"Gremlin Horn":23,"CeramicFish":8,"Dota2Spire:ArmletOfMordiggian":28,"downfall:HeartBlessingGreen":10,"Dota2Spire:BattleFury":22,"PreservedInsect":28,"Letter Opener":13,"Smiling Mask":21,"Dota2Spire:LotusOrb":16,"Dota2Spire:MagicBottle":24,"Sundial":4,"downfall:HeartBlessingBlue":13,"Dota2Spire:BladeMail":14,"Philosopher\u0027s Stone":10,"Dota2Spire:Mjollnir":4,"Dota2Spire:DivineRapier":25,"FossilizedHelix":10,"bronze:MakeshiftBattery":18},{"Ice Cream":66,"Potion Belt":104,"Dota2Spire:PowerTreads":98,"bronze:BronzeCore":0,"downfall:HeartBlessingRed":56,"Torii":70,"Gremlin Horn":104,"CeramicFish":33,"Dota2Spire:ArmletOfMordiggian":127,"downfall:HeartBlessingGreen":44,"Dota2Spire:BattleFury":98,"PreservedInsect":127,"Letter Opener":56,"Smiling Mask":91,"Dota2Spire:LotusOrb":70,"Dota2Spire:MagicBottle":109,"Sundial":19,"downfall:HeartBlessingBlue":56,"Dota2Spire:BladeMail":62,"Philosopher\u0027s Stone":44,"Dota2Spire:Mjollnir":19,"Dota2Spire:DivineRapier":112,"FossilizedHelix":44,"bronze:MakeshiftBattery":80}]},"card_choices":[{"not_picked":["bronze:Branch","bronze:BuggyMess"],"picked":"bronze:Separator","floor":2.0},{"not_picked":["bronze:DelayedGuard","bronze:ItsAFeature"],"picked":"bronze:Repair","floor":3.0},{"not_picked":["bronze:DigitalCarnage","bronze:BronzeOrb"],"picked":"bronze:Philosophize","floor":5.0},{"not_picked":["bronze:OilSpill","bronze:BugBarrage"],"picked":"bronze:ChildClass","floor":6.0},{"not_picked":["bronze:Overheat","bronze:Frontload"],"picked":"bronze:AlphaBuild","floor":8.0},{"not_picked":["bronze:DarkDash","bronze:BronzeArmor"],"picked":"bronze:ShipIt","floor":9.0},{"not_picked":["bronze:Invalidate","bronze:DelayedSlice","bronze:OilSpill"],"picked":"SKIP","floor":11.0},{"not_picked":["bronze:FineTuning","bronze:RecursiveStrike"],"picked":"bronze:Verify","floor":14.0},{"not_picked":["bronze:CutThrough","bronze:DigitalCarnage","bronze:Safeguard"],"picked":"SKIP","floor":15.0},{"not_picked":["bronze:SpaghettiCode","bronze:BurnOut"],"picked":"bronze:Virus","floor":16.0},{"not_picked":["bronze:FineTuning","bronze:DelayedSlice"],"picked":"bronze:Iterate","floor":20.0},{"not_picked":["bronze:OilSpill+1","bronze:ChosenStrike"],"picked":"bronze:Overheat+1","floor":22.0},{"not_picked":["bronze:ItsAFeature","bronze:Shield"],"picked":"bronze:Virus","floor":23.0},{"not_picked":["bronze:Separator","bronze:WildBeam"],"picked":"bronze:BronzeOrb","floor":26.0},{"not_picked":["bronze:WildBeam","bronze:Iterate"],"picked":"bronze:Overheat+1","floor":30.0},{"not_picked":["bronze:Deprecate","bronze:Constructor","bronze:NullPointer"],"picked":"SKIP","floor":31.0},{"not_picked":["bronze:BitShift+1","bronze:Shield+1"],"picked":"bronze:ThunderWave","floor":32.0},{"not_picked":["bronze:Assembly","bronze:RecursiveStrike"],"picked":"bronze:CleanCode","floor":33.0},{"not_picked":["bronze:Deprecate+1","bronze:DelayedGuard"],"picked":"bronze:Frontload","floor":36.0},{"not_picked":["bronze:DarkDash","bronze:WhirlingStrike+1"],"picked":"bronze:Safeguard+1","floor":37.0},{"not_picked":["bronze:BugBarrage","bronze:Overload+1","bronze:Repulsor+1"],"picked":"SKIP","floor":40.0},{"not_picked":["bronze:DelayedSlice","bronze:RecursiveStrike"],"picked":"bronze:ForceShield+1","floor":42.0},{"not_picked":["bronze:FineTuning","bronze:Overload","bronze:Frontload"],"picked":"SKIP","floor":44.0},{"not_picked":["bronze:Overheat","bronze:DigitalCarnage+1"],"picked":"bronze:Philosophize+1","floor":46.0},{"not_picked":["bronze:ForLoop+1","bronze:BuggyMess"],"picked":"bronze:BugBarrage+1","floor":49.0},{"not_picked":["bronze:BitShift","bronze:DelayedSlice","bronze:Overload"],"picked":"SKIP","floor":52.0}],"player_experience":903848,"relics_obtained":[{"floor":6.0,"key":"Sundial"},{"floor":7.0,"key":"Dota2Spire:Mjollnir"},{"floor":14.0,"key":"CeramicFish"},{"floor":23.0,"key":"Letter Opener"},{"floor":26.0,"key":"Dota2Spire:BladeMail"},{"floor":30.0,"key":"Ice Cream"},{"floor":41.0,"key":"Smiling Mask"},{"floor":42.0,"key":"Dota2Spire:BattleFury"},{"floor":43.0,"key":"Dota2Spire:PowerTreads"},{"floor":44.0,"key":"Potion Belt"},{"floor":46.0,"key":"Dota2Spire:MagicBottle"},{"floor":47.0,"key":"Dota2Spire:DivineRapier"},{"floor":52.0,"key":"PreservedInsect"}],"event_choices":[{"damage_healed":0.0,"max_hp_gain":0.0,"max_hp_loss":0.0,"gold_gain":0.0,"event_name":"Mysterious Sphere","player_choice":"Fight","floor":47.0,"gold_loss":0.0,"damage_taken":0.0},{"cards_removed":["bronze:Replicate"],"damage_healed":0.0,"max_hp_gain":0.0,"max_hp_loss":0.0,"gold_gain":0.0,"event_name":"Falling","player_choice":"Removed Attack","floor":48.0,"gold_loss":0.0,"damage_taken":0.0}],"is_beta":false,"boss_relics":[{"not_picked":["Velvet Choker","Empty Cage"],"picked":"Philosopher\u0027s Stone"},{"not_picked":["Cursed Key","bronze:PlatinumCore"],"picked":"bronze:MakeshiftBattery"}],"items_purged_floors":[45,53],"is_endless":false,"potions_floor_spawned":[3,6,14,15,16,20,22,26,33,36,40,44,47,52],"ascension_level":1}}