{"host":"ds1yr10zonoc6w4a","time":1612916838,"event":{"mods":["AchievementEnabler","Act Like it!","Aspiration","BaseMod","Better Match","Better Third Choice","BetterRewards","Downfall","Energized Spire","Gensokyo","Infinite Spire","Minty Spire (QoL Compilation)","Pale of the Ancients","Relic Filter Mod","Reliquary","Replay The Spire","Spire Arcade","StSLib","The Animator","The Cursed"],"gold_per_floor":[118,132,158,180,180,222,222,17,43,56,56,74,4,4,4,4,4],"floor_reached":16,"language":"ENG","playtime":5712,"items_purged":["animator:Strike","animator:Strike"],"score":194,"play_id":"30105ae3-540c-4c4c-9f03-41066595e5c2","local_time":"20210209172718","is_ascension_mode":true,"campfire_choices":[{"floor":7,"key":"RECALL"},{"data":"Gensokyo:ManorOfTheDishes","floor":11,"key":"SMITH"},{"data":"Heel Hook","floor":15,"key":"PURGE"}],"circlet_count":0,"master_deck":["AscendersBane","animator:Strike_RozenMaiden","animator:Defend_RozenMaiden+1","animator:Defend","animator:Souseiseki","animator:Hinaichigo","animator:MisakiNakahara+1","animator:Souseiseki","animator:LizardPriest","animator:Shizu","animator:JunSakurada+3","Acrobatics","ReplayTheSpireMod:Tripwire","animator:HomuraAkemi","Gensokyo:ManorOfTheDishes+1","Gensokyo:RustyChest","animator:Mikaela"],"relics":["animator:LivingPicture","animator:TheMissingPiece","animator:PurgingStone","reliquary:WeakTea","Gremlin Food","Eternal Feather","Snack Pack","Bottled Tornado"],"acts_visited":["Exordium"],"potions_floor_usage":[6,12,16,16],"damage_taken":[{"damage":5,"enemies":"Gensokyo:2_Kodama","floor":1,"turns":7},{"damage":0,"enemies":"Gensokyo:Python","floor":2,"turns":4},{"damage":6,"enemies":"Gensokyo:Gryphon","floor":3,"turns":3},{"damage":10,"enemies":"Gensokyo:Python_and_Kodama","floor":4,"turns":6},{"damage":12,"enemies":"Gensokyo:Cirno","floor":6,"turns":6},{"damage":3,"enemies":"Gensokyo:LivingMonolith","floor":10,"turns":6},{"damage":3,"enemies":"Gensokyo:2_Rabbits","floor":12,"turns":4},{"damage":58,"enemies":"Gensokyo:Kokoro","floor":16,"turns":15}],"seed_played":"-1265125258745116749","potions_obtained":[{"floor":3,"key":"LiquidBronze"},{"floor":4,"key":"FearPotion"},{"floor":6,"key":"Explosive Potion"},{"floor":12,"key":"Milkshake"}],"is_trial":false,"path_per_floor":["M","M","M","M","?","E","R","COS","T","M","R","M","?","T","R","B"],"character_chosen":"THE_ANIMATOR","items_purchased":["reliquary:WeakTea","Gremlin Food","animator:MisakiNakahara","Eternal Feather"],"campfire_rested":0,"item_purchase_floors":[0,0,0,0],"current_hp_per_floor":[49,49,43,33,33,21,30,30,30,27,36,35,35,35,44,0,0],"gold":4,"neow_bonus":"","is_daily":false,"chose_seed":true,"campfire_upgraded":1,"win_rate":0.0,"timestamp":1612916838,"path_taken":["M","M","M","M","?","E","R","COS","T","?","R","M","?","?","R","BOSS"],"items_purchased_type":["Relic","Relic","Card","Relic"],"build_version":"2020-12-22","purchased_purges":2,"victory":false,"max_hp_per_floor":[60,60,60,60,60,60,60,60,60,60,60,60,60,60,60,60,60],"card_choices":[{"not_picked":["animator:Kazuma","animator:WinryRockbell"],"picked":"animator:Souseiseki","floor":1},{"not_picked":["animator:TsurugaMeisai","animator:KomachiOnozuka"],"picked":"animator:LizardPriest","floor":2},{"not_picked":["animator:CowGirl","animator:MaesHughes"],"picked":"animator:Shizu","floor":3},{"not_picked":["animator:NoriSakurada","animator:Souseiseki"],"picked":"animator:JunSakurada","floor":4},{"not_picked":["animator:YamaiSisters","animator:TohkaYatogami"],"picked":"animator:HomuraAkemi","floor":6},{"not_picked":["animator:YasutoraSado","animator:PandorasActor"],"picked":"animator:JunSakurada","floor":10},{"not_picked":["animator:Chris","animator:OrigamiTobiichi"],"picked":"animator:Mikaela","floor":12}],"player_experience":955962,"relics_obtained":[{"floor":6,"key":"Snack Pack"},{"floor":14,"key":"Bottled Tornado"}],"event_choices":[],"is_beta":false,"boss_relics":[],"items_purged_floors":[0,0],"is_endless":false,"potions_floor_spawned":[3,4,6,12],"killed_by":"Gensokyo:Kokoro","ascension_level":20}}