{"host":"65j9mga0429zsj8m","time":1612943430,"event":{"mods":["2.2 Compatiblity","BaseMod","Downfall","GifTheSpireLib","Minty Spire (QoL Compilation)","StSLib"],"gold_per_floor":[99,119,119,119,138,157,157,157,185,185,204,204,224,237,256,358,358,358,377,377,388,388,388,388,388,402,412,60,60,60,45,65,167,167,167,177,177,197,36,36,104,9,9,20,20,71,71,71,71],"floor_reached":47,"language":"ENG","playtime":4060,"items_purged":["bronze:Defend"],"score":475,"play_id":"64f3edcf-eb9f-429e-bebb-7f3085a4eb37","local_time":"20210210185030","is_ascension_mode":false,"campfire_choices":[{"data":"bronze:AlphaBuild","floor":1,"key":"SMITH"},{"floor":8,"key":"REST"},{"data":"bronze:Repulsor","floor":10,"key":"SMITH"},{"floor":12,"key":"REST"},{"data":"bronze:Assembly","floor":18,"key":"SMITH"},{"floor":23,"key":"REST"},{"data":"Slimebound:CheckThePlaybook","floor":25,"key":"SMITH"},{"data":"bronze:GetLatest","floor":35,"key":"SMITH"},{"data":"expansioncontent:AwakenDeath","floor":40,"key":"SMITH"},{"data":"bronze:SpaghettiCode","floor":43,"key":"SMITH"}],"circlet_count":0,"master_deck":["bronze:Defend","bronze:Defend","bronze:Replicate+1","bronze:Goto","bronze:Repulsor+1","bronze:AlphaBuild+1","bronze:Fortify+1","bronze:Spike","bronze:DazingPulse","bronze:WildBeam","bronze:Flail","bronze:Branch","bronze:OilSpill","bronze:GetLatest+1","bronze:ForLoop","bronze:Constructor","bronze:Assembly+1","bronze:Separator","bronze:Shield+1","Slimebound:CheckThePlaybook+1","bronze:BitShift+1","bronze:Repair","bronze:Terminator+1","bronze:WhirlingStrike+1","Bite+1","Bite+1","Bite+1","Bite+1","Bite+1","bronze:CloningBeam+1","bronze:WildBeam+1","bronze:SpaghettiCode+1","bronze:Allocate+1","expansioncontent:YouAreMine","expansioncontent:AwakenDeath+1","bronze:Separator+1","bronze:GetLatest+1","bronze:Verify"],"relics":["bronze:BronzeCore","Meat on the Bone","Mummified Hand","Runic Pyramid","Molten Egg 2","Question Card","Busted Crown","HandDrill","Omamori","Whetstone","Lantern"],"acts_visited":["Exordium","TheCity","TheBeyond"],"potions_floor_usage":[16,27,33,33,44],"damage_taken":[{"damage":2,"enemies":"2 Louse","floor":2,"turns":2},{"damage":25,"enemies":"2 Louse","floor":3,"turns":7},{"damage":2,"enemies":"Small Slimes","floor":5,"turns":1},{"damage":0,"enemies":"Cultist","floor":6,"turns":2},{"damage":24,"enemies":"Lagavulin","floor":9,"turns":7},{"damage":8,"enemies":"Red Slaver","floor":11,"turns":2},{"damage":0,"enemies":"2 Fungi Beasts","floor":13,"turns":2},{"damage":9,"enemies":"Large Slime","floor":14,"turns":4},{"damage":1,"enemies":"2 Fungi Beasts","floor":15,"turns":2},{"damage":11,"enemies":"SI_SHIV_ARCHETYPE","floor":16,"turns":7},{"damage":0,"enemies":"Chosen","floor":19,"turns":4},{"damage":6,"enemies":"Spheric Guardian","floor":21,"turns":4},{"damage":15,"enemies":"Cultist and Chosen","floor":26,"turns":6},{"damage":13,"enemies":"Sentry and Sphere","floor":27,"turns":8},{"damage":0,"enemies":"downfall:FleeingMerchant","floor":28,"turns":4},{"damage":3,"enemies":"downfall:FleeingMerchant","floor":31,"turns":4},{"damage":1,"enemies":"Snecko","floor":32,"turns":3},{"damage":62,"enemies":"WA_ARCHETYPE_CALM","floor":33,"turns":14},{"damage":31,"enemies":"3 Darklings","floor":36,"turns":6},{"damage":0,"enemies":"3 Shapes","floor":38,"turns":1},{"damage":0,"enemies":"downfall:FleeingMerchant","floor":39,"turns":4},{"damage":0,"enemies":"downfall:FleeingMerchant","floor":42,"turns":1},{"damage":23,"enemies":"Writhing Mass","floor":44,"turns":4},{"damage":61,"enemies":"Reptomancer","floor":47,"turns":4}],"seed_played":"5052044079402016216","potions_obtained":[{"floor":5,"key":"LiquidBronze"},{"floor":6,"key":"AttackPotion"},{"floor":13,"key":"LiquidBronze"},{"floor":14,"key":"EssenceOfSteel"},{"floor":21,"key":"Weak Potion"},{"floor":27,"key":"Fruit Juice"},{"floor":32,"key":"SteroidPotion"},{"floor":38,"key":"Regen Potion"}],"is_trial":false,"path_per_floor":["R","M","?","?","M","M","T","R","E","R","M","R","M","M","M","B",null,"R","M","?","M","?","R","T","R","M","M","$","?","?","$","M","B",null,"R","M","?","M","$","R","T","$","R","M","?","T","E"],"character_chosen":"THE_AUTOMATON","items_purchased":["Question Card","bronze:WhirlingStrike+1","HandDrill","bronze:Verify","Omamori","Whetstone"],"campfire_rested":3,"item_purchase_floors":[28,28,39,42,42,42],"current_hp_per_floor":[63,61,36,36,34,34,34,52,40,40,32,50,50,41,40,41,63,63,63,63,57,35,53,53,53,38,42,49,49,47,47,47,34,47,47,28,23,35,45,45,45,45,45,41,41,41,0,0,0],"gold":71,"neow_bonus":"TRANSFORM_TWO_CARDS","is_daily":false,"chose_seed":false,"campfire_upgraded":7,"win_rate":0.0,"timestamp":1612943430,"path_taken":["R","M","?","?","M","M","T","R","E","R","M","R","M","?","M","BOSS","R","M","?","M","?","R","T","R","M","M","$","?","?","?","M","BOSS","R","M","?","M","$","R","T","$","R","M","?","?","E"],"items_purchased_type":["Relic","Card","Relic","Card","Relic","Relic"],"build_version":"2020-12-22","purchased_purges":1,"victory":false,"max_hp_per_floor":[63,63,63,63,63,63,63,63,63,63,63,63,63,63,63,63,63,63,63,63,63,63,63,63,63,63,68,68,68,47,47,47,47,47,47,47,47,47,47,47,47,47,47,47,47,47,47,47,47],"card_choices":[{"not_picked":["bronze:Separator","bronze:Branch"],"picked":"bronze:Fortify","floor":2},{"not_picked":[],"picked":"bronze:Spike","floor":3},{"not_picked":[],"picked":"bronze:DazingPulse","floor":3},{"not_picked":["bronze:Frontload","bronze:CutThrough"],"picked":"bronze:WildBeam","floor":3},{"not_picked":["bronze:BuggyMess","bronze:CleanCode"],"picked":"bronze:Flail","floor":5},{"not_picked":["bronze:Flail","bronze:ForceShield"],"picked":"bronze:Branch","floor":6},{"not_picked":["bronze:DelayedSlice","bronze:Frontload"],"picked":"bronze:OilSpill","floor":9},{"not_picked":["bronze:OilSpill","bronze:Frontload"],"picked":"bronze:GetLatest","floor":11},{"not_picked":["bronze:ItsAFeature","bronze:Optimize"],"picked":"bronze:ForLoop","floor":13},{"not_picked":["bronze:BitShift","bronze:DigitalCarnage"],"picked":"bronze:Constructor","floor":14},{"not_picked":["bronze:Branch","bronze:Invalidate","bronze:Iterate"],"picked":"SKIP","floor":15},{"not_picked":["bronze:Format","bronze:CleanCode"],"picked":"bronze:Assembly","floor":16},{"not_picked":["bronze:Philosophize","bronze:DelayedSlice"],"picked":"bronze:Separator","floor":19},{"not_picked":["bronze:ClassDefault","bronze:BitShift"],"picked":"bronze:Shield+1","floor":21},{"not_picked":["bronze:WhirlingStrike+1","bronze:Branch+1"],"picked":"bronze:BitShift+1","floor":26},{"not_picked":["bronze:BuggyMess","bronze:Boost"],"picked":"bronze:Repair","floor":27},{"not_picked":["bronze:DelayedGuard","bronze:FineTuning+1"],"picked":"bronze:Terminator+1","floor":28},{"not_picked":["bronze:Backtrace+1","bronze:Constructor","bronze:Flail+1"],"picked":"bronze:CloningBeam+1","floor":31},{"not_picked":["bronze:Repulsor","bronze:Constructor","bronze:Iterate+1"],"picked":"bronze:WildBeam+1","floor":32},{"not_picked":["bronze:Assembly","bronze:FindAndReplace","bronze:ShipIt+1"],"picked":"bronze:SpaghettiCode","floor":33},{"not_picked":["bronze:Frontload+1"],"picked":"bronze:Allocate+1","floor":36},{"not_picked":["expansioncontent:PolyBeam","expansioncontent:LastStand"],"picked":"expansioncontent:YouAreMine","floor":37},{"not_picked":["expansioncontent:LastStand","expansioncontent:YouAreMine"],"picked":"expansioncontent:AwakenDeath","floor":37},{"not_picked":["bronze:Iterate+1"],"picked":"bronze:Separator+1","floor":38},{"not_picked":["bronze:MaxOutput"],"picked":"bronze:GetLatest+1","floor":39},{"not_picked":["bronze:Deprecate+1","bronze:BronzeArmor"],"picked":"SKIP","floor":42},{"not_picked":["bronze:DelayedGuard","bronze:Optimize"],"picked":"SKIP","floor":44}],"player_experience":76465,"relics_obtained":[{"floor":7,"key":"Meat on the Bone"},{"floor":9,"key":"Mummified Hand"},{"floor":24,"key":"Molten Egg 2"},{"floor":46,"key":"Lantern"}],"event_choices":[{"cards_removed":["bronze:Strike"],"damage_healed":0,"gold_gain":0,"player_choice":"Offered Basic","damage_taken":0,"max_hp_gain":0,"max_hp_loss":0,"event_name":"Bonfire Elementals","floor":4,"gold_loss":0},{"damage_healed":0,"gold_gain":0,"player_choice":"Became a vampire","damage_taken":0,"max_hp_gain":0,"max_hp_loss":21,"event_name":"Vampires","floor":30,"gold_loss":0,"cards_obtained":["Bite","Bite","Bite","Bite","Bite"]},{"cards_removed":["bronze:Defend"],"damage_healed":0,"gold_gain":0,"player_choice":"Removed Skill","damage_taken":0,"max_hp_gain":0,"max_hp_loss":0,"event_name":"Falling","floor":45,"gold_loss":0}],"is_beta":false,"boss_relics":[{"not_picked":["Coffee Dripper","Philosopher\u0027s Stone"],"picked":"Runic Pyramid"},{"not_picked":["Sozu","Cursed Key"],"picked":"Busted Crown"}],"items_purged_floors":[28],"is_endless":false,"potions_floor_spawned":[5,6,13,14,21,27,32,38],"killed_by":"Reptomancer","ascension_level":0}}