{"host":"i73ch23exsqar74a","time":1612965923,"event":{"mods":["AchievementEnabler","Aspiration","Astrologer","Bard","Bartender","BaseMod","Beaked The Cultist","Better Sensory Stone","CCEM2","CapriCore","Challenge The Spire","ChefMod","Chen","Colored Map","Colored Powertips","Conjunction","Conspire","Downfall","Fireblade Mod","FutureSeer","GifTheSpireLib","Glutton Mod","Gremlin Mod","Halation","Hermit","Highlight Path","HololiveMod","Hubris","Infinite Spire","Jedi Mod","Lobotomy","LobotomyExtend","Luminous","Marked Mod","Minty Spire (QoL Compilation)","Prisma Mod","Quarter Circle Forward PUNCH!","Quick Restart","Random Character Button","RatMod","Relic Sorter","Reliquary","Replay The Spire","SOS???????","Shade Mod","Spicy Shops","Spikes Relics","Spire Arcade","StSLib","Stuff the Spire","The Alterego","The Animator","The Bug Knight","The Construct","The Cursed","The Druid","The Exalted","The Immortal","The Judge","The Poker Player","The Sage","The Wild Card","TheHero","TheSwordswoman","TheVacant","TheVelvet","Thieving Mod","Yuri Mod","???Mod??????Boss","???mod?????"],"gold_per_floor":[118,158,208,227,238,288,288,288,339,350,381,392,392,467,467,619,619,633,633,649,664,678,678,678,678,678],"floor_reached":25,"language":"ENG","playtime":1074,"items_purged":[],"score":356,"play_id":"c6058dce-1bcc-4b49-b05f-ad5a0b2952b0","local_time":"20210210180523","is_ascension_mode":true,"campfire_choices":[{"data":"alterego_mod:Impale","floor":6,"key":"SMITH"},{"floor":8,"key":"REST"},{"data":"alterego_mod:PerceptionDisorder","floor":13,"key":"SMITH"},{"floor":15,"key":"REST"},{"floor":23,"key":"REST"}],"circlet_count":0,"master_deck":["alterego_mod:Strike","alterego_mod:Strike","alterego_mod:Strike","alterego_mod:Strike","alterego_mod:Defend","alterego_mod:Defend","alterego_mod:Defend","alterego_mod:Defend","alterego_mod:Impale+1","alterego_mod:BigMeatyClaws","alterego_mod:BrynhildrsRune","bard:Thunderwave","alterego_mod:Bounce","Spreading Infection","alterego_mod:Birthday","alterego_mod:RocketPunch+1","downfall:Haunted","alterego_mod:PerceptionDisorder","alterego_mod:BrynhildrRomantia","alterego_mod:PerceptionDisorder+1","alterego_mod:Undulate","animator:Curse_Greed","alterego_mod:STier","jedi:frostbite","alterego_mod:SakuraPetals","ReplayTheSpireMod:Splinters","sneckomod:TailWhip","alterego_mod:ClassAdvantage","ReplayTheSpireMod:Trickstab","infinitespire:Gouge","alterego_mod:Venus","alterego_mod:PerceptionDisorder","StuffTheSpire:CuriosityCurse"],"relics":["alterego_mod:MasochisticConstitution","aspiration:Nostalgia","m_ChordRing","LetterFromLob","reliquary:TridentHead","Ring of Fangs","Ring of Greed","Membership Card","hubris:MobiusCoin","StuffTheSpire:GrapeVine","infinitespire:PuzzleCube","qcfpunch:Not_Strongest_Fighting_Style_Guidebook","halation:Prosthetics","ReplayTheSpireMod:SealedPack","Vajra","halation:LettersToHer"],"acts_visited":["Exordium","TheCity"],"potions_floor_usage":[2,22],"damage_taken":[{"damage":7,"enemies":"2 Louse","floor":1,"turns":5},{"damage":22,"enemies":"conspire:MimicChest","floor":2,"turns":6},{"damage":24,"enemies":"Small Slimes","floor":4,"turns":7},{"damage":10,"enemies":"Jaw Worm","floor":5,"turns":6},{"damage":20,"enemies":"Lots of Slimes","floor":10,"turns":5},{"damage":28,"enemies":"HollowMod:MossKnight","floor":11,"turns":8},{"damage":5,"enemies":"Looter","floor":12,"turns":3},{"damage":16,"enemies":"Lagavulin","floor":14,"turns":6},{"damage":4,"enemies":"Slime Boss","floor":16,"turns":7},{"damage":25,"enemies":"Spheric Guardian","floor":18,"turns":4},{"damage":10,"enemies":"2 Thieves","floor":20,"turns":3},{"damage":28,"enemies":"Centurion and Healer","floor":21,"turns":4},{"damage":6,"enemies":"conspire:HollyBat","floor":22,"turns":6},{"damage":31,"enemies":"Book of Stabbing","floor":25,"turns":4}],"seed_played":"-6575503534487313201","potions_obtained":[{"floor":1,"key":"AttackPotion"},{"floor":5,"key":"Weak Potion"},{"floor":11,"key":"hexamod:SoulburnPotion"},{"floor":14,"key":"Block Potion"}],"is_trial":false,"path_per_floor":["M","?","?","M","M","R","?","R","T","M","E","M","R","E","R","B",null,"M","AVR","M","M","M","R","?","E"],"character_chosen":"The_Alterego","items_purchased":[],"campfire_rested":3,"item_purchase_floors":[],"current_hp_per_floor":[71,57,57,48,41,41,41,63,63,46,35,40,40,27,50,70,43,31,31,29,19,16,31,31,0,0],"gold":678,"neow_bonus":"NOSTALGIA","is_daily":false,"chose_seed":false,"campfire_upgraded":2,"win_rate":0.0,"timestamp":1612965923,"path_taken":["M","?","?","?","?","R","?","R","T","M","E","M","R","E","R","BOSS","M","AVR","?","M","M","R","?","E"],"items_purchased_type":[],"build_version":"2020-12-22","purchased_purges":0,"victory":false,"max_hp_per_floor":[71,72,72,73,74,74,74,74,74,75,76,76,76,77,77,78,43,47,47,47,51,52,52,52,52,52],"card_choices":[{"not_picked":["alterego_mod:Valentines","alterego_mod:BreastValley"],"picked":"bard:Thunderwave","floor":1},{"not_picked":["alterego_mod:Cooking","Leg Sweep"],"picked":"alterego_mod:Bounce","floor":2},{"not_picked":["bard:ViciousMockery","bard:HideousLaughter"],"picked":"alterego_mod:Birthday","floor":4},{"not_picked":["Sucker Punch","alterego_mod:Cushion"],"picked":"alterego_mod:RocketPunch","floor":5},{"not_picked":["alterego_mod:SakuraLabyrinth","alterego_mod:GoddessCore"],"picked":"alterego_mod:PerceptionDisorder","floor":10},{"not_picked":["alterego_mod:Complex","bard:PhantasmalForce"],"picked":"alterego_mod:BrynhildrRomantia","floor":11},{"not_picked":["bard:PhantasmalForce","Sucker Punch"],"picked":"alterego_mod:PerceptionDisorder","floor":12},{"not_picked":["alterego_mod:Swimsuit","alterego_mod:TrashNCrash"],"picked":"alterego_mod:Undulate","floor":14},{"not_picked":["alterego_mod:Rake","Malaise"],"picked":"alterego_mod:STier","floor":16},{"not_picked":["alterego_mod:DiscoLights","alterego_mod:Cycle"],"picked":"alterego_mod:SakuraPetals","floor":18},{"not_picked":["TheCursedMod:CleanUpWorkshop","theDruid:Defend_O"],"picked":"sneckomod:TailWhip","floor":19},{"not_picked":["alterego_mod:Valkyrie","alterego_mod:TrickOrTreatment"],"picked":"alterego_mod:ClassAdvantage","floor":19},{"not_picked":["PlatinumSkin","Panacea"],"picked":"ReplayTheSpireMod:Trickstab","floor":19},{"not_picked":["infinitespire:Oblivion","infinitespire:Execution"],"picked":"infinitespire:Gouge","floor":19},{"not_picked":["alterego_mod:Schoolgirl+1","alterego_mod:DeftHands","alterego_mod:Pet"],"picked":"SKIP","floor":20},{"not_picked":["alterego_mod:Skirt+1","alterego_mod:Cushion+1"],"picked":"alterego_mod:Venus","floor":21},{"not_picked":["alterego_mod:Pet","alterego_mod:GoddessCore"],"picked":"alterego_mod:PerceptionDisorder","floor":22}],"player_experience":1432322,"relics_obtained":[{"floor":1,"key":"LetterFromLob"},{"floor":2,"key":"reliquary:TridentHead"},{"floor":3,"key":"Ring of Fangs"},{"floor":3,"key":"Ring of Greed"},{"floor":3,"key":"Membership Card"},{"floor":3,"key":"hubris:MobiusCoin"},{"floor":9,"key":"StuffTheSpire:GrapeVine"},{"floor":11,"key":"infinitespire:PuzzleCube"},{"floor":14,"key":"qcfpunch:Not_Strongest_Fighting_Style_Guidebook"}],"event_choices":[{"damage_healed":0,"gold_gain":0,"player_choice":"Upgraded","damage_taken":0,"max_hp_gain":0,"max_hp_loss":0,"event_name":"Upgrade Shrine","floor":7,"gold_loss":0,"cards_upgraded":["alterego_mod:RocketPunch"]}],"is_beta":false,"boss_relics":[{"not_picked":["Snecko Eye","SlaversCollar"],"picked":"halation:Prosthetics"}],"items_purged_floors":[],"is_endless":false,"potions_floor_spawned":[1,5,11,14,16,20],"killed_by":"Book of Stabbing","ascension_level":4}}