{"host":"l84l8xigz5v5foa2","time":1612973499,"event":{"mods":["2.2 Compatiblity","AchievementEnabler","BaseMod","Better Note","Better Vampires","BetterRewards","Card Filter","Colored Map","DeckTracker","Downfall","Gremlin Skip","Highlight Path","Keyboard Shortcuts","Minty Spire (QoL Compilation)","Permanent Neow","Quick Restart","Relic Filter","Relic Stats","StSLib","SuperFastMode","Transform Curses","Unknown Chances"],"gold_per_floor":[359,359,158,178,78,78,3,18,41,41,71,86,86,104,104,183,183,201,213,213,228,240,240,256,36,36,36,50,63,81,116,116,190,190,200,211,228,228,228,228,262,262,262,272,289,324,349,366,366,366,366,366,366,30,62,62],"floor_reached":57,"language":"ENG","playtime":3783,"items_purged":["hexamod:Strike","hexamod:Strike","Pain","hexamod:Defend+1"],"score":2876,"play_id":"abc1fe0f-d41c-49c1-b255-5d42aae368f9","local_time":"20210211011139","is_ascension_mode":true,"campfire_choices":[{"data":"hexamod:Float","floor":6.0,"key":"SMITH"},{"data":"hexamod:Rewind","floor":13.0,"key":"SMITH"},{"data":"hexamod:RainOfEmbers","floor":15.0,"key":"SMITH"},{"data":"hexamod:GhostOfSpirePast","floor":23.0,"key":"SMITH"},{"data":"hexamod:RadiantFlame","floor":32,"key":"SMITH"},{"data":"hexamod:GhostOfSpirePresent","floor":40,"key":"SMITH"},{"floor":42,"key":"RECALL"},{"floor":49,"key":"REST"},{"floor":53,"key":"REST"}],"circlet_count":0,"master_deck":["AscendersBane","hexamod:Strike+1","hexamod:Defend+1","hexamod:Defend+1","hexamod:Sear+1","hexamod:Float+1","hexamod:SuperheatedStrike+1","hexamod:GhostOfSpirePast+1","hexamod:RainOfEmbers+1","hexamod:SwordOfDarkness+1","hexamod:Rewind+1","hexamod:RadiantFlame+1","hexamod:PhantomFireball+1","hexamod:GhostShield+1","hexamod:NightmareGuise+1","hexamod:GhostLash+1","hexamod:GhostShield+1","hexamod:NightmareGuise+1","hexamod:StepThrough+1","hexamod:ForkedFlame+1","hexamod:RetreatToShadows+1","hexamod:FourthSeal","hexamod:HeatShield+1","hexamod:SixthSeal","hexamod:ShieldOfDarkness+1","hexamod:ForkedFlame+1","hexamod:GhostOfSpirePresent+1","hexamod:GiftsFromTheDead+1","Madness+1","Madness+1","hexamod:Rewind+1","hexamod:Hexaguard+1","hexamod:GhostOfSpirePast+1","hexamod:HauntingEcho"],"relics":["hexamod:SpiritBrand","Ring of the Serpent","Toy Ornithopter","Potion Belt","SacredBark","WarpedTongs","Omamori","Sundial","Cursed Key","hexamod:TheBrokenSeal","InkBottle","War Paint","champ:DuelingGlove","Membership Card","Happy Flower"],"acts_visited":["Exordium","TheCity","TheBeyond","TheEnding"],"potions_floor_usage":[29,31,31,31,31,33,36,37,41,41,41,46,46,47,51,51,55,56,56,56],"damage_taken":[{"damage":2.0,"enemies":"2 Louse","floor":1.0,"turns":3.0},{"damage":2.0,"enemies":"Small Slimes","floor":4.0,"turns":4.0},{"damage":0.0,"enemies":"Jaw Worm","floor":8.0,"turns":3.0},{"damage":0.0,"enemies":"Gremlin Nob","floor":11.0,"turns":2.0},{"damage":7.0,"enemies":"Large Slime","floor":12.0,"turns":3.0},{"damage":0.0,"enemies":"Lots of Slimes","floor":14.0,"turns":3.0},{"damage":9.0,"enemies":"The Guardian","floor":16.0,"turns":7.0},{"damage":9.0,"enemies":"Spheric Guardian","floor":18.0,"turns":4.0},{"damage":0.0,"enemies":"Chosen","floor":19.0,"turns":3.0},{"damage":17.0,"enemies":"Centurion and Healer","floor":21.0,"turns":8.0},{"damage":48.0,"enemies":"Cultist and Chosen","floor":22.0,"turns":6.0},{"damage":26.0,"enemies":"Snake Plant","floor":24.0,"turns":4.0},{"damage":0.0,"enemies":"Centurion and Healer","floor":28.0,"turns":5.0},{"damage":0,"enemies":"Snecko","floor":29,"turns":5},{"damage":0,"enemies":"Snake Plant","floor":30,"turns":4},{"damage":12,"enemies":"Gremlin Leader","floor":31,"turns":6},{"damage":15,"enemies":"Collector","floor":33,"turns":12},{"damage":0,"enemies":"3 Shapes","floor":35,"turns":6},{"damage":6,"enemies":"Orb Walker","floor":36,"turns":3},{"damage":19,"enemies":"Transient","floor":37,"turns":6},{"damage":3,"enemies":"Nemesis","floor":41,"turns":5},{"damage":0,"enemies":"Spire Growth","floor":44,"turns":4},{"damage":0,"enemies":"Sphere and 2 Shapes","floor":45,"turns":3},{"damage":3,"enemies":"Reptomancer","floor":46,"turns":4},{"damage":0,"enemies":"Mind Bloom Boss Battle","floor":47,"turns":5},{"damage":8,"enemies":"3 Darklings","floor":48,"turns":5},{"damage":0,"enemies":"Donu and Deca","floor":50,"turns":6},{"damage":12,"enemies":"Awakened One","floor":51,"turns":7},{"damage":13,"enemies":"Shield and Spear","floor":55,"turns":5},{"damage":56,"enemies":"The Heart","floor":56,"turns":8}],"seed_played":"-6991248400203785051","potions_obtained":[{"floor":4.0,"key":"FearPotion"},{"floor":8.0,"key":"DuplicationPotion"},{"floor":19.0,"key":"Weak Potion"},{"floor":21.0,"key":"FairyPotion"},{"floor":28.0,"key":"Energy Potion"},{"floor":29,"key":"hexamod:DoubleChargePotion"},{"floor":29,"key":"hexamod:DoubleChargePotion"},{"floor":30,"key":"ColorlessPotion"},{"floor":30,"key":"Weak Potion"},{"floor":31,"key":"Dexterity Potion"},{"floor":33,"key":"Swift Potion"},{"floor":33,"key":"BlessingOfTheForge"},{"floor":35,"key":"Fire Potion"},{"floor":35,"key":"SpeedPotion"},{"floor":36,"key":"LiquidMemories"},{"floor":36,"key":"ColorlessPotion"},{"floor":37,"key":"GamblersBrew"},{"floor":41,"key":"DistilledChaos"},{"floor":44,"key":"Weak Potion"},{"floor":45,"key":"SmokeBomb"},{"floor":46,"key":"SneckoOil"},{"floor":47,"key":"hexamod:InfernoChargePotion"},{"floor":48,"key":"Swift Potion"},{"floor":48,"key":"SkillPotion"},{"floor":55,"key":"Energy Potion"}],"is_trial":false,"path_per_floor":["M","?","$","M","$","R","?","M","T","?","E","M","R","M","R","B",null,"M","M","?","M","M","R","M","$","T","$","M","M","M","E","R","B",null,"M","M","M","?","?","R","E","R","T","M","M","E","?","M","R","B","B",null,"R","$","E","B",null],"character_chosen":"THE_SPIRIT","items_purchased":["hexamod:GhostOfSpirePast","hexamod:RainOfEmbers","hexamod:StepThrough","hexamod:EctoCoolerPotion","Membership Card","Block Potion","LiquidMemories","BlessingOfTheForge"],"campfire_rested":2,"item_purchase_floors":[3,3,25,25,54,54,54,54],"current_hp_per_floor":[40,40,40,38,38,38,38,38,38,31,36,29,29,29,29,20,52,43,48,48,36,35,35,9,9,9,9,21,26,33,48,48,45,59,59,63,73,73,60,60,70,70,70,70,70,70,73,65,73,73,61,70,73,73,60,19],"gold":62,"neow_bonus":"TWO_FIFTY_GOLD","is_daily":false,"chose_seed":false,"campfire_upgraded":6,"win_rate":0.0,"timestamp":1612973499,"path_taken":["M","?","$","M","$","R","?","M","T","?","E","?","R","M","R","BOSS","M","M","?","?","?","R","M","?","T","$","M","M","M","E","R","BOSS","M","?","?","?","?","R","E","R","T","M","?","E","?","M","R","BOSS","BOSS","R","$","E","BOSS"],"items_purchased_type":["Card","Card","Card","Potion","Relic","Potion","Potion","Potion"],"build_version":"2020-12-22","purchased_purges":4,"victory":true,"max_hp_per_floor":[63,63,63,63,63,63,63,63,63,63,63,63,63,63,63,63,63,63,63,63,63,63,63,63,63,63,63,63,63,63,63,63,63,63,63,63,73,73,73,73,73,73,73,73,73,73,73,73,73,73,73,73,73,73,73,73],"relic_stats":{"Happy Flower":[2],"counters":[30,149],"Sundial":[10],"War Paint":["hexamod:Defend","Madness"],"Cursed Key":1,"obtain_stats":[{"Potion Belt":11,"champ:DuelingGlove":47,"Happy Flower":55,"SacredBark":17,"hexamod:TheBrokenSeal":37,"Omamori":26,"War Paint":46,"Cursed Key":34,"WarpedTongs":20,"Sundial":31,"Membership Card":54,"hexamod:SpiritBrand":0,"Ring of the Serpent":1,"Toy Ornithopter":9,"InkBottle":41},{"Potion Belt":4,"champ:DuelingGlove":25,"Happy Flower":29,"SacredBark":7,"hexamod:TheBrokenSeal":20,"Omamori":12,"War Paint":24,"Cursed Key":17,"WarpedTongs":9,"Sundial":16,"Membership Card":28,"hexamod:SpiritBrand":0,"Ring of the Serpent":1,"Toy Ornithopter":3,"InkBottle":21},{"Potion Belt":12,"champ:DuelingGlove":118,"Happy Flower":141,"SacredBark":25,"hexamod:TheBrokenSeal":96,"Omamori":50,"War Paint":113,"Cursed Key":82,"WarpedTongs":32,"Sundial":70,"Membership Card":136,"hexamod:SpiritBrand":0,"Ring of the Serpent":1,"Toy Ornithopter":10,"InkBottle":102}],"Toy Ornithopter":89,"InkBottle":[29],"WarpedTongs":[70]},"card_choices":[{"not_picked":["hexamod:BacktrackSmack","hexamod:GhostOfSpireFuture"],"picked":"hexamod:SuperheatedStrike","floor":1.0},{"not_picked":["hexamod:SecondSeal","hexamod:NightmareStrike"],"picked":"hexamod:SwordOfDarkness","floor":4.0},{"not_picked":["hexamod:DynamicBlow","hexamod:NightmareGuise"],"picked":"hexamod:Rewind","floor":8.0},{"not_picked":["hexamod:BacktrackSmack","hexamod:SwordOfDarkness"],"picked":"hexamod:RadiantFlame","floor":11.0},{"not_picked":["hexamod:AdvancingGuard","hexamod:GhostShield"],"picked":"hexamod:PhantomFireball","floor":12.0},{"not_picked":["hexamod:BacktrackSmack","hexamod:ThermalTransfer"],"picked":"hexamod:GhostShield","floor":14.0},{"not_picked":["hexamod:HexaLevel","hexamod:GhostOfSpirePresent"],"picked":"hexamod:FifthSeal","floor":16.0},{"not_picked":["hexamod:FirstSeal","hexamod:FourthSeal"],"picked":"hexamod:SixthSeal","floor":18.0},{"not_picked":["hexamod:EmpoweredFlame+1","hexamod:FastForward"],"picked":"hexamod:NightmareGuise","floor":18.0},{"not_picked":["hexamod:CatchUp","hexamod:PhantomCloak"],"picked":"hexamod:GhostLash","floor":19.0},{"not_picked":["hexamod:SecondSeal","hexamod:SixthSeal"],"picked":"hexamod:ThirdSeal","floor":21.0},{"not_picked":["hexamod:StepThrough","hexamod:TimeWarp","hexamod:ShieldOfDarkness"],"picked":"SKIP","floor":21.0},{"not_picked":["hexamod:SwordOfDarkness","hexamod:BurningTouch"],"picked":"hexamod:GhostShield","floor":22.0},{"not_picked":["hexamod:CatchUp","hexamod:BurningTouch","hexamod:ChargedBarrage"],"picked":"SKIP","floor":22.0},{"not_picked":["hexamod:SixthSeal","hexamod:SecondSeal"],"picked":"hexamod:FirstSeal","floor":24.0},{"not_picked":["hexamod:FifthSeal","hexamod:SwordOfDarkness"],"picked":"hexamod:NightmareGuise","floor":24.0},{"not_picked":["hexamod:SixthSeal","hexamod:ThirdSeal"],"picked":"hexamod:FourthSeal","floor":28.0},{"not_picked":["hexamod:RetreatToShadows","hexamod:EmpoweredFlame"],"picked":"hexamod:ForkedFlame","floor":28.0},{"not_picked":["hexamod:AdvancingGuard","hexamod:ThermalTransfer"],"picked":"hexamod:RetreatToShadows","floor":28.0},{"not_picked":["hexamod:ThirdSeal","hexamod:FirstSeal"],"picked":"hexamod:FourthSeal","floor":29},{"not_picked":["hexamod:EmpoweredFlame","hexamod:AdvancingGuard","hexamod:GhostflameBarrier"],"picked":"SKIP","floor":29},{"not_picked":["hexamod:SwordOfDarkness","hexamod:Haunt"],"picked":"hexamod:HeatShield","floor":30},{"not_picked":["hexamod:FirstSeal","hexamod:SecondSeal"],"picked":"hexamod:SixthSeal","floor":31},{"not_picked":["hexamod:RetreatToShadows","hexamod:FlamesFromBeyond"],"picked":"hexamod:ShieldOfDarkness","floor":31},{"not_picked":["hexamod:EtherealExpedition","hexamod:CatchUp","hexamod:EmpoweredFlame"],"picked":"SKIP","floor":31},{"not_picked":["hexamod:WildfireWeapon","hexamod:FlameSwitch"],"picked":"hexamod:ForkedFlame","floor":33},{"not_picked":["hexamod:ApocalypticArmor","hexamod:VolcanoVisage"],"picked":"hexamod:GhostOfSpirePresent","floor":33},{"not_picked":["hexamod:HeatMetal+1","hexamod:SuperheatedStrike+1","hexamod:BurningTouch"],"picked":"SKIP","floor":35},{"not_picked":["hexamod:FifthSeal","hexamod:ThermalTransfer","hexamod:ShieldOfDarkness"],"picked":"SKIP","floor":35},{"not_picked":["hexamod:FirstSeal","hexamod:ThirdSeal"],"picked":"hexamod:SecondSeal","floor":36},{"not_picked":["hexamod:Rewind+1","hexamod:NightmareStrike+1"],"picked":"hexamod:GiftsFromTheDead","floor":36},{"not_picked":["hexamod:FourthSeal","hexamod:FastForward","hexamod:ThermalTransfer+1"],"picked":"SKIP","floor":37},{"not_picked":["hexamod:SpectersWail","hexamod:Again"],"picked":"hexamod:Rewind+1","floor":41},{"not_picked":["hexamod:NecessarySacrifice","hexamod:ExtraCrispy"],"picked":"hexamod:Hexaguard+1","floor":44},{"not_picked":["hexamod:BurningTouch","hexamod:SpectralSpark","hexamod:RainOfEmbers"],"picked":"SKIP","floor":45},{"not_picked":["hexamod:ShieldOfDarkness","hexamod:ParanormalForm","hexamod:AdvancingGuard"],"picked":"SKIP","floor":46},{"not_picked":["hexamod:ChargedBarrage","hexamod:ThirdSeal"],"picked":"hexamod:GhostOfSpirePast+1","floor":48},{"not_picked":["hexamod:Hexaguard","hexamod:TimeWarp"],"picked":"hexamod:HauntingEcho","floor":55}],"player_experience":3539949,"relics_obtained":[{"floor":9.0,"key":"Toy Ornithopter"},{"floor":11.0,"key":"Potion Belt"},{"floor":26.0,"key":"Omamori"},{"floor":31,"key":"Sundial"},{"floor":41,"key":"InkBottle"},{"floor":46,"key":"War Paint"},{"floor":47,"key":"champ:DuelingGlove"},{"floor":55,"key":"Happy Flower"}],"event_choices":[{"damage_healed":0.0,"max_hp_gain":0.0,"max_hp_loss":0.0,"gold_gain":0.0,"event_name":"Liars Game","player_choice":"Ignored","floor":2.0,"gold_loss":0.0,"damage_taken":0.0},{"cards_removed":["hexamod:Strike"],"damage_healed":0.0,"max_hp_gain":0.0,"max_hp_loss":0.0,"gold_gain":0.0,"event_name":"The Cleric","player_choice":"Card Removal","floor":7.0,"gold_loss":75.0,"damage_taken":0.0},{"cards_removed":["hexamod:Defend"],"damage_healed":0.0,"max_hp_gain":0.0,"max_hp_loss":0.0,"gold_gain":0.0,"event_name":"Golden Wing","player_choice":"Card Removal","floor":10.0,"gold_loss":0.0,"damage_taken":7.0},{"damage_healed":0.0,"max_hp_gain":0.0,"max_hp_loss":0.0,"gold_gain":0.0,"event_name":"Accursed Blacksmith","player_choice":"Rummage","floor":20.0,"gold_loss":0.0,"damage_taken":0.0,"relics_obtained":["WarpedTongs"],"cards_obtained":["Pain"]},{"damage_healed":0,"gold_gain":0,"player_choice":"Embrace Madness","damage_taken":13,"max_hp_gain":0,"max_hp_loss":0,"event_name":"Winding Halls","floor":39,"gold_loss":0,"cards_obtained":["Madness","Madness"]},{"damage_healed":0,"gold_gain":0,"player_choice":"Fight","damage_taken":0,"max_hp_gain":0,"max_hp_loss":0,"event_name":"MindBloom","floor":47,"gold_loss":0}],"is_beta":false,"boss_relics":[{"not_picked":["expansioncontent:StudyCardRelic","Fusion Hammer"],"picked":"SacredBark"},{"not_picked":["Busted Crown","SlaversCollar"],"picked":"Cursed Key"}],"items_purged_floors":[3,5,25,54],"is_endless":false,"potions_floor_spawned":[4,8,19,21,28,29,33,36,37,45,48,55],"ascension_level":20}}