{"host":"it04jaz8eul1eh3d","time":1612934200,"event":{"mods":["AchievementEnabler","BaseMod","Colored Map","DeckTracker","Keyboard Shortcuts","Minty Spire (QoL Compilation)","SuperFastMode"],"gold_per_floor":[112,112,126,145,161,193,212,212,212,228,255,273,273,285,285,387,387,407,424,438,438,537,537,570,570,649,649,668,425,425,425,425,425,425],"floor_reached":33,"language":"KOR","playtime":893,"items_purged":["Shame"],"score":306,"play_id":"f9ee9f03-29ae-4af0-9a2f-2beef4e9f963","local_time":"20210210141640","is_ascension_mode":false,"campfire_choices":[{"data":"Heavy Blade","floor":8,"key":"SMITH"},{"data":"Metallicize","floor":15,"key":"SMITH"},{"data":"Demon Form","floor":23,"key":"SMITH"},{"floor":25,"key":"REST"},{"floor":32,"key":"REST"}],"circlet_count":0,"master_deck":["Strike_R","Strike_R","Strike_R","Strike_R","Strike_R","Defend_R","Defend_R","Defend_R","Defend_R","Bash","Heavy Blade+1","Flame Barrier","Spot Weakness","Headbutt","Double Tap","Metallicize+1","Body Slam+1","Demon Form+1","Pommel Strike+1","Heavy Blade+1","Headbutt+1","Inflame","Dramatic Entrance+1","Decay"],"relics":["Burning Blood","NeowsBlessing","Bag of Preparation","Orichalcum","Happy Flower","Molten Egg 2","SacredBark","Boot","Toy Ornithopter","Bottled Lightning","Toxic Egg 2"],"acts_visited":["Exordium","TheCity"],"potions_floor_usage":[6,24,24,31],"damage_taken":[{"damage":0,"enemies":"Jaw Worm","floor":1,"turns":1},{"damage":0,"enemies":"2 Louse","floor":3,"turns":1},{"damage":0,"enemies":"Small Slimes","floor":4,"turns":1},{"damage":6,"enemies":"3 Louse","floor":5,"turns":3},{"damage":30,"enemies":"Gremlin Nob","floor":6,"turns":5},{"damage":12,"enemies":"Looter","floor":7,"turns":4},{"damage":8,"enemies":"2 Fungi Beasts","floor":10,"turns":3},{"damage":19,"enemies":"Lagavulin","floor":11,"turns":5},{"damage":2,"enemies":"Blue Slaver","floor":12,"turns":3},{"damage":0,"enemies":"Exordium Wildlife","floor":14,"turns":4},{"damage":26,"enemies":"Slime Boss","floor":16,"turns":11},{"damage":0,"enemies":"3 Byrds","floor":18,"turns":4},{"damage":7,"enemies":"Spheric Guardian","floor":19,"turns":4},{"damage":14,"enemies":"Chosen and Byrds","floor":20,"turns":6},{"damage":56,"enemies":"Book of Stabbing","floor":24,"turns":7},{"damage":28,"enemies":"Centurion and Healer","floor":28,"turns":5},{"damage":13,"enemies":"Snake Plant","floor":31,"turns":3},{"damage":50,"enemies":"Automaton","floor":33,"turns":6}],"seed_played":"-1883998745021702856","potions_obtained":[{"floor":1,"key":"Explosive Potion"},{"floor":5,"key":"SmokeBomb"},{"floor":10,"key":"BlessingOfTheForge"},{"floor":16,"key":"ColorlessPotion"},{"floor":18,"key":"SkillPotion"}],"is_trial":false,"path_per_floor":["M","$","M","M","M","E","M","R","T","M","E","M","?","M","R","B",null,"M","M","M","?","?","R","E","R","T","?","M","$","?","M","R","B"],"character_chosen":"IRONCLAD","items_purchased":["Inflame","Dramatic Entrance+1"],"campfire_rested":2,"item_purchase_floors":[29,29],"current_hp_per_floor":[80,80,80,80,80,56,50,50,50,48,35,39,36,42,42,22,80,80,79,71,71,71,71,21,45,45,45,23,23,23,21,45,0,0],"gold":425,"neow_bonus":"THREE_ENEMY_KILL","is_daily":false,"chose_seed":false,"campfire_upgraded":3,"win_rate":0.0,"timestamp":1612934200,"path_taken":["M","$","M","M","M","E","M","R","T","M","E","M","?","M","R","BOSS","M","M","M","?","?","R","E","R","T","?","M","$","?","M","R","BOSS"],"items_purchased_type":["Card","Card"],"build_version":"2020-12-22","purchased_purges":1,"victory":false,"max_hp_per_floor":[80,80,80,80,80,80,80,80,80,80,80,80,80,80,80,80,80,80,80,80,80,80,80,80,80,80,80,80,80,80,80,80,80,80],"card_choices":[{"not_picked":["Spot Weakness","Clothesline"],"picked":"Heavy Blade","floor":1},{"not_picked":["Clash","Flex","Twin Strike"],"picked":"SKIP","floor":3},{"not_picked":["Second Wind","Body Slam"],"picked":"Flame Barrier","floor":4},{"not_picked":["Pommel Strike","Fire Breathing"],"picked":"Spot Weakness","floor":5},{"not_picked":["Brutality","Perfected Strike"],"picked":"Headbutt","floor":6},{"not_picked":["True Grit","Wild Strike","Evolve"],"picked":"SKIP","floor":7},{"not_picked":["Shrug It Off","Searing Blow"],"picked":"Double Tap","floor":10},{"not_picked":["Twin Strike","Thunderclap","Uppercut"],"picked":"SKIP","floor":11},{"not_picked":["Power Through","True Grit"],"picked":"Metallicize","floor":12},{"not_picked":["Havoc","Flex"],"picked":"Body Slam+1","floor":14},{"not_picked":["Bludgeon+1","Barricade"],"picked":"Demon Form","floor":16},{"not_picked":["Anger+1","Clothesline+1"],"picked":"Pommel Strike+1","floor":18},{"not_picked":["Ghostly Armor","Headbutt+1"],"picked":"Heavy Blade+1","floor":19},{"not_picked":["Flame Barrier","True Grit"],"picked":"Headbutt+1","floor":20},{"not_picked":["Armaments","Thunderclap+1","Rage"],"picked":"SKIP","floor":24},{"not_picked":["Pommel Strike+1","Wild Strike+1","Havoc+1"],"picked":"SKIP","floor":28}],"player_experience":149544,"relics_obtained":[{"floor":6,"key":"Bag of Preparation"},{"floor":9,"key":"Orichalcum"},{"floor":11,"key":"Happy Flower"},{"floor":24,"key":"Toy Ornithopter"},{"floor":26,"key":"Bottled Lightning"}],"event_choices":[{"damage_healed":0,"gold_gain":0,"player_choice":"Success","damage_taken":3,"relics_obtained":["Molten Egg 2"],"max_hp_gain":0,"max_hp_loss":0,"event_name":"Scrap Ooze","floor":13,"gold_loss":0},{"damage_healed":0,"gold_gain":0,"player_choice":"Stole Relic","damage_taken":0,"relics_obtained":["Boot"],"max_hp_gain":0,"max_hp_loss":0,"event_name":"Addict","floor":21,"gold_loss":0,"cards_obtained":["Shame"]},{"damage_healed":0,"gold_gain":99,"player_choice":"Stole From Cult","damage_taken":0,"max_hp_gain":0,"max_hp_loss":0,"event_name":"Nest","floor":22,"gold_loss":0},{"damage_healed":0,"gold_gain":0,"player_choice":"Opened","damage_taken":0,"relics_obtained":["Toxic Egg 2"],"max_hp_gain":0,"max_hp_loss":0,"event_name":"The Mausoleum","floor":27,"gold_loss":0},{"damage_healed":0,"gold_gain":0,"player_choice":"Smashed Altar","damage_taken":0,"max_hp_gain":0,"max_hp_loss":0,"event_name":"Forgotten Altar","floor":30,"gold_loss":0,"cards_obtained":["Decay"]}],"is_beta":false,"boss_relics":[{"not_picked":["Pandora\u0027s Box","Runic Dome"],"picked":"SacredBark"}],"items_purged_floors":[29],"is_endless":false,"potions_floor_spawned":[1,5,10,16,18,20],"killed_by":"Automaton","ascension_level":0}}