{"host":"6xsbn6ynqlzwllfm","time":1612988873,"event":{"mods":["2.2 Compatiblity","BaseMod","Bestiary","Colored Map","Colored Powertips","Curses Come First","Highlight Path","Keyboard Shortcuts","Minty Spire (QoL Compilation)","Relic Stats","Slay the Relics Exporter","StSLib","SuperFastMode"],"gold_per_floor":[115,135,135,147,147,147,190,190,264,299,311,336,392,37,37,135,135,150,164,59,59,78,119,119,142,195,236,236,259,284,318,318,414,414,439,464,0,0,16,60,60,93,93,426,47,76,89,123,123,123,123,123],"floor_reached":51,"language":"ENG","playtime":3390,"items_purged":["Pain","Strike_R","Strike_R"],"score":1711,"play_id":"b5cbe536-308c-43fb-a183-9cc76aeb83ee","local_time":"20210210152753","is_ascension_mode":true,"campfire_choices":[{"data":"Perfected Strike","floor":6,"key":"SMITH"},{"floor":8,"key":"REST"},{"floor":15,"key":"REST"},{"data":"Demon Form","floor":24,"key":"SMITH"},{"floor":28,"key":"REST"},{"floor":32,"key":"REST"},{"floor":41,"key":"REST"},{"floor":49,"key":"RECALL"}],"circlet_count":0,"master_deck":["AscendersBane","Strike_R","Strike_R","Strike_R","Defend_R","Defend_R","Defend_R","Defend_R+1","Bash","Perfected Strike+1","Cleave","Headbutt","Shrug It Off","Shrug It Off+1","Burning Pact","Dark Embrace","Demon Form+1","Blood for Blood+1","Uppercut","Clothesline","Bloodletting+1","True Grit","Clothesline","Feed","Disarm","Feel No Pain+1","Evolve","Shockwave","Dual Wield","Exhume","Impervious","Shockwave","Dual Wield"],"relics":["SlaversCollar","Lantern","Happy Flower","Self Forming Clay","MawBank","WarpedTongs","Smiling Mask","Akabeko","Bronze Scales","Snecko Eye","Regal Pillow","Omamori","Toy Ornithopter","Meat on the Bone","Calling Bell","Oddly Smooth Stone","Blue Candle","Torii","Calipers","War Paint","Pantograph","Prayer Wheel","Lee\u0027s Waffle","Shuriken","Vajra"],"acts_visited":["Exordium","TheCity","TheBeyond"],"potions_floor_usage":[8,16,27,31,39,48,51],"damage_taken":[{"damage":12,"enemies":"Cultist","floor":1,"turns":5},{"damage":5,"enemies":"Small Slimes","floor":2,"turns":3},{"damage":3,"enemies":"2 Louse","floor":4,"turns":2},{"damage":20,"enemies":"Lagavulin","floor":7,"turns":5},{"damage":9,"enemies":"3 Sentries","floor":10,"turns":5},{"damage":15,"enemies":"Gremlin Gang","floor":12,"turns":5},{"damage":11,"enemies":"Gremlin Nob","floor":13,"turns":3},{"damage":21,"enemies":"Hexaghost","floor":16,"turns":6},{"damage":41,"enemies":"Chosen","floor":18,"turns":6},{"damage":15,"enemies":"2 Thieves","floor":19,"turns":3},{"damage":6,"enemies":"Centurion and Healer","floor":22,"turns":4},{"damage":11,"enemies":"Gremlin Leader","floor":23,"turns":3},{"damage":15,"enemies":"Snecko","floor":25,"turns":4},{"damage":27,"enemies":"Book of Stabbing","floor":27,"turns":5},{"damage":21,"enemies":"Shelled Parasite and Fungi","floor":29,"turns":3},{"damage":15,"enemies":"Centurion and Healer","floor":30,"turns":4},{"damage":20,"enemies":"Slavers","floor":31,"turns":4},{"damage":73,"enemies":"Champ","floor":33,"turns":8},{"damage":10,"enemies":"3 Darklings","floor":35,"turns":5},{"damage":19,"enemies":"3 Shapes","floor":36,"turns":4},{"damage":30,"enemies":"Jaw Worm Horde","floor":39,"turns":4},{"damage":11,"enemies":"Nemesis","floor":40,"turns":9},{"damage":38,"enemies":"Reptomancer","floor":42,"turns":5},{"damage":8,"enemies":"Giant Head","floor":46,"turns":8},{"damage":1,"enemies":"4 Shapes","floor":47,"turns":7},{"damage":46,"enemies":"Reptomancer","floor":48,"turns":6},{"damage":67,"enemies":"Time Eater","floor":50,"turns":8},{"damage":68,"enemies":"Awakened One","floor":51,"turns":10}],"seed_played":"5509782810875144658","potions_obtained":[{"floor":7,"key":"Fruit Juice"},{"floor":13,"key":"Weak Potion"},{"floor":19,"key":"DuplicationPotion"},{"floor":22,"key":"FairyPotion"},{"floor":29,"key":"HeartOfIron"},{"floor":33,"key":"LiquidBronze"},{"floor":35,"key":"FearPotion"},{"floor":39,"key":"FearPotion"},{"floor":40,"key":"FearPotion"},{"floor":46,"key":"Dexterity Potion"}],"is_trial":false,"path_per_floor":["M","M","?","M","?","R","E","R","T","E","?","M","E","$","R","B",null,"M","M","$","?","M","E","R","M","T","E","R","M","M","E","R","B",null,"M","M","$","?","M","E","R","E","T","?","$","E","M","E","R","B","B"],"character_chosen":"IRONCLAD","items_purchased":["Akabeko","Bronze Scales","Dark Embrace","Block Potion","Evolve","Calipers","Impervious","Lee\u0027s Waffle","DuplicationPotion"],"campfire_rested":5,"item_purchase_floors":[14,14,14,20,37,37,45,45,45],"current_hp_per_floor":[56,51,40,37,37,37,17,43,43,34,34,19,8,8,29,8,57,16,1,1,83,77,66,66,51,51,24,63,42,27,12,51,36,71,64,49,49,49,40,41,84,58,58,58,101,93,104,63,63,33,0,0],"gold":123,"neow_bonus":"BOSS_RELIC","is_daily":false,"chose_seed":false,"campfire_upgraded":2,"win_rate":0.0,"timestamp":1612988873,"path_taken":["M","M","?","M","?","R","E","R","T","E","?","?","E","$","R","BOSS","M","?","?","?","M","E","R","M","T","E","R","M","M","E","R","BOSS","M","M","$","?","?","E","R","E","T","?","$","E","M","E","R","BOSS","BOSS"],"items_purchased_type":["Relic","Relic","Card","Potion","Card","Relic","Card","Relic","Potion"],"build_version":"2020-12-22","purchased_purges":3,"victory":false,"max_hp_per_floor":[75,75,75,75,68,68,68,73,73,73,73,73,73,73,73,73,73,73,73,73,83,83,83,83,83,83,83,83,83,83,83,83,83,83,86,90,90,90,94,94,94,94,94,94,101,101,113,113,113,113,113,113],"relic_stats":{"Regal Pillow":45,"Lee\u0027s Waffle":43,"Happy Flower":[43],"Torii":13,"counters":[28,144],"Self Forming Clay":[318],"Blue Candle":[7],"War Paint":["Shrug It Off","Defend_R"],"MawBank":48,"Smiling Mask":150,"WarpedTongs":[124],"Shuriken":[8],"Bronze Scales":[385],"Pantograph":50,"Snecko Eye":[231,221,217,226],"Prayer Wheel":1,"obtain_stats":[{"Lantern":3,"Regal Pillow":23,"Calipers":37,"Torii":34,"Vajra":48,"Smiling Mask":13,"Burning Blood":0,"Pantograph":40,"Prayer Wheel":42,"Lee\u0027s Waffle":45,"Happy Flower":7,"Golden Idol":5,"Self Forming Clay":9,"Blue Candle":34,"Oddly Smooth Stone":34,"Omamori":26,"War Paint":38,"MawBank":10,"Akabeko":14,"WarpedTongs":11,"Calling Bell":34,"SlaversCollar":0,"Shuriken":46,"Bronze Scales":14,"Snecko Eye":17,"Toy Ornithopter":27,"Meat on the Bone":31},{"Lantern":2,"Regal Pillow":12,"Calipers":20,"Torii":18,"Vajra":26,"Smiling Mask":7,"Burning Blood":0,"Pantograph":22,"Prayer Wheel":23,"Lee\u0027s Waffle":23,"Happy Flower":4,"Golden Idol":3,"Self Forming Clay":4,"Blue Candle":18,"Oddly Smooth Stone":18,"Omamori":13,"War Paint":20,"MawBank":5,"Akabeko":7,"WarpedTongs":5,"Calling Bell":18,"SlaversCollar":0,"Shuriken":24,"Bronze Scales":7,"Snecko Eye":8,"Toy Ornithopter":14,"Meat on the Bone":17},{"Lantern":8,"Regal Pillow":50,"Calipers":87,"Torii":78,"Vajra":126,"Smiling Mask":28,"Burning Blood":0,"Pantograph":100,"Prayer Wheel":105,"Lee\u0027s Waffle":105,"Happy Flower":15,"Golden Idol":10,"Self Forming Clay":15,"Blue Candle":78,"Oddly Smooth Stone":78,"Omamori":54,"War Paint":87,"MawBank":20,"Akabeko":28,"WarpedTongs":20,"Calling Bell":78,"SlaversCollar":0,"Shuriken":113,"Bronze Scales":28,"Snecko Eye":34,"Toy Ornithopter":59,"Meat on the Bone":70}],"Toy Ornithopter":20,"Meat on the Bone":60},"card_choices":[{"not_picked":["Armaments","Havoc"],"picked":"Perfected Strike","floor":1},{"not_picked":["Shrug It Off","Clothesline"],"picked":"Cleave","floor":2},{"not_picked":["Clothesline","Iron Wave"],"picked":"Headbutt","floor":4},{"not_picked":["Clothesline","Infernal Blade"],"picked":"Shrug It Off","floor":7},{"not_picked":["Body Slam","Sword Boomerang"],"picked":"Shrug It Off","floor":10},{"not_picked":["Rage","Cleave"],"picked":"Burning Pact","floor":12},{"not_picked":["Thunderclap","Armaments"],"picked":"Brutality","floor":13},{"not_picked":["Berserk","Exhume"],"picked":"Demon Form","floor":16},{"not_picked":["Searing Blow","Cleave"],"picked":"Blood for Blood+1","floor":18},{"not_picked":["Clash","Cleave"],"picked":"Uppercut","floor":19},{"not_picked":["Disarm","Inflame"],"picked":"Clothesline","floor":23},{"not_picked":["Thunderclap","Exhume"],"picked":"Bloodletting+1","floor":27},{"not_picked":["Sword Boomerang","Combust+1"],"picked":"True Grit","floor":30},{"not_picked":["Metallicize","Pommel Strike"],"picked":"Clothesline","floor":31},{"not_picked":["Demon Form","Berserk"],"picked":"Feed","floor":33},{"not_picked":["Combust","Burning Pact"],"picked":"Disarm","floor":35},{"not_picked":["Headbutt","Heavy Blade"],"picked":"Feel No Pain+1","floor":36},{"not_picked":["Wild Strike+1","Clothesline"],"picked":"Shockwave","floor":39},{"not_picked":["Wild Strike","Spot Weakness"],"picked":"Dual Wield","floor":40},{"not_picked":["Twin Strike","Warcry"],"picked":"Exhume","floor":42},{"not_picked":["Cleave","Clothesline+1"],"picked":"Shockwave","floor":46},{"not_picked":["Body Slam+1","Power Through"],"picked":"Dual Wield","floor":47},{"not_picked":["Rampage","Clash","Rage+1"],"picked":"SKIP","floor":47},{"not_picked":["Anger","Clothesline","Perfected Strike+1"],"picked":"SKIP","floor":48}],"player_experience":1441577,"relics_obtained":[{"floor":7,"key":"Happy Flower"},{"floor":9,"key":"Self Forming Clay"},{"floor":10,"key":"MawBank"},{"floor":13,"key":"Smiling Mask"},{"floor":23,"key":"Regal Pillow"},{"floor":26,"key":"Omamori"},{"floor":27,"key":"Toy Ornithopter"},{"floor":31,"key":"Meat on the Bone"},{"floor":34,"key":"Oddly Smooth Stone"},{"floor":34,"key":"Blue Candle"},{"floor":34,"key":"Torii"},{"floor":40,"key":"Pantograph"},{"floor":42,"key":"Prayer Wheel"},{"floor":46,"key":"Shuriken"},{"floor":48,"key":"Vajra"}],"event_choices":[{"damage_healed":0,"gold_gain":0,"player_choice":"Success","damage_taken":11,"relics_obtained":["Lantern"],"max_hp_gain":0,"max_hp_loss":0,"event_name":"Scrap Ooze","floor":3,"gold_loss":0},{"damage_healed":0,"gold_gain":0,"player_choice":"Lose Max HP","damage_taken":0,"relics_obtained":["Golden Idol"],"max_hp_gain":0,"max_hp_loss":7,"event_name":"Golden Idol","floor":5,"gold_loss":0},{"damage_healed":0,"gold_gain":0,"player_choice":"Rummage","damage_taken":0,"relics_obtained":["WarpedTongs"],"max_hp_gain":0,"max_hp_loss":0,"event_name":"Accursed Blacksmith","floor":11,"gold_loss":0,"cards_obtained":["Pain"]},{"cards_removed":["Brutality"],"damage_healed":72,"gold_gain":0,"player_choice":"Offered Rare","damage_taken":0,"max_hp_gain":10,"max_hp_loss":0,"event_name":"Bonfire Elementals","floor":21,"gold_loss":0},{"damage_healed":0,"gold_gain":0,"player_choice":"Gave Potion","damage_taken":0,"relics_obtained":["War Paint"],"max_hp_gain":0,"max_hp_loss":0,"event_name":"WeMeetAgain","floor":38,"gold_loss":0},{"damage_healed":0,"gold_gain":333,"player_choice":"Gave Idol","damage_taken":0,"max_hp_gain":0,"max_hp_loss":0,"event_name":"The Moai Head","floor":44,"relics_lost":["Golden Idol"],"gold_loss":0}],"is_beta":false,"boss_relics":[{"not_picked":["Cursed Key","Coffee Dripper"],"picked":"Snecko Eye"},{"not_picked":["Runic Cube","Empty Cage"],"picked":"Calling Bell"}],"items_purged_floors":[20,37,45],"is_endless":false,"potions_floor_spawned":[7,13,19,22,29,33,35,39,40,46],"killed_by":"Awakened One","ascension_level":20}}