{"host":"dl909bjyolgrn2uw","time":1612980336,"event":{"mods":["2.2 Compatiblity","AlwaysNeverKeys","BaseMod","Bestiary","Better Altar","Better Note","Better Sensory Stone","Better Skull","Better Vampires","Better-Laid Plans","BetterRewards","Colored Powertips","Curses Come First","Disable Question Mark Monsters","Displayed Cursed Tome","Emptier Cage","Evolution","Minty Spire (QoL Compilation)","Permanent Neow","Quick Restart","Rare Cards Sparkle","Relic Stats","Shop Mod","Spicy Shops","StSLib","SuperFastMode","Transform Curses"],"gold_per_floor":[119,119,137,80,92,127,127,162,232,252,262,627,655,670,670,747,747,758,88,104,121,135,135,168,168,194,225,225,254,266,297,297,370,370,388,402,415,415,465,518,544,544,544,561,289,317,335,370,370,370,370,370,370,48,78,78],"floor_reached":57,"language":"ENG","playtime":5111,"items_purged":[],"score":4444,"play_id":"70ba5890-fe89-4518-b766-bada31f1c355","local_time":"20210210120536","is_ascension_mode":true,"campfire_choices":[{"data":"Apotheosis","floor":7,"key":"SMITH"},{"floor":15,"key":"REST"},{"data":"Tactician","floor":23,"key":"SMITH"},{"floor":25,"key":"DIG"},{"floor":28,"key":"DIG"},{"floor":32,"key":"DIG"},{"floor":42,"key":"RECALL"},{"floor":49,"key":"DIG"},{"floor":53,"key":"DIG"}],"circlet_count":0,"master_deck":["AscendersBane","Sucker Punch","Dagger Spray+1","Sucker Punch","Dagger Spray","Sucker Punch","Dodge and Roll","Backflip","Dodge and Roll","Backflip","Dodge and Roll","Survivor","Neutralize+1","Apotheosis+1","Blade Dance","Deadly Poison","Sadistic Nature","Outmaneuver","Well Laid Plans","Leg Sweep","Acrobatics","PiercingWail","Outmaneuver","Wraith Form v2","Footwork","Skewer","Transmutation","Outmaneuver","Tactician+1","Noxious Fumes","After Image","Outmaneuver","Night Terror","Caltrops","Acrobatics"],"relics":["Ring of the Snake","EVO:Axolotl","Shuriken","Kunai","WingedGreaves","Sling","Matryoshka","Blood Vial","Gambling Chip","Bag of Preparation","Chemical X","Ice Cream","TwistedFunnel","OrangePellets","Bottled Lightning","Snake Skull","Art of War","Peace Pipe","Omamori","Oddly Smooth Stone","Meat on the Bone","Nunchaku","Philosopher\u0027s Stone","Shovel","Pantograph","Pear","Pen Nib","Bronze Scales","Pocketwatch","Tingsha","Whetstone","Bottled Flame","Singing Bowl","Cursed Key","Vajra","Anchor","Ancient Tea Set","InkBottle","HornCleat","Bottled Tornado","Blue Candle","TungstenRod","Toy Ornithopter"],"acts_visited":["Exordium","TheCity","TheBeyond","TheEnding"],"potions_floor_usage":[8],"damage_taken":[{"damage":0,"enemies":"2 Louse","floor":1,"turns":1},{"damage":0,"enemies":"Small Slimes","floor":3,"turns":2},{"damage":0,"enemies":"Cultist","floor":5,"turns":2},{"damage":0,"enemies":"Lagavulin","floor":6,"turns":4},{"damage":0,"enemies":"3 Sentries","floor":8,"turns":5},{"damage":0,"enemies":"Looter","floor":10,"turns":2},{"damage":0,"enemies":"Gremlin Gang","floor":11,"turns":1},{"damage":0,"enemies":"Lagavulin","floor":13,"turns":4},{"damage":3,"enemies":"Large Slime","floor":14,"turns":3},{"damage":0,"enemies":"Slime Boss","floor":16,"turns":3},{"damage":0,"enemies":"Shell Parasite","floor":18,"turns":3},{"damage":0,"enemies":"Spheric Guardian","floor":20,"turns":2},{"damage":0,"enemies":"Centurion and Healer","floor":21,"turns":5},{"damage":2,"enemies":"Shelled Parasite and Fungi","floor":22,"turns":3},{"damage":3,"enemies":"Slavers","floor":24,"turns":3},{"damage":0,"enemies":"Gremlin Leader","floor":27,"turns":4},{"damage":3,"enemies":"Slavers","floor":29,"turns":4},{"damage":0,"enemies":"3 Cultists","floor":30,"turns":2},{"damage":2,"enemies":"Book of Stabbing","floor":31,"turns":4},{"damage":0,"enemies":"Automaton","floor":33,"turns":5},{"damage":0,"enemies":"Orb Walker","floor":35,"turns":3},{"damage":0,"enemies":"3 Shapes","floor":36,"turns":3},{"damage":12,"enemies":"Spire Growth","floor":37,"turns":4},{"damage":6,"enemies":"Reptomancer","floor":40,"turns":5},{"damage":0,"enemies":"Nemesis","floor":41,"turns":5},{"damage":0,"enemies":"Jaw Worm Horde","floor":44,"turns":4},{"damage":0,"enemies":"Giant Head","floor":46,"turns":5},{"damage":0,"enemies":"3 Darklings","floor":47,"turns":2},{"damage":0,"enemies":"Nemesis","floor":48,"turns":3},{"damage":0,"enemies":"Awakened One","floor":50,"turns":8},{"damage":0,"enemies":"Time Eater","floor":51,"turns":4},{"damage":0,"enemies":"Shield and Spear","floor":55,"turns":6},{"damage":0,"enemies":"The Heart","floor":56,"turns":8}],"seed_played":"-7143928185135076136","potions_obtained":[{"floor":8,"key":"AttackPotion"},{"floor":11,"key":"LiquidMemories"}],"is_trial":false,"path_per_floor":["M","?","M","$","M","E","R","E","T","M","M","?","E","M","R","B",null,"M","$","M","M","M","R","E","R","T","E","R","E","M","E","R","B",null,"M","M","M","?","?","E","E","R","T","M","$","E","M","E","R","B","B",null,"R","$","E","B",null],"character_chosen":"THE_SILENT","items_purchased":["Shuriken","Kunai","WingedGreaves","Sling","Matryoshka","Blood Vial","Gambling Chip","Bag of Preparation","Chemical X","Ice Cream","Apotheosis","TwistedFunnel","OrangePellets","Bottled Lightning","Snake Skull","Art of War","Blade Dance","Energy Potion","PowerPotion","Well Laid Plans","Footwork","Shovel","Skewer","Transmutation","GhostInAJar","Ancient Tea Set","TungstenRod"],"campfire_rested":1,"item_purchase_floors":[0,0,0,0,0,0,0,0,0,0,0,0,0,0,0,0,0,0,0,4,19,19,19,19,45,45,54],"current_hp_per_floor":[66,66,68,68,70,71,71,71,71,71,71,34,36,47,68,70,71,71,71,71,71,69,69,68,78,78,80,80,78,80,79,79,81,81,83,85,75,87,87,81,83,83,83,87,87,91,93,95,95,95,95,95,95,95,97,97],"gold":78,"neow_bonus":"","is_daily":false,"chose_seed":false,"campfire_upgraded":2,"win_rate":0.0,"timestamp":1612980336,"path_taken":["M","?","M","?","M","E","R","E","T","M","M","?","E","M","R","BOSS","M","$","M","M","M","R","E","R","T","E","R","E","?","E","R","BOSS","M","M","M","?","?","E","E","R","T","M","$","E","?","E","R","BOSS","BOSS","R","$","E","BOSS"],"items_purchased_type":["Relic","Relic","Relic","Relic","Relic","Relic","Relic","Relic","Relic","Relic","Card","Relic","Relic","Relic","Relic","Relic","Card","Potion","Potion","Card","Card","Relic","Card","Card","Potion","Relic","Relic"],"build_version":"2020-12-22","purchased_purges":0,"victory":true,"max_hp_per_floor":[71,71,71,71,71,71,71,71,71,71,71,71,71,71,71,71,71,71,71,71,71,71,71,71,81,81,81,81,81,81,81,81,81,81,83,85,87,87,87,87,87,87,87,89,89,91,93,95,95,95,95,95,95,95,97,97],"relic_stats":{"Singing Bowl":34,"Snake Skull":[514],"Bag of Preparation":[66],"Whetstone":["Bane","Bane","Dagger Spray","Dagger Spray","Dagger Spray","Neutralize"],"Cursed Key":3,"Blood Vial":27,"Nunchaku":[17],"Shovel":5,"Gambling Chip":[273],"Pantograph":2,"Kunai":[63],"Chemical X":[84],"InkBottle":[21],"Ring of the Snake":[654],"counters":[361,1337],"Blue Candle":[2],"Tingsha":[303],"Pen Nib":[12],"Peace Pipe":1,"OrangePellets":[36],"Shuriken":[37],"Bronze Scales":[580],"Art of War":[44],"obtain_stats":[{"TwistedFunnel":0,"Whetstone":46,"Ginger":45,"Bottled Tornado":54,"Boot":48,"Sling":37,"Old Coin":40,"Blood Vial":9,"Sundial":7,"MealTicket":7,"Necronomicon":20,"Kunai":48,"Pear":9,"Blue Candle":53,"Tingsha":8,"Eternal Feather":9,"Pen Nib":24,"Paper Crane":12,"Akabeko":42,"Runic Dome":0,"SlaversCollar":34,"MutagenicStrength":22,"Bird Faced Urn":6,"Snecko Eye":17,"Pandora\u0027s Box":17,"StrikeDummy":31,"Regal Pillow":11,"Lantern":0,"Singing Bowl":9,"Torii":0,"StoneCalendar":28,"Bag of Preparation":46,"Ancient Tea Set":0,"Cursed Key":34,"Smiling Mask":7,"Shovel":45,"Matryoshka":0,"WristBlade":34,"Ninja Scroll":25,"WingedGreaves":36,"Chemical X":0,"InkBottle":43,"Ring of the Snake":0,"Potion Belt":26,"Inserter":17,"The Specimen":31,"Golden Idol":3,"Thread and Needle":43,"PreservedInsect":0,"The Courier":14,"Omamori":23,"Frozen Egg 2":29,"MawBank":12,"Busted Crown":34,"Ornamental Fan":47,"Bloody Idol":19,"Orrery":0,"Turnip":40,"Art of War":27,"Bottled Lightning":25,"Toy Ornithopter":48,"Ice Cream":19,"Mark of the Bloom":37,"Calipers":0,"Gremlin Horn":9,"CeramicFish":25,"Vajra":6,"HoveringKite":34,"EVO:Axolotl":0,"Centennial Puzzle":43,"Lizard Tail":45,"HornCleat":29,"DollysMirror":47,"Strawberry":27,"Prayer Wheel":0,"Philosopher\u0027s Stone":17,"Toxic Egg 2":37,"Girya":36,"Happy Flower":36,"Astrolabe":17,"Dead Branch":27,"Oddly Smooth Stone":0,"Letter Opener":26,"War Paint":12,"Question Card":12,"Du-Vu Doll":12,"OrangePellets":0,"Bottled Flame":47,"Shuriken":46,"Bronze Scales":26,"Molten Egg 2":43,"Meat on the Bone":47,"Pocketwatch":13,"Darkstone Periapt":24,"Mango":14,"Snake Skull":19,"Juzu Bracelet":8,"ClockworkSouvenir":47,"Dream Catcher":12,"Nunchaku":37,"Tough Bandages":54,"TheAbacus":36,"Mummified Hand":6,"Pantograph":6,"Gambling Chip":0,"Tiny Chest":27,"Red Mask":30,"Cracked Core":0,"Runic Pyramid":17,"Orichalcum":31,"Medical Kit":48,"White Beast Statue":40,"Mercury Hourglass":31,"Peace Pipe":44,"CaptainsWheel":42,"Anchor":26,"Coffee Dripper":0,"Bag of Marbles":0,"Membership Card":19,"FossilizedHelix":37,"TungstenRod":54},{"TwistedFunnel":143,"Whetstone":86,"Ginger":201,"Bottled Tornado":295,"Boot":87,"Sling":106,"Old Coin":138,"Blood Vial":148,"Sundial":208,"MealTicket":6,"Necronomicon":12,"Kunai":142,"Pear":302,"Blue Candle":359,"Tingsha":118,"Eternal Feather":209,"Pen Nib":14,"Paper Crane":68,"Akabeko":85,"Runic Dome":1,"SlaversCollar":224,"MutagenicStrength":156,"Bird Faced Urn":301,"Snecko Eye":305,"Pandora\u0027s Box":97,"StrikeDummy":79,"Regal Pillow":95,"Lantern":265,"Singing Bowl":6,"Torii":265,"StoneCalendar":78,"Bag of Preparation":202,"Ancient Tea Set":18,"Cursed Key":163,"Smiling Mask":177,"Shovel":110,"Matryoshka":328,"WristBlade":285,"Ninja Scroll":49,"WingedGreaves":82,"Chemical X":297,"InkBottle":139,"Ring of the Snake":0,"Potion Belt":49,"Inserter":28,"The Specimen":284,"Golden Idol":62,"Thread and Needle":108,"PreservedInsect":33,"The Courier":272,"Omamori":47,"Frozen Egg 2":192,"MawBank":181,"Busted Crown":52,"Ornamental Fan":59,"Bloody Idol":125,"Orrery":60,"Turnip":228,"Art of War":15,"Bottled Lightning":77,"Toy Ornithopter":142,"Ice Cream":12,"Mark of the Bloom":225,"Calipers":265,"Gremlin Horn":24,"CeramicFish":248,"Vajra":65,"HoveringKite":195,"EVO:Axolotl":0,"Centennial Puzzle":57,"Lizard Tail":292,"HornCleat":102,"DollysMirror":59,"Strawberry":101,"Prayer Wheel":88,"Philosopher\u0027s Stone":273,"Toxic Egg 2":165,"Girya":287,"Happy Flower":196,"Astrolabe":70,"Dead Branch":129,"Oddly Smooth Stone":60,"Letter Opener":14,"War Paint":41,"Question Card":211,"Du-Vu Doll":8,"OrangePellets":33,"Bottled Flame":202,"Shuriken":86,"Bronze Scales":219,"Molten Egg 2":85,"Meat on the Bone":59,"Pocketwatch":304,"Darkstone Periapt":128,"Mango":27,"Snake Skull":98,"Juzu Bracelet":24,"ClockworkSouvenir":59,"Dream Catcher":26,"Nunchaku":82,"Tough Bandages":263,"TheAbacus":196,"Mummified Hand":239,"Pantograph":38,"Gambling Chip":88,"Tiny Chest":159,"Red Mask":50,"Cracked Core":0,"Runic Pyramid":43,"Orichalcum":17,"Medical Kit":142,"White Beast Statue":56,"Mercury Hourglass":51,"Peace Pipe":58,"CaptainsWheel":57,"Anchor":77,"Coffee Dripper":0,"Bag of Marbles":173,"Membership Card":12,"FossilizedHelix":106,"TungstenRod":326},{"TwistedFunnel":611,"Whetstone":410,"Ginger":815,"Bottled Tornado":1108,"Boot":415,"Sling":499,"Old Coin":596,"Blood Vial":628,"Sundial":838,"MealTicket":19,"Necronomicon":38,"Kunai":608,"Pear":1126,"Blue Candle":1323,"Tingsha":545,"Eternal Feather":841,"Pen Nib":45,"Paper Crane":298,"Akabeko":405,"Runic Dome":1,"SlaversCollar":902,"MutagenicStrength":656,"Bird Faced Urn":1123,"Snecko Eye":1136,"Pandora\u0027s Box":462,"StrikeDummy":361,"Regal Pillow":453,"Lantern":1049,"Singing Bowl":19,"Torii":1049,"StoneCalendar":352,"Bag of Preparation":818,"Ancient Tea Set":58,"Cursed Key":683,"Smiling Mask":743,"Shovel":515,"Matryoshka":1215,"WristBlade":1089,"Ninja Scroll":216,"WingedGreaves":386,"Chemical X":1115,"InkBottle":601,"Ring of the Snake":0,"Potion Belt":216,"Inserter":101,"The Specimen":1085,"Golden Idol":283,"Thread and Needle":503,"PreservedInsect":129,"The Courier":1062,"Omamori":203,"Frozen Egg 2":789,"MawBank":755,"Busted Crown":236,"Ornamental Fan":275,"Bloody Idol":561,"Orrery":280,"Turnip":926,"Art of War":48,"Bottled Lightning":347,"Toy Ornithopter":608,"Ice Cream":38,"Mark of the Bloom":913,"Calipers":1049,"Gremlin Horn":75,"CeramicFish":996,"Vajra":292,"HoveringKite":801,"EVO:Axolotl":0,"Centennial Puzzle":264,"Lizard Tail":1100,"HornCleat":482,"DollysMirror":275,"Strawberry":479,"Prayer Wheel":422,"Philosopher\u0027s Stone":1067,"Toxic Egg 2":689,"Girya":1092,"Happy Flower":802,"Astrolabe":312,"Dead Branch":574,"Oddly Smooth Stone":280,"Letter Opener":45,"War Paint":165,"Question Card":848,"Du-Vu Doll":23,"OrangePellets":129,"Bottled Flame":818,"Shuriken":410,"Bronze Scales":878,"Molten Egg 2":405,"Meat on the Bone":275,"Pocketwatch":1132,"Darkstone Periapt":568,"Mango":90,"Snake Skull":468,"Juzu Bracelet":75,"ClockworkSouvenir":275,"Dream Catcher":86,"Nunchaku":386,"Tough Bandages":1040,"TheAbacus":802,"Mummified Hand":971,"Pantograph":148,"Gambling Chip":422,"Tiny Chest":665,"Red Mask":221,"Cracked Core":0,"Runic Pyramid":178,"Orichalcum":55,"Medical Kit":608,"White Beast Statue":258,"Mercury Hourglass":229,"Peace Pipe":270,"CaptainsWheel":264,"Anchor":347,"Coffee Dripper":0,"Bag of Marbles":735,"Membership Card":38,"FossilizedHelix":499,"TungstenRod":1205}],"TungstenRod":25,"Toy Ornithopter":0,"Meat on the Bone":12,"Pocketwatch":[29]},"card_choices":[{"not_picked":["Quick Slash","Accuracy"],"picked":"Deadly Poison","floor":1},{"not_picked":["Bandage Up","Chrysalis"],"picked":"Sadistic Nature","floor":2},{"not_picked":["Escape Plan","Quick Slash"],"picked":"Outmaneuver","floor":3},{"not_picked":["Slice","Eviscerate"],"picked":"Leg Sweep","floor":5},{"not_picked":["Flechettes","Cloak And Dagger"],"picked":"Acrobatics","floor":6},{"not_picked":["Backflip","Dash"],"picked":"PiercingWail","floor":8},{"not_picked":["Slice","Sucker Punch"],"picked":"Outmaneuver","floor":10},{"not_picked":["Setup","Dodge and Roll","Concentrate"],"picked":"SKIP","floor":11},{"not_picked":["Reflex","Underhanded Strike","Masterful Stab"],"picked":"SKIP","floor":13},{"not_picked":["Sucker Punch","Tactician","Deflect"],"picked":"SKIP","floor":14},{"not_picked":["Die Die Die","Venomology"],"picked":"Wraith Form v2","floor":16},{"not_picked":["Well Laid Plans+1","Bane","Distraction+1"],"picked":"SKIP","floor":18},{"not_picked":["Prepared","Calculated Gamble","Sucker Punch"],"picked":"SKIP","floor":20},{"not_picked":["Dagger Spray","Dodge and Roll"],"picked":"Outmaneuver","floor":21},{"not_picked":["Blade Dance","Slice"],"picked":"Tactician","floor":22},{"not_picked":["Blade Dance","Finisher"],"picked":"Noxious Fumes","floor":24},{"not_picked":["Cloak And Dagger","Dodge and Roll"],"picked":"After Image","floor":27},{"not_picked":["Blade Dance","Deadly Poison","Quick Slash"],"picked":"SKIP","floor":29},{"not_picked":["Cloak And Dagger","Concentrate+1"],"picked":"Outmaneuver","floor":30},{"not_picked":["Eviscerate","Infinite Blades","Masterful Stab"],"picked":"SKIP","floor":31},{"not_picked":["Storm of Steel","Glass Knife"],"picked":"Night Terror","floor":33},{"not_picked":["Dagger Spray+1","Quick Slash","Concentrate+1"],"picked":"Singing Bowl","floor":35},{"not_picked":["Poisoned Stab","Dagger Throw","All Out Attack+1"],"picked":"Singing Bowl","floor":36},{"not_picked":["Blade Dance","Deadly Poison","Backflip"],"picked":"Singing Bowl","floor":37},{"not_picked":["Dagger Throw","Skewer"],"picked":"Caltrops","floor":40},{"not_picked":["Dagger Throw+1","Calculated Gamble"],"picked":"Acrobatics","floor":41},{"not_picked":["Predator","Dodge and Roll+1","Flying Knee"],"picked":"Singing Bowl","floor":44},{"not_picked":["Leg Sweep","Dagger Throw","Skewer"],"picked":"Singing Bowl","floor":46},{"not_picked":["Cloak And Dagger+1","Dagger Spray+1","Bane"],"picked":"Singing Bowl","floor":47},{"not_picked":["Flying Knee","Bane","Tools of the Trade"],"picked":"Singing Bowl","floor":48},{"not_picked":["Escape Plan","Cloak And Dagger","Slice+1"],"picked":"Singing Bowl","floor":55}],"player_experience":375460,"relics_obtained":[{"floor":6,"key":"Peace Pipe"},{"floor":8,"key":"Omamori"},{"floor":9,"key":"Oddly Smooth Stone"},{"floor":9,"key":"Meat on the Bone"},{"floor":13,"key":"Nunchaku"},{"floor":24,"key":"Pantograph"},{"floor":25,"key":"Pear"},{"floor":26,"key":"Pen Nib"},{"floor":26,"key":"Bronze Scales"},{"floor":27,"key":"Pocketwatch"},{"floor":28,"key":"Tingsha"},{"floor":29,"key":"Whetstone"},{"floor":31,"key":"Bottled Flame"},{"floor":32,"key":"Singing Bowl"},{"floor":40,"key":"Vajra"},{"floor":41,"key":"Anchor"},{"floor":46,"key":"InkBottle"},{"floor":48,"key":"HornCleat"},{"floor":49,"key":"Bottled Tornado"},{"floor":53,"key":"Blue Candle"},{"floor":55,"key":"Toy Ornithopter"}],"event_choices":[{"damage_healed":0,"gold_gain":1,"player_choice":"1","damage_taken":0,"max_hp_gain":0,"max_hp_loss":0,"event_name":"betterStone:BetterStone","floor":2,"gold_loss":0},{"damage_healed":0,"gold_gain":365,"player_choice":"GO GO GO GO ","damage_taken":41,"relics_obtained":[],"max_hp_gain":0,"max_hp_loss":0,"event_name":"betterSkull:BetterSkull","floor":12,"gold_loss":0,"cards_upgraded":[]},{"damage_healed":17,"gold_gain":0,"player_choice":"Writhe","damage_taken":0,"max_hp_gain":0,"max_hp_loss":0,"event_name":"Winding Halls","floor":38,"gold_loss":0,"cards_obtained":["Writhe"]},{"damage_healed":0,"gold_gain":50,"player_choice":"Pray","damage_taken":0,"max_hp_gain":0,"max_hp_loss":0,"event_name":"Golden Shrine","floor":39,"gold_loss":0}],"is_beta":false,"boss_relics":[{"not_picked":["SacredBark","Velvet Choker"],"picked":"Philosopher\u0027s Stone"},{"not_picked":["Ring of the Serpent","Empty Cage"],"picked":"Cursed Key"}],"items_purged_floors":[],"is_endless":false,"potions_floor_spawned":[8,11,13,16,18,20,22,30,33,35,37,44,46,47],"ascension_level":20}}