{"host":"eikmiibqtzng2g05","time":1612939839,"event":{"mods":["2.2 Compatiblity","BaseMod","Better Altar","Better Match","Better Note","Better Sensory Stone","Better Silent Start","Better Skull","Better Third Choice","Better Vampires","Colored Map","Custom Start","DeckTracker","Disable Question Mark Monsters","Displayed Cursed Tome","Downfall","Googly Eyes","Highlight Path","Minty Spire (QoL Compilation)","Quick Restart","RRrroohrrRGHHhhh!!","Random Character Button","Replay The Spire","Spicy Shops","StSLib","Synergy Search","The Bug Knight","The Construct","The Cursed","The Disciple","The Kombatant","The Poker Player","Thieving Mod"],"gold_per_floor":[99,115,115,125,125,125,200,212,14,14,34,47,47,67,77,179,179,179,194,211,228,36,51,51,51,251,269,280,280,280,380,394,495,495,495,507,607,707,719,719,719,18,18,34,84,134,184,234,246,246,246,246],"floor_reached":50,"language":"ENG","playtime":4827,"items_purged":["Guardian:Strike_Guardian","Guardian:Strike_Guardian"],"score":486,"play_id":"5604fd66-e2ab-44fc-aa9a-cb7ba0c5df25","local_time":"20210210005039","is_ascension_mode":false,"campfire_choices":[{"data":"Guardian:ShieldCharger","floor":13.0,"key":"SMITH"},{"data":"Replay:GuardianBash","floor":25.0,"key":"SMITH"},{"data":"Guardian:RollAttack","floor":30.0,"key":"SMITH"},{"data":"Guardian:RollAttack","floor":35.0,"key":"SMITH"},{"data":"Guardian:ChargeCore","floor":40.0,"key":"SMITH"},{"data":"Inflame","floor":43.0,"key":"SMITH"}],"circlet_count":0,"master_deck":["Guardian:Strike_Guardian","Guardian:Defend_Guardian","Guardian:Defend_Guardian","Guardian:Defend_Guardian","Guardian:TwinSlam","Guardian:RollAttack+1","Guardian:RollAttack+1","Replay:GuardianBash+1","Guardian:TemporalShield","Guardian:ShieldCharger+1","Guardian:RevengeProtocol","Guardian:RevengeProtocol","Swift Strike","Guardian:PiercingHide+1","Guardian:ChargeCore+1","Guardian:Suspension","Guardian:StasisField","Guardian:Clone+1","Guardian:PiercingHide+1","Guardian:AncientConstruct","Guardian:ShieldCharger+1","Guardian:FloatingOrbs","Guardian:PolyBeam+1","Inflame+1","Guardian:PiercingHide+1","Clumsy","expansioncontent:DashGenerateEvil","Guardian:Gem_Orange","Madness","Guardian:Gem_Red","Guardian:TemporalShield+1"],"relics":["m_GuardianBlood","Meat on the Bone","Anchor","Sozu","Sundial","Pet Ghost","downfall:CloakOfManyFaces","CultistMask","FaceOfCleric","NlothsMask","GremlinMask","SsserpentHead","Black Star","Quantum Egg","Gambling Chip","Vajra","DollysMirror","Juzu Bracelet","PreservedInsect","Blue Candle","downfall:TeleportStone"],"acts_visited":["Exordium","TheCity","TheBeyond"],"potions_floor_usage":[50],"damage_taken":[{"damage":7.0,"enemies":"2 Louse","floor":2.0,"turns":2.0},{"damage":0.0,"enemies":"Small Slimes","floor":4.0,"turns":4.0},{"damage":11.0,"enemies":"Jaw Worm","floor":8.0,"turns":2.0},{"damage":5.0,"enemies":"downfall:FleeingMerchant","floor":9.0,"turns":4.0},{"damage":0.0,"enemies":"3 Louse","floor":11.0,"turns":4.0},{"damage":0.0,"enemies":"2 Fungi Beasts","floor":12.0,"turns":3.0},{"damage":7.0,"enemies":"Exordium Thugs","floor":14.0,"turns":3.0},{"damage":0.0,"enemies":"Large Slime","floor":15.0,"turns":3.0},{"damage":33.0,"enemies":"DF_ARCHETYPE_STREAMLINE","floor":16.0,"turns":14.0},{"damage":5.0,"enemies":"Shell Parasite","floor":19.0,"turns":5.0},{"damage":0.0,"enemies":"Spheric Guardian","floor":20.0,"turns":4.0},{"damage":5.0,"enemies":"Snake Plant","floor":21.0,"turns":4.0},{"damage":0.0,"enemies":"downfall:FleeingMerchant","floor":22.0,"turns":4.0},{"damage":3.0,"enemies":"Snecko","floor":23.0,"turns":6.0},{"damage":0.0,"enemies":"Centurion and Healer","floor":27.0,"turns":5.0},{"damage":0.0,"enemies":"Sentry and Sphere","floor":28.0,"turns":7.0},{"damage":0.0,"enemies":"downfall:FaceTrader","floor":31.0,"turns":7.0},{"damage":3.0,"enemies":"Snecko","floor":32.0,"turns":5.0},{"damage":15.0,"enemies":"WA_ARCHETYPE_CALM","floor":33.0,"turns":9.0},{"damage":0.0,"enemies":"3 Shapes","floor":36.0,"turns":6.0},{"damage":0.0,"enemies":"3 Shapes","floor":38.0,"turns":7.0},{"damage":0.0,"enemies":"3 Darklings","floor":39.0,"turns":5.0},{"damage":2.0,"enemies":"downfall:FleeingMerchant","floor":42.0,"turns":4.0},{"damage":1.0,"enemies":"Writhing Mass","floor":44.0,"turns":6.0},{"damage":6.0,"enemies":"4 Shapes","floor":49.0,"turns":6.0},{"damage":101,"enemies":"SI_POISON_ARCHETYPE","floor":50,"turns":5}],"seed_played":"6443365535519659034","potions_obtained":[{"floor":11.0,"key":"Elixir"},{"floor":12.0,"key":"Guardian:BlockOnCardUsePotion"},{"floor":14.0,"key":"Swift Potion"}],"is_trial":false,"path_per_floor":["R_BF","M","?","M","?","?","T","M","$","?","M","M","R","M","M","B",null,"R_BF","M","M","M","$","M","T","R","?","M","M","T","R","?","M","B",null,"R","M","?","?","M","R","T","$","R","M","?","?","?","?","M","B"],"character_chosen":"GUARDIAN","items_purchased":["Guardian:RevengeProtocol","Guardian:Gem_White","Vajra","DollysMirror","Juzu Bracelet","PreservedInsect","expansioncontent:DashGenerateEvil"],"campfire_rested":0,"item_purchase_floors":[9,22,42,42,42,42,42],"current_hp_per_floor":[88,81,81,81,81,81,81,76,77,77,83,88,88,87,88,61,88,88,88,88,88,88,88,88,88,88,88,88,88,88,88,89,81,90,90,91,55,62,69,69,69,74,74,80,80,80,75,75,76,0,0,0],"gold":246,"neow_bonus":"TEN_PERCENT_HP_BONUS","is_daily":false,"chose_seed":false,"campfire_upgraded":6,"win_rate":0.0,"timestamp":1612939839,"path_taken":["R_BF","M","?","M","?","?","T","M","$","?","M","M","R","M","M","BOSS","R_BF","M","M","M","$","M","T","R","?","M","M","?","R","?","M","BOSS","R","M","?","?","M","R","T","$","R","M","?","?","?","?","M","BOSS"],"items_purchased_type":["Card","Card","Relic","Relic","Relic","Relic","Card"],"build_version":"2020-12-22","purchased_purges":2,"victory":false,"max_hp_per_floor":[88,88,88,88,88,88,88,88,88,88,88,88,88,88,88,88,88,88,88,88,88,88,88,88,88,88,88,88,88,88,88,89,90,90,90,91,91,92,93,93,93,94,94,95,95,95,95,95,96,96,96,96],"card_choices":[{"not_picked":["Guardian:VentSteam","Guardian:SentryBeam"],"picked":"Guardian:RollAttack","floor":2.0},{"not_picked":["Guardian:Gem_Green","Guardian:TimeCapacitor"],"picked":"Guardian:RollAttack","floor":4.0},{"not_picked":["Guardian:Incinerate","Guardian:TemporalStrike"],"picked":"Guardian:TemporalShield","floor":8.0},{"not_picked":["Guardian:Gem_Green","Guardian:Preprogram"],"picked":"Guardian:ShieldCharger","floor":9.0},{"not_picked":["Replay:Sssssssssstrike","Midas Touch"],"picked":"Swift Strike","floor":10.0},{"not_picked":["Twin Strike","Entrench"],"picked":"Guardian:PiercingHide","floor":11.0},{"not_picked":["Guardian:TemporalStrike","Thunderclap","Guardian:TemporalShield"],"picked":"SKIP","floor":12.0},{"not_picked":["Guardian:Gem_White","Guardian:Harden"],"picked":"Guardian:ChargeCore","floor":14.0},{"not_picked":["Guardian:RefractedBeam","Guardian:ChargeCore"],"picked":"Guardian:Suspension","floor":15.0},{"not_picked":["Guardian:RevengeProtocol","Guardian:BaubleBeam"],"picked":"Guardian:StasisField","floor":16.0},{"not_picked":["Guardian:ChargeCore","Guardian:TemporalShield","Guardian:BronzeOrb"],"picked":"SKIP","floor":19.0},{"not_picked":["Guardian:Repulse+1","Guardian:PrismaticBarrier"],"picked":"Guardian:Clone+1","floor":20.0},{"not_picked":["Guardian:Gem_Fragmented","Guardian:CrystalBeam"],"picked":"Guardian:PiercingHide+1","floor":21.0},{"not_picked":["Guardian:SentryBeam","Guardian:ChargeCore","Guardian:WalkerClaw+1"],"picked":"SKIP","floor":22.0},{"not_picked":["Guardian:RefractedBeam+1","Guardian:VentSteam+1"],"picked":"Guardian:Gem_Green","floor":23.0},{"not_picked":["Guardian:Clone","Guardian:CrystalBeam+1"],"picked":"Guardian:Gem_Lightblue","floor":27.0},{"not_picked":["Guardian:CrystalBeam+1","Guardian:ShieldCharger"],"picked":"Guardian:AncientConstruct","floor":28.0},{"not_picked":["Guardian:VentSteam","Guardian:Gem_White"],"picked":"Guardian:ShieldCharger+1","floor":31.0},{"not_picked":["Guardian:Planning+1","Guardian:Reroute"],"picked":"Guardian:FloatingOrbs","floor":32.0},{"not_picked":["Guardian:BaubleBeam","Guardian:HyperBeam_Guardian"],"picked":"Guardian:Gem_Synthetic","floor":33.0},{"not_picked":["Guardian:GuardianWhirl+1","Guardian:RollAttack"],"picked":"Guardian:Gem_Blue","floor":36.0},{"not_picked":["Guardian:VentSteam+1","Guardian:Clone+1"],"picked":"Guardian:PolyBeam+1","floor":37.0},{"not_picked":["Guardian:PiercingHide+1","Guardian:Gem_Cyan"],"picked":"Guardian:Gem_Blue","floor":38.0},{"not_picked":["Guardian:Gem_Green","Guardian:Reroute"],"picked":"Inflame","floor":39.0},{"not_picked":["Guardian:Gem_Lightblue","Guardian:TimeCapacitor+1","Guardian:ChargeCore"],"picked":"SKIP","floor":42.0},{"not_picked":["Guardian:Planning+1","Guardian:Gem_Lightblue","Guardian:Preprogram+1"],"picked":"SKIP","floor":44.0},{"not_picked":["Guardian:WeakpointTargeting+1","Limit Break+1"],"picked":"Guardian:Gem_Orange","floor":45.0},{"not_picked":["Guardian:Gem_Purple","Guardian:ShieldCharger+1"],"picked":"Guardian:TemporalShield+1","floor":49.0}],"player_experience":398297,"relics_obtained":[{"floor":7.0,"key":"Meat on the Bone"},{"floor":24.0,"key":"Sundial"},{"floor":29.0,"key":"Pet Ghost"},{"floor":31.0,"key":"downfall:CloakOfManyFaces"},{"floor":37.0,"key":"Quantum Egg"},{"floor":38.0,"key":"Gambling Chip"}],"event_choices":[{"damage_healed":0.0,"max_hp_gain":0.0,"max_hp_loss":0.0,"gold_gain":1.0,"event_name":"betterStone:BetterStone","player_choice":"1","floor":10.0,"gold_loss":0.0,"damage_taken":0.0},{"damage_healed":0.0,"max_hp_gain":0.0,"max_hp_loss":0.0,"gold_gain":0.0,"event_name":"betterMatch:BetterMatch","player_choice":"2","floor":45.0,"gold_loss":0.0,"damage_taken":0.0,"cards_obtained":["betterMatch:RareCard"]}],"is_beta":false,"boss_relics":[{"not_picked":["Philosopher\u0027s Stone","Cursed Key"],"picked":"Sozu"},{"not_picked":["Replay:Bronze Core","SacredBark"],"picked":"Black Star"}],"items_purged_floors":[9,22],"is_endless":false,"potions_floor_spawned":[11,12,14,16,19,20,23,27,33,38,39,49],"killed_by":"SI_POISON_ARCHETYPE","ascension_level":0}}