{"host":"6ppucmbu28e4pclv","time":1612938737,"event":{"mods":["BaseMod","Colored Map","DeckTracker","Minty Spire (QoL Compilation)","StSLib"],"gold_per_floor":[112,122,122,138,138,138,64,64,64,76,76,89,118,134,134,210,210,222,222,222,24,24,51,51,83,107,107,107],"floor_reached":27,"language":"ENG","playtime":958,"items_purged":["Strike_P"],"score":493,"play_id":"f40a9774-4cd6-4e17-b43f-419dd061688f","local_time":"20210209223217","is_ascension_mode":true,"campfire_choices":[{"data":"Trip","floor":6,"key":"SMITH"},{"data":"ClearTheMind","floor":8,"key":"SMITH"},{"data":"Protect","floor":15,"key":"SMITH"},{"data":"RitualDagger","floor":24,"key":"SMITH"}],"circlet_count":0,"master_deck":["AscendersBane","Strike_P","Strike_P","Strike_P","Defend_P","Defend_P","Defend_P","Eruption+1","Vigilance","Trip+1","Weave","Sanctity","Tantrum","FlurryOfBlows","ClearTheMind+1","BattleHymn","Protect+1","JustLucky","Protect","Scrawl","CurseOfTheBell","Pray","RitualDagger+1","J.A.X.","Crescendo+1","FlurryOfBlows","CutThroughFate","FlurryOfBlows","ClearTheMind"],"relics":["PureWater","TungstenRod","Nunchaku","Calling Bell","CaptainsWheel","Darkstone Periapt","Omamori","Oddly Smooth Stone","Question Card","Anchor"],"acts_visited":["Exordium","TheCity"],"potions_floor_usage":[14,16,23,27],"damage_taken":[{"damage":10,"enemies":"2 Louse","floor":1,"turns":3},{"damage":3,"enemies":"Jaw Worm","floor":2,"turns":4},{"damage":0,"enemies":"Cultist","floor":4,"turns":3},{"damage":2,"enemies":"Looter","floor":10,"turns":3},{"damage":6,"enemies":"Large Slime","floor":12,"turns":3},{"damage":1,"enemies":"Lagavulin","floor":13,"turns":5},{"damage":10,"enemies":"Lots of Slimes","floor":14,"turns":4},{"damage":0,"enemies":"Slime Boss","floor":16,"turns":5},{"damage":1,"enemies":"Shell Parasite","floor":18,"turns":6},{"damage":16,"enemies":"Slavers","floor":23,"turns":3},{"damage":32,"enemies":"Book of Stabbing","floor":25,"turns":5},{"damage":10,"enemies":"Slavers","floor":27,"turns":1}],"seed_played":"869600453395264051","potions_obtained":[{"floor":4,"key":"Ambrosia"},{"floor":12,"key":"EssenceOfSteel"},{"floor":18,"key":"DistilledChaos"},{"floor":25,"key":"BlessingOfTheForge"}],"is_trial":false,"path_per_floor":["M","M","?","M","?","R","$","R","T","M","?","M","E","M","R","B",null,"M","?","?","$","?","E","R","E","T","E"],"character_chosen":"WATCHER","items_purchased":["FlurryOfBlows","ClearTheMind","Crescendo","FlurryOfBlows","CutThroughFate"],"campfire_rested":0,"item_purchase_floors":[7,7,21,21,21],"current_hp_per_floor":[55,52,52,52,45,45,45,45,45,43,43,37,36,26,26,26,61,60,55,55,55,55,39,39,7,7,0,0],"gold":107,"neow_bonus":"RANDOM_COLORLESS","is_daily":false,"chose_seed":false,"campfire_upgraded":4,"win_rate":0.0,"timestamp":1612938737,"path_taken":["M","M","?","M","?","R","?","R","T","M","?","M","E","M","R","BOSS","M","?","?","$","?","E","R","E","T","E"],"items_purchased_type":["Card","Card","Card","Card","Card"],"build_version":"2020-12-22","purchased_purges":1,"victory":false,"max_hp_per_floor":[72,72,72,72,72,72,72,72,72,72,72,72,72,72,72,72,72,72,72,72,72,72,72,72,72,72,72,72],"card_choices":[{"not_picked":["Finesse","Deep Breath"],"picked":"Trip","floor":0},{"not_picked":["PathToVictory","ClearTheMind"],"picked":"Weave","floor":1},{"not_picked":["SashWhip","Halt"],"picked":"Sanctity","floor":2},{"not_picked":["Protect","EmptyFist"],"picked":"Tantrum","floor":4},{"not_picked":["Conclude","BowlingBash"],"picked":"BattleHymn","floor":10},{"not_picked":["Consecrate","SashWhip"],"picked":"Protect","floor":12},{"not_picked":["Halt","FlyingSleeves"],"picked":"JustLucky","floor":13},{"not_picked":["CutThroughFate","Establishment"],"picked":"Protect","floor":14},{"not_picked":["ConjureBlade","DeusExMachina"],"picked":"Scrawl","floor":16},{"not_picked":["EmptyFist","ThirdEye"],"picked":"Pray","floor":18},{"not_picked":["BowlingBash","CrushJoints"],"picked":"FlurryOfBlows","floor":23},{"not_picked":["Collect","Vault"],"picked":"ClearTheMind","floor":25}],"player_experience":875075,"relics_obtained":[{"floor":9,"key":"TungstenRod"},{"floor":13,"key":"Nunchaku"},{"floor":17,"key":"CaptainsWheel"},{"floor":17,"key":"Darkstone Periapt"},{"floor":17,"key":"Omamori"},{"floor":23,"key":"Oddly Smooth Stone"},{"floor":25,"key":"Question Card"},{"floor":26,"key":"Anchor"}],"event_choices":[{"damage_healed":0,"gold_gain":0,"player_choice":"Grow","damage_taken":0,"max_hp_gain":0,"max_hp_loss":0,"event_name":"Living Wall","floor":3,"gold_loss":0,"cards_upgraded":["Eruption"]},{"cards_removed":["Defend_P"],"damage_healed":0,"gold_gain":0,"player_choice":"Card Removal","damage_taken":7,"max_hp_gain":0,"max_hp_loss":0,"event_name":"Golden Wing","floor":5,"gold_loss":0},{"damage_healed":0,"gold_gain":0,"player_choice":"Ignored","damage_taken":0,"max_hp_gain":0,"max_hp_loss":0,"event_name":"Liars Game","floor":11,"gold_loss":0},{"damage_healed":0,"gold_gain":0,"player_choice":"Joined the Cult","damage_taken":6,"max_hp_gain":0,"max_hp_loss":0,"event_name":"Nest","floor":19,"gold_loss":0,"cards_obtained":["RitualDagger"]},{"damage_healed":0,"gold_gain":0,"player_choice":"Obtain J.A.X.","damage_taken":0,"max_hp_gain":0,"max_hp_loss":0,"event_name":"Drug Dealer","floor":20,"gold_loss":0,"cards_obtained":["J.A.X."]},{"damage_healed":0,"gold_gain":0,"player_choice":"Forge","damage_taken":0,"max_hp_gain":0,"max_hp_loss":0,"event_name":"Accursed Blacksmith","floor":22,"gold_loss":0,"cards_upgraded":["Crescendo"]}],"is_beta":false,"boss_relics":[{"not_picked":["Snecko Eye","VioletLotus"],"picked":"Calling Bell"}],"items_purged_floors":[21],"is_endless":false,"potions_floor_spawned":[4,12,13,18,25],"killed_by":"Slavers","ascension_level":13}}