{"host":"at5b10nm0iti0w4x","time":1612922324,"event":{"mods":["2.2 Compatiblity","AchievementEnabler","BaseMod","Bestiary","Block Reminder","Colored Map","Colored Powertips","Highlight Path","Keyboard Shortcuts","Minty Spire (QoL Compilation)","Quick Restart","Relic Stats","Slay the Relics Exporter","StSLib","SuperFastMode","Unknown Chances"],"gold_per_floor":[109,128,128,128,144,144,160,179,179,179,196,196,213,224,224,323,323,337,337,139,149,160,170,170,185,185,71,89,89,89,105,105,105,105],"floor_reached":33,"language":"ENG","playtime":1483,"items_purged":["Strike_G"],"score":270,"play_id":"da94e1d6-02b4-4a75-b3a2-1c1f73eb4c6e","local_time":"20210209205844","is_ascension_mode":false,"campfire_choices":[{"data":"Neutralize","floor":6,"key":"SMITH"},{"data":"Tools of the Trade","floor":12,"key":"SMITH"},{"data":"Crippling Poison","floor":15,"key":"SMITH"},{"floor":24,"key":"REST"},{"data":"Well Laid Plans","floor":29,"key":"SMITH"},{"floor":32,"key":"REST"}],"circlet_count":0,"master_deck":["Strike_G","Strike_G","Strike_G","Defend_G","Defend_G","Defend_G","Defend_G","Defend_G","Survivor","Neutralize+1","Blade Dance","Backstab","Flying Knee","Crippling Poison+1","Tools of the Trade+1","Deadly Poison","Footwork","Slice","Corpse Explosion","Terror+1","Well Laid Plans+1","Cloak And Dagger+1","Bouncing Flask+1","Backflip","Blur","Footwork","Backstab","Calculated Gamble"],"relics":["Ring of the Snake"],"acts_visited":["Exordium","TheCity"],"potions_floor_usage":[18,23,33,33],"damage_taken":[{"damage":0,"enemies":"Small Slimes","floor":1,"turns":4},{"damage":0,"enemies":"2 Louse","floor":2,"turns":2},{"damage":0,"enemies":"Jaw Worm","floor":5,"turns":3},{"damage":6,"enemies":"Exordium Wildlife","floor":7,"turns":5},{"damage":5,"enemies":"Looter","floor":8,"turns":2},{"damage":11,"enemies":"Gremlin Gang","floor":11,"turns":5},{"damage":0,"enemies":"3 Louse","floor":13,"turns":4},{"damage":5,"enemies":"Looter","floor":14,"turns":2},{"damage":37,"enemies":"Slime Boss","floor":16,"turns":13},{"damage":36,"enemies":"Spheric Guardian","floor":18,"turns":8},{"damage":9,"enemies":"2 Thieves","floor":21,"turns":2},{"damage":16,"enemies":"Snake Plant","floor":22,"turns":5},{"damage":3,"enemies":"Centurion and Healer","floor":23,"turns":5},{"damage":10,"enemies":"Cultist and Chosen","floor":25,"turns":7},{"damage":6,"enemies":"Snecko","floor":28,"turns":8},{"damage":9,"enemies":"Centurion and Healer","floor":31,"turns":7},{"damage":44,"enemies":"Champ","floor":33,"turns":14}],"seed_played":"-3726519780590952601","potions_obtained":[{"floor":8,"key":"LiquidBronze"},{"floor":11,"key":"AttackPotion"},{"floor":13,"key":"FearPotion"},{"floor":14,"key":"EssenceOfSteel"},{"floor":25,"key":"Weak Potion"},{"floor":31,"key":"Energy Potion"}],"is_trial":false,"path_per_floor":["M","M","?","?","M","R","M","M","T","T","M","R","M","M","R","B",null,"M","?","$","M","M","M","R","M","T","$","M","R","?","M","R","B"],"character_chosen":"THE_SILENT","items_purchased":["Well Laid Plans","Block Potion","Footwork","Backstab"],"campfire_rested":2,"item_purchase_floors":[20,20,27,27],"current_hp_per_floor":[77,77,82,82,82,82,76,71,71,71,60,60,60,55,55,18,82,46,46,46,37,21,18,42,32,32,32,26,26,26,17,41,0,0],"gold":105,"neow_bonus":"TEN_PERCENT_HP_BONUS","is_daily":false,"chose_seed":false,"campfire_upgraded":4,"win_rate":0.0,"timestamp":1612922324,"path_taken":["M","M","?","?","M","R","M","M","T","?","M","R","M","?","R","BOSS","M","?","$","M","?","M","R","M","T","$","M","R","?","M","R","BOSS"],"items_purchased_type":["Card","Potion","Card","Card"],"build_version":"2020-12-22","purchased_purges":1,"victory":false,"max_hp_per_floor":[77,77,82,82,82,82,82,82,82,82,82,82,82,82,82,82,82,82,82,82,82,82,82,82,82,82,82,82,82,82,82,82,82,82],"relic_stats":{"counters":[17,96],"obtain_stats":[{"Ring of the Snake":0},{"Ring of the Snake":0},{"Ring of the Snake":0}],"Ring of the Snake":[34]},"card_choices":[{"not_picked":["Quick Slash","Escape Plan"],"picked":"Blade Dance","floor":1},{"not_picked":["Outmaneuver","Expertise"],"picked":"Backstab","floor":2},{"not_picked":["Cloak And Dagger","Bane"],"picked":"Flying Knee","floor":5},{"not_picked":["Bane","Deflect"],"picked":"Crippling Poison","floor":7},{"not_picked":["Sucker Punch","Dash"],"picked":"Tools of the Trade","floor":8},{"not_picked":["Leg Sweep","Masterful Stab"],"picked":"Deadly Poison","floor":11},{"not_picked":["Quick Slash","Concentrate"],"picked":"Footwork","floor":13},{"not_picked":["Poisoned Stab","Acrobatics"],"picked":"Slice","floor":14},{"not_picked":["Venomology","A Thousand Cuts"],"picked":"Corpse Explosion","floor":16},{"not_picked":["All Out Attack+1","Backflip"],"picked":"Terror+1","floor":18},{"not_picked":["Deadly Poison","Accuracy"],"picked":"Cloak And Dagger+1","floor":21},{"not_picked":["Terror","Finisher"],"picked":"Bouncing Flask+1","floor":22},{"not_picked":["Predator","Caltrops"],"picked":"Backflip","floor":23},{"not_picked":["Distraction","Cloak And Dagger"],"picked":"Blur","floor":25},{"not_picked":["Distraction","Dodge and Roll"],"picked":"Calculated Gamble","floor":28},{"not_picked":["Well Laid Plans","Acrobatics","Flying Knee"],"picked":"SKIP","floor":31}],"player_experience":90928,"relics_obtained":[],"event_choices":[{"damage_healed":0,"gold_gain":0,"player_choice":"Donut","damage_taken":0,"max_hp_gain":5,"max_hp_loss":0,"event_name":"Big Fish","floor":3,"gold_loss":0},{"damage_healed":0,"gold_gain":0,"player_choice":"Fled","damage_taken":0,"max_hp_gain":0,"max_hp_loss":0,"event_name":"Scrap Ooze","floor":4,"gold_loss":0},{"cards_removed":["Strike_G"],"damage_healed":0,"gold_gain":0,"player_choice":"Purged","damage_taken":0,"max_hp_gain":0,"max_hp_loss":0,"event_name":"Purifier","floor":19,"gold_loss":0}],"is_beta":false,"boss_relics":[{"not_picked":[]}],"items_purged_floors":[20],"is_endless":false,"potions_floor_spawned":[8,11,13,14,22,25,28,31],"killed_by":"Champ","ascension_level":0}}