{"host":"8a72fthmlk1o8pdb","time":1612937341,"event":{"mods":["AchievementEnabler","Aspiration","Astrologer","Bard","BaseMod","Beaked The Cultist","Better Sensory Stone","Better Skull","Better Third Choice","ChefMod","Colored Map","Colored Powertips","Dark Map","Downfall","Friendly Minions","GifTheSpireLib","Googly Eyes","Gremlin Mod","Hermit","Hubris","JesterMod","Jorbs\u0027s Wanderer Trilogy","Marisa????????","Minty Spire (QoL Compilation)","Permanent Neow","Random Character Button","Rare Cards Sparkle","Relic Stats","Reliquary","Robot Space Explorer","Shade Mod","Shop Mod","Somnambulant","StSLib","The Animator","The Blue Laboratory","The Construct","The Cursed","The Disciple","The Hayseed","The Hierophant","The Jungle","The Marked","The Mystic","The Necromancer","The Poker Player","The Problem Sleuth","The Runesmith","thorton"],"gold_per_floor":[119,138,138,138,152,152,32,48,48,65,65,65,100,115,115,212,212,232,244,255,89,89,89],"floor_reached":22,"language":"ENG","playtime":1045,"items_purged":["Strike_P","Strike_P"],"score":188,"play_id":"34b48968-095f-4cd9-961a-b128cfb72e65","local_time":"20210209220901","is_ascension_mode":false,"campfire_choices":[{"data":"Crescendo","floor":6,"key":"SMITH"},{"data":"Halt","floor":11,"key":"SMITH"},{"floor":15,"key":"REST"}],"circlet_count":0,"master_deck":["Strike_P","Strike_P","Defend_P","Defend_P","Defend_P","Defend_P","SignatureMove","Crescendo+1","Halt+1","ClearTheMind","Consecrate","Tantrum","DevaForm","BowlingBash+1","ConjureBlade"],"relics":["PureWater","aspiration:Nostalgia","hierophant:PropheticMaskRelic","Blue Candle","TheSimpletonMod:Moonshine","MerchantsRug","Pantograph","reliquary:FeatherDuster"],"acts_visited":["Exordium","TheCity"],"potions_floor_usage":[8,22],"damage_taken":[{"damage":0,"enemies":"2 Louse","floor":1,"turns":4},{"damage":0,"enemies":"Small Slimes","floor":2,"turns":2},{"damage":0,"enemies":"Cultist","floor":5,"turns":3},{"damage":5,"enemies":"Exordium Thugs","floor":8,"turns":4},{"damage":14,"enemies":"Red Slaver","floor":10,"turns":2},{"damage":6,"enemies":"3 Sentries","floor":13,"turns":5},{"damage":1,"enemies":"2 Fungi Beasts","floor":14,"turns":3},{"damage":10,"enemies":"The Guardian","floor":16,"turns":8},{"damage":43,"enemies":"Shell Parasite","floor":18,"turns":5},{"damage":64,"enemies":"2 Thieves","floor":19,"turns":3},{"damage":11,"enemies":"Chosen and Byrds","floor":20,"turns":3},{"damage":3,"enemies":"Shelled Parasite and Fungi","floor":22,"turns":2}],"seed_played":"762861369552677790","potions_obtained":[{"floor":2,"key":"blueLaboratory:FruitPunch"},{"floor":8,"key":"blueLaboratory:Moonshine"},{"floor":16,"key":"blueLaboratory:BottledTrinity"},{"floor":19,"key":"blueLaboratory:ImpenetrablePotion"},{"floor":20,"key":"Strength Potion"}],"is_trial":false,"path_per_floor":["M","M","?","?","M","R","$","M","T","M","R","?","E","M","R","B",null,"M","M","M","$","M"],"character_chosen":"WATCHER","items_purchased":["ClearTheMind","reliquary:FeatherDuster"],"campfire_rested":1,"item_purchase_floors":[7,21],"current_hp_per_floor":[72,72,67,67,67,67,67,64,64,50,50,50,44,43,65,64,74,31,53,54,54,51,51],"gold":89,"neow_bonus":"NOSTALGIA","is_daily":false,"chose_seed":false,"campfire_upgraded":2,"win_rate":0.0,"timestamp":1612937341,"path_taken":["M","M","?","?","M","R","$","M","T","M","R","?","E","M","R","BOSS","M","M","M","$","M"],"items_purchased_type":["Card","Relic"],"build_version":"2020-12-22","purchased_purges":2,"victory":false,"max_hp_per_floor":[72,72,72,72,72,72,72,74,74,74,74,74,74,74,74,74,74,74,74,74,74,74,74],"relic_stats":{"counters":[12,44],"Blue Candle":[0],"Pantograph":9,"obtain_stats":[{"MerchantsRug":12,"reliquary:FeatherDuster":21,"aspiration:Nostalgia":0,"hierophant:PropheticMaskRelic":0,"Blue Candle":3,"Pantograph":13,"aspiration:SeaSaltIceCream":12,"aspiration:RitualDagger":17,"PureWater":0,"TheSimpletonMod:Moonshine":9},{"MerchantsRug":5,"reliquary:FeatherDuster":11,"aspiration:Nostalgia":0,"hierophant:PropheticMaskRelic":0,"Blue Candle":2,"Pantograph":6,"aspiration:SeaSaltIceCream":5,"aspiration:RitualDagger":8,"PureWater":0,"TheSimpletonMod:Moonshine":4},{"MerchantsRug":15,"reliquary:FeatherDuster":42,"aspiration:Nostalgia":0,"hierophant:PropheticMaskRelic":0,"Blue Candle":6,"Pantograph":20,"aspiration:SeaSaltIceCream":15,"aspiration:RitualDagger":31,"PureWater":0,"TheSimpletonMod:Moonshine":13}]},"card_choices":[{"not_picked":["SashWhip","CarveReality"],"picked":"SignatureMove","floor":1},{"not_picked":["ThirdEye","JustLucky"],"picked":"Crescendo","floor":2},{"not_picked":["CarveReality","ThirdEye"],"picked":"Halt","floor":5},{"not_picked":["ClearTheMind","WheelKick"],"picked":"Consecrate","floor":8},{"not_picked":["SandsOfTime","EmptyFist"],"picked":"Evaluate","floor":10},{"not_picked":["EmptyMind","DeceiveReality"],"picked":"Tantrum","floor":13},{"not_picked":["SashWhip","Crescendo"],"picked":"PathToVictory","floor":14},{"not_picked":["MasterReality","Brilliance"],"picked":"DevaForm","floor":16},{"not_picked":["JustLucky","ThirdEye","Adaptation"],"picked":"SKIP","floor":18},{"not_picked":["LikeWater+1","SashWhip+1"],"picked":"BowlingBash+1","floor":19},{"not_picked":["ThirdEye+1","Indignation+1"],"picked":"ConjureBlade","floor":20}],"player_experience":176691,"relics_obtained":[{"floor":9,"key":"TheSimpletonMod:Moonshine"},{"floor":13,"key":"Pantograph"}],"event_choices":[{"cards_removed":["Evaluate"],"damage_healed":0,"gold_gain":0,"player_choice":"Gave Card","damage_taken":0,"relics_obtained":["aspiration:SeaSaltIceCream"],"max_hp_gain":0,"max_hp_loss":0,"event_name":"WeMeetAgain","floor":12,"gold_loss":0}],"is_beta":false,"boss_relics":[{"not_picked":["reliquary:Craggleroot","Astrolabe"],"picked":"aspiration:RitualDagger"}],"items_purged_floors":[7,21],"is_endless":false,"potions_floor_spawned":[2,8,16,19,20],"killed_by":"Shelled Parasite and Fungi","ascension_level":0}}