{"host":"kx62hxkutszy5nb0","time":1612942515,"event":{"mods":["2.2 Compatiblity","AchievementEnabler","Aspiration","BaseMod","Better Altar","Better Match","Better Note","Better Sensory Stone","Better Skull","Better Third Choice","Better Vampires","CCEM2","Colored Map","Colored Powertips","Conspire","Custom Start","Dark Map","Defuse TimeMaze Blight","Displayed Cursed Tome","Downfall","Fiend Mod","Hermit","Hubris","Infinite Spire","Jorbs\u0027s Wanderer Trilogy","Koishi","Marked Mod","Minty Spire (QoL Compilation)","Prisma Mod","Relic Sorter","Relic Stats","Replay The Spire","Shade Mod","Shop Mod","Spikes Relics","StSLib","Td1madao Mod","The Alterego","The Construct","The Cursed","The Exalted","The Forsaken","The Judge","The Jungle","The Marked","TheSwordswoman","TheVacant","Uncapped","Virulent Crown","Yuri Mod","everything is the same but u backflip on backflip"],"gold_per_floor":[112,112,126,126,152,152,152,168,168,168,185,2,12,26,26,130,130,145,145,155,169,169,169,180,200,254,268,268,268,193,293,293,394,394,413,413,487,503,190,190,207,207,258,271,306,326,337,354,354,354],"floor_reached":51,"language":"ENG","playtime":2062,"items_purged":[],"score":823,"play_id":"bf00563f-584c-41c1-9d16-ce17ce5ceaa6","local_time":"20210210173515","daily_mods":["Vintage","Heirloom"],"is_ascension_mode":false,"campfire_choices":[{"data":"Chip","floor":6,"key":"SMITH"},{"data":"Light Attack","floor":10,"key":"SMITH"},{"data":"Provocative","floor":15,"key":"SMITH"},{"floor":23,"key":"REST"},{"data":"infinitespire:Collect","floor":23,"key":"SMITH"},{"floor":28,"key":"REST"},{"floor":28,"key":"DIG"},{"floor":32,"key":"DIG"},{"floor":40,"key":"DIG"},{"floor":42,"key":"DIG"},{"floor":49,"key":"DIG"}],"circlet_count":0,"master_deck":["Strike_C","Strike_C+1","Strike_C","Strike_C+1","Defend_C+1","Defend_C+1","Defend_C+1","Defend_C+1","Knight Kick+1","Chip+1","Coercion+1","Light Attack+1","Provocative","Provocative+1","Master of Strategy+1","Dramatic Entrance+1","Shockwave Tdmadao+1","Sharp Hide+1","infinitespire:Collect+1","Defend System+1","Here Defend Chip+1","Backup","Im Angry+1","Floating Swing Kick","Load Balancing+1","Defend System+1"],"relics":["Apod","Replay:Mystery Machine","Guardian:PocketSentry","StoneCalendar","infinitespire:Magic Flask","SnailShell","replay:Trail_Library","Thread and Needle","infinitespire:CheckeredPen","Frozen Egg 2","CCEMRelics:BundleOfDynamite","Meat on the Bone","aspiration:SeaSaltIceCream","hubris:Potato","Smiling Mask","hubris:EmptyBottle","CCEMRelics:JestersCrown","SlaversCollar","Simple Rune","hubris:Backtick","CCEMRelics:SpiritsEdge","CCEMRelics:PorcelainBowl","Orichalcum","Ancient Tea Set","Bag of Marbles","infinitespire:Satchel","Shovel","Torii","hubris:MedicalManual","Mb Ring","hubris:TenFootPole","MerchantsRug","CCEMRelics:LatexGloves","conspire:TreasureMap","hexamod:CandleOfCauterizing","Gremlin Food","Bromod:ArcaneUltimatum","CCEMRelics:FryingPan","ReplayFunnel","Simple Rune","ReplayTheSpireMod:Lightbulb","SuspiciousGoo","HornCleat"],"acts_visited":["Exordium","TheCity","TheBeyond"],"potions_floor_usage":[3,16,16,16,20,20,21,25,31,31,33,35,35,45,47,47,47,47,48,48,50],"damage_taken":[{"damage":0,"enemies":"2 Louse","floor":1,"turns":4},{"damage":1,"enemies":"Small Slimes","floor":3,"turns":2},{"damage":0,"enemies":"Small Slimes","floor":7,"turns":4},{"damage":0,"enemies":"Jaw Worm","floor":8,"turns":2},{"damage":0,"enemies":"2 Fungi Beasts","floor":11,"turns":3},{"damage":0,"enemies":"Large Slime","floor":13,"turns":4},{"damage":2,"enemies":"Exordium Wildlife","floor":14,"turns":3},{"damage":6,"enemies":"Fading Forest","floor":16,"turns":11},{"damage":0,"enemies":"Shell Parasite","floor":18,"turns":3},{"damage":1,"enemies":"2 Thieves","floor":20,"turns":2},{"damage":0,"enemies":"Shelled Parasite and Fungi","floor":21,"turns":2},{"damage":0,"enemies":"3 Cultists","floor":24,"turns":1},{"damage":0,"enemies":"Cultist and Chosen","floor":25,"turns":3},{"damage":0,"enemies":"Snake Plant","floor":27,"turns":1},{"damage":0,"enemies":"Colosseum Slavers","floor":31,"turns":1},{"damage":0,"enemies":"Colosseum Nobs","floor":31,"turns":2},{"damage":22,"enemies":"hubris:MusketHawk","floor":33,"turns":5},{"damage":0,"enemies":"3 Darklings","floor":35,"turns":2},{"damage":0,"enemies":"3 Shapes","floor":38,"turns":3},{"damage":0,"enemies":"Sphere and 2 Shapes","floor":41,"turns":2},{"damage":0,"enemies":"Jaw Worm Horde","floor":44,"turns":2},{"damage":0,"enemies":"R_Hoarder","floor":45,"turns":4},{"damage":1,"enemies":"Maw","floor":46,"turns":6},{"damage":0,"enemies":"3 Darklings","floor":47,"turns":3},{"damage":0,"enemies":"Sphere and 2 Shapes","floor":48,"turns":2},{"damage":11,"enemies":"Time Eater","floor":50,"turns":8}],"seed_played":"2148492997891596290","potions_obtained":[{"floor":1,"key":"SkillPotion"},{"floor":8,"key":"DuplicationPotion"},{"floor":13,"key":"Block Potion"},{"floor":16,"key":"PowerPotion"},{"floor":24,"key":"Regen Potion"},{"floor":25,"key":"BlessingOfTheForge"},{"floor":31,"key":"Explosive Potion"},{"floor":33,"key":"EssenceOfSteel"},{"floor":44,"key":"Venom Potion"},{"floor":45,"key":"SpeedPotion"},{"floor":47,"key":"ColorlessPotion"}],"is_trial":true,"path_per_floor":["M","?","M","?","T","R","?","M","T","R","M","$","M","M","R","B",null,"M","AVR","M","M","?","R","M","M","T","M","R","?","?","?","R","B",null,"M","?","$","M","$","R","M","R","T","M","E","M","M","M","R","B",null],"character_chosen":"TD1MADAO_CLASS","items_purchased":["Provocative","hubris:EmptyBottle","MerchantsRug","CCEMRelics:LatexGloves","Im Angry+1","conspire:TreasureMap","hexamod:CandleOfCauterizing","Floating Swing Kick"],"campfire_rested":2,"item_purchase_floors":[12,12,37,37,37,37,39,39],"current_hp_per_floor":[70,70,69,69,69,69,69,69,69,69,69,69,69,67,67,64,70,70,70,69,69,36,57,57,57,57,57,75,75,75,75,75,53,75,75,75,75,75,75,75,75,75,75,75,75,74,74,74,74,63],"gold":354,"neow_bonus":"","is_daily":false,"chose_seed":false,"campfire_upgraded":4,"win_rate":0.0,"timestamp":1612942515,"path_taken":["M","?","M","?","?","R","?","M","T","R","M","?","?","M","R","BOSS","M","AVR","M","M","?","R","M","M","T","M","R","?","?","?","R","BOSS","M","?","?","M","$","R","M","R","T","M","E","M","M","M","R","BOSS"],"items_purchased_type":["Card","Relic","Relic","Relic","Card","Relic","Relic","Card"],"build_version":"2020-12-22","purchased_purges":0,"victory":true,"max_hp_per_floor":[70,70,70,70,70,70,70,70,70,70,70,70,70,70,70,70,70,70,70,70,70,70,70,70,70,70,70,75,75,75,75,75,75,75,75,75,75,75,75,75,75,75,75,75,75,75,75,75,75,75],"relic_stats":{"Shovel":5,"Torii":7,"counters":[26,85],"StoneCalendar":[52],"Orichalcum":[36],"Smiling Mask":0,"obtain_stats":[{"Bromod:ArcaneUltimatum":41,"CCEMRelics:PorcelainBowl":20,"CCEMRelics:LatexGloves":37,"hubris:VirtuousBlindfold":34,"HornCleat":49,"replay:Trail_Library":0,"MerchantsRug":37,"conspire:TreasureMap":37,"Replay:Grab Bag":34,"Guardian:PocketSentry":45,"aspiration:SeaSaltIceCream":9,"infinitespire:Magic Flask":18,"SlaversCollar":17,"CCEMRelics:FestiveHat":13,"Simple Rune":19,"hubris:TenFootPole":32,"Meat on the Bone":8,"Mb Ring":31,"ReplayFunnel":44,"SnailShell":26,"Snecko Heart":34,"Torii":27,"StoneCalendar":43,"hubris:EmptyBottle":12,"hubris:RunicObelisk":34,"Replay:Mystery Machine":38,"Smiling Mask":11,"Ancient Tea Set":22,"hubris:Backtick":19,"Shovel":25,"Replay:Bottled Eggs":3,"CCEMRelics:JestersCrown":14,"Gremlin Food":40,"hexamod:CandleOfCauterizing":39,"CCEMRelics:BundleOfDynamite":5,"SuspiciousGoo":48,"Thread and Needle":0,"hubris:MedicalManual":31,"infinitespire:CheckeredPen":1,"Frozen Egg 2":2,"Orichalcum":21,"CCEMRelics:SpiritsEdge":19,"CCEMRelics:IronFruit":28,"infinitespire:Satchel":24,"CCEMRelics:FryingPan":42,"Bag of Marbles":22,"Apod":0,"ReplayTheSpireMod:Lightbulb":47,"hubris:Potato":9},{"Bromod:ArcaneUltimatum":20,"CCEMRelics:PorcelainBowl":10,"CCEMRelics:LatexGloves":18,"hubris:VirtuousBlindfold":17,"HornCleat":25,"replay:Trail_Library":0,"MerchantsRug":18,"conspire:TreasureMap":18,"Replay:Grab Bag":17,"Guardian:PocketSentry":22,"aspiration:SeaSaltIceCream":4,"infinitespire:Magic Flask":9,"SlaversCollar":8,"CCEMRelics:FestiveHat":6,"Simple Rune":9,"hubris:TenFootPole":16,"Meat on the Bone":4,"Mb Ring":16,"ReplayFunnel":21,"SnailShell":13,"Snecko Heart":17,"Torii":14,"StoneCalendar":20,"hubris:EmptyBottle":5,"hubris:RunicObelisk":17,"Replay:Mystery Machine":19,"Smiling Mask":5,"Ancient Tea Set":11,"hubris:Backtick":9,"Shovel":13,"Replay:Bottled Eggs":2,"CCEMRelics:JestersCrown":7,"Gremlin Food":19,"hexamod:CandleOfCauterizing":19,"CCEMRelics:BundleOfDynamite":2,"SuspiciousGoo":25,"Thread and Needle":0,"hubris:MedicalManual":16,"infinitespire:CheckeredPen":1,"Frozen Egg 2":1,"Orichalcum":11,"CCEMRelics:SpiritsEdge":9,"CCEMRelics:IronFruit":14,"infinitespire:Satchel":12,"CCEMRelics:FryingPan":20,"Bag of Marbles":11,"Apod":0,"ReplayTheSpireMod:Lightbulb":24,"hubris:Potato":4},{"Bromod:ArcaneUltimatum":60,"CCEMRelics:PorcelainBowl":38,"CCEMRelics:LatexGloves":55,"hubris:VirtuousBlindfold":53,"HornCleat":77,"replay:Trail_Library":0,"MerchantsRug":55,"conspire:TreasureMap":55,"Replay:Grab Bag":53,"Guardian:PocketSentry":66,"aspiration:SeaSaltIceCream":12,"infinitespire:Magic Flask":36,"SlaversCollar":33,"CCEMRelics:FestiveHat":19,"Simple Rune":36,"hubris:TenFootPole":48,"Meat on the Bone":12,"Mb Ring":48,"ReplayFunnel":62,"SnailShell":44,"Snecko Heart":53,"Torii":45,"StoneCalendar":60,"hubris:EmptyBottle":15,"hubris:RunicObelisk":53,"Replay:Mystery Machine":58,"Smiling Mask":15,"Ancient Tea Set":40,"hubris:Backtick":36,"Shovel":44,"Replay:Bottled Eggs":6,"CCEMRelics:JestersCrown":22,"Gremlin Food":58,"hexamod:CandleOfCauterizing":58,"CCEMRelics:BundleOfDynamite":6,"SuspiciousGoo":77,"Thread and Needle":0,"hubris:MedicalManual":48,"infinitespire:CheckeredPen":4,"Frozen Egg 2":4,"Orichalcum":40,"CCEMRelics:SpiritsEdge":36,"CCEMRelics:IronFruit":45,"infinitespire:Satchel":41,"CCEMRelics:FryingPan":60,"Bag of Marbles":40,"Apod":0,"ReplayTheSpireMod:Lightbulb":75,"hubris:Potato":12}],"Meat on the Bone":0},"card_choices":[{"not_picked":["Impatience+1","Blind+1"],"picked":"Master of Strategy+1","floor":14},{"not_picked":["ReplayTheSpireMod:Trickstab+1","ReplayTheSpireMod:Uncanny Aura+1"],"picked":"Dramatic Entrance+1","floor":16},{"not_picked":["Backup","Chip Synthesis"],"picked":"Shockwave Tdmadao+1","floor":16},{"not_picked":["hubris:Insight+1","Replay:Sssssssssstrike+1"],"picked":"Sharp Hide+1","floor":18},{"not_picked":["Oblique Hack","Three Hit"],"picked":"Here Defend Chip+1","floor":31},{"not_picked":["Chip Synthesis","Optimization"],"picked":"Backup","floor":33},{"not_picked":["Energy Supply","Break Into"],"picked":"Load Balancing+1","floor":45}],"player_experience":761275,"relics_obtained":[{"floor":1,"key":"infinitespire:CheckeredPen"},{"floor":3,"key":"Replay:Bottled Eggs"},{"floor":5,"key":"CCEMRelics:BundleOfDynamite"},{"floor":8,"key":"Meat on the Bone"},{"floor":9,"key":"aspiration:SeaSaltIceCream"},{"floor":11,"key":"Smiling Mask"},{"floor":13,"key":"CCEMRelics:FestiveHat"},{"floor":14,"key":"CCEMRelics:JestersCrown"},{"floor":18,"key":"infinitespire:Magic Flask"},{"floor":20,"key":"CCEMRelics:PorcelainBowl"},{"floor":21,"key":"Orichalcum"},{"floor":24,"key":"infinitespire:Satchel"},{"floor":25,"key":"Shovel"},{"floor":26,"key":"SnailShell"},{"floor":27,"key":"Torii"},{"floor":28,"key":"CCEMRelics:IronFruit"},{"floor":31,"key":"hubris:MedicalManual"},{"floor":31,"key":"Mb Ring"},{"floor":32,"key":"hubris:TenFootPole"},{"floor":38,"key":"Replay:Mystery Machine"},{"floor":40,"key":"Gremlin Food"},{"floor":41,"key":"Bromod:ArcaneUltimatum"},{"floor":42,"key":"CCEMRelics:FryingPan"},{"floor":43,"key":"StoneCalendar"},{"floor":44,"key":"ReplayFunnel"},{"floor":45,"key":"Guardian:PocketSentry"},{"floor":46,"key":"Simple Rune"},{"floor":47,"key":"ReplayTheSpireMod:Lightbulb"},{"floor":48,"key":"SuspiciousGoo"},{"floor":49,"key":"HornCleat"}],"event_choices":[{"damage_healed":0,"gold_gain":0,"player_choice":"RE RE ","damage_taken":37,"relics_obtained":["Ancient Tea Set","Bag of Marbles"],"max_hp_gain":0,"max_hp_loss":0,"event_name":"betterSkull:BetterSkull","floor":22,"gold_loss":0,"cards_upgraded":[]},{"damage_healed":0,"gold_gain":0,"player_choice":"Ignored","damage_taken":0,"max_hp_gain":0,"max_hp_loss":0,"event_name":"betterNote:BetterNote","floor":29,"gold_loss":0,"cards_obtained":["alterego_mod:TrickOrTreatment"]},{"damage_healed":0,"gold_gain":0,"player_choice":"3","damage_taken":0,"max_hp_gain":0,"max_hp_loss":0,"event_name":"betterMatch:BetterMatch","floor":30,"gold_loss":0,"cards_obtained":[]},{"damage_healed":0,"gold_gain":0,"player_choice":"Fight","damage_taken":0,"max_hp_gain":0,"max_hp_loss":0,"event_name":"Colosseum","floor":31,"gold_loss":0},{"damage_healed":0,"gold_gain":0,"player_choice":"Fought Nobs","damage_taken":0,"max_hp_gain":0,"max_hp_loss":0,"event_name":"Colosseum","floor":31,"gold_loss":0},{"cards_removed":["Injury"],"damage_healed":0,"gold_gain":0,"player_choice":"Removed Curses","damage_taken":0,"max_hp_gain":0,"max_hp_loss":0,"event_name":"Fountain of Cleansing","floor":36,"gold_loss":0}],"is_beta":false,"boss_relics":[{"not_picked":["CCEMRelics:GreenEgg","hubris:GrandSneckoEye"],"picked":"SlaversCollar"},{"not_picked":["Sozu","aspiration:WatcherSkillbook"],"picked":"Replay:Grab Bag"},{"not_picked":["ChewingGum","Replay:Wanted Poster"],"picked":"hubris:VirtuousBlindfold"},{"not_picked":["Cursed Key","Fusion Hammer"],"picked":"hubris:RunicObelisk"},{"not_picked":["Kintsugi","Snecko Eye"],"picked":"Snecko Heart"}],"items_purged_floors":[],"is_endless":false,"potions_floor_spawned":[1,8,13,16,24,25,31,31,33,44,45,47],"ascension_level":0}}