{"host":"kdt6w7ix8lwe69i9","time":1612932620,"event":{"mods":["100% Spire Juice","BaseMod","ChefMod","Evolution","Minty Spire (QoL Compilation)","Poor People Problems","Reimu（博丽灵梦）","Robot Space Explorer","Shade Mod","StSLib","The Druid","The Gatherer","TheSurvivalist"],"gold_per_floor":[116,116,116,116,131,166,10,10,80,5,5,29,54,78,78,202,202,216,235,235,281,380,380,416,15,41,41,65,85,103,103,103,103,103],"floor_reached":33,"language":"ENG","playtime":3472,"items_purged":["Regret"],"score":290,"play_id":"c1b3d7c4-1850-4e71-b1b6-edc9a17600e4","local_time":"20210209235020","is_ascension_mode":false,"campfire_choices":[{"floor":8,"key":"DIG"},{"floor":11,"key":"DIG"},{"floor":15,"key":"DIG"},{"floor":23,"key":"DIG"},{"floor":27,"key":"DIG"},{"floor":32,"key":"DIG"}],"circlet_count":0,"master_deck":["SubAcupoint:ReiMu","SubAcupoint:ReiMu","SubAcupoint:ReiMu","Strike_Lin:ReiMu","Defend_Lin:ReiMu","Defend_Lin:ReiMu","Defend_Lin:ReiMu","Defend_Lin:ReiMu+1","NB:ReiMu","Stagnation:ReiMu+1","WonderfulDomain:ReiMu","Injury","Amulet:ReiMu","AirStrike:ReiMu","UpKicking:ReiMu","Enchanting:ReiMu","AirStrike:ReiMu","Determination:ReiMu","Intuition:ReiMu","SafetyPray:ReiMu","Writhe","Dreaming2:ReiMu","SpreadBorder2:ReiMu","MikOfLucky:ReiMu","SafetyPray:ReiMu","Revelation:ReiMu","Revelation:ReiMu+1"],"relics":["FlyPower:ReiMu","EVO:Axolotl","NeowsBlessing","Shovel","Bloody Idol","Bag of Preparation","Toy Ornithopter","Strawberry","CrazyTorch:ReiMu","PreservedInsect","Mummified Hand","CrownOfHeavens:ReiMu","Calipers","War Paint","Tea:ReiMu","Smiling Mask","Regal Pillow","ClockworkSouvenir","Vajra","Anchor","Lantern"],"acts_visited":["Exordium","TheCity"],"potions_floor_usage":[16,24,24,28,33,33],"damage_taken":[{"damage":0,"enemies":"2 Louse","floor":1,"turns":1},{"damage":0,"enemies":"Jaw Worm","floor":5,"turns":1},{"damage":0,"enemies":"Lagavulin","floor":6,"turns":3},{"damage":0,"enemies":"Cultist","floor":12,"turns":5},{"damage":0,"enemies":"Exordium Wildlife","floor":13,"turns":5},{"damage":0,"enemies":"Large Slime","floor":14,"turns":4},{"damage":21,"enemies":"Hexaghost","floor":16,"turns":16},{"damage":1,"enemies":"3 Byrds","floor":18,"turns":8},{"damage":1,"enemies":"Shell Parasite","floor":19,"turns":11},{"damage":56,"enemies":"Gremlin Leader","floor":24,"turns":9},{"damage":34,"enemies":"Cultist and Chosen","floor":28,"turns":8},{"damage":0,"enemies":"Centurion and Healer","floor":29,"turns":5},{"damage":0,"enemies":"Snecko","floor":30,"turns":5},{"damage":28,"enemies":"Collector","floor":33,"turns":6}],"seed_played":"3631961169945352450","potions_obtained":[{"floor":5,"key":"Block Potion"},{"floor":12,"key":"Strength Potion"},{"floor":16,"key":"Swift Potion"},{"floor":24,"key":"Strength Potion"},{"floor":28,"key":"Block Potion"},{"floor":30,"key":"Block Potion"}],"is_trial":false,"path_per_floor":["M","?","?","?","M","E","$","R","T","$","R","M","M","M","R","B",null,"M","M","?","T","?","R","E","$","T","R","M","M","M","?","R","B"],"character_chosen":"REIMU","items_purchased":["Toy Ornithopter","Regal Pillow","SpreadBorder2:ReiMu","MikOfLucky:ReiMu","ClockworkSouvenir"],"campfire_rested":0,"item_purchase_floors":[7,25,25,25,25],"current_hp_per_floor":[65,65,65,65,65,65,65,72,72,72,72,72,72,72,72,53,72,71,70,70,70,70,70,21,21,21,42,13,13,13,13,13,0,0],"gold":103,"neow_bonus":"THREE_ENEMY_KILL","is_daily":false,"chose_seed":false,"campfire_upgraded":0,"win_rate":0.0,"timestamp":1612932620,"path_taken":["M","?","?","?","M","E","$","R","T","?","R","?","M","M","R","BOSS","M","M","?","?","?","R","E","$","T","R","M","M","M","?","R","BOSS"],"items_purchased_type":["Relic","Relic","Card","Card","Relic"],"build_version":"2020-12-22","purchased_purges":1,"victory":false,"max_hp_per_floor":[65,65,65,65,65,65,65,72,72,72,72,72,72,72,72,72,72,72,72,72,72,72,72,72,72,72,72,72,72,72,72,72,72,72],"card_choices":[{"not_picked":["KamiSacrifice:ReiMu","Meditation:ReiMu"],"picked":"WonderfulDomain:ReiMu","floor":1},{"not_picked":["SubAcupoint:ReiMu","NineCharacters:ReiMu"],"picked":"Amulet:ReiMu","floor":5},{"not_picked":["YinYangSign:ReiMu","WonderfulDomain:ReiMu"],"picked":"AirStrike:ReiMu","floor":6},{"not_picked":["Enchanting:ReiMu","FoulBorder2:ReiMu"],"picked":"UpKicking:ReiMu","floor":12},{"not_picked":["Conquer:ReiMu","LearningPray:ReiMu"],"picked":"Enchanting:ReiMu","floor":13},{"not_picked":["SpringWay:ReiMu","SubAcupoint:ReiMu"],"picked":"AirStrike:ReiMu","floor":14},{"not_picked":["HakureiPhantom:ReiMu","PrayRite:ReiMu"],"picked":"Determination:ReiMu","floor":16},{"not_picked":["SubcavityInstant:ReiMu","KamiSacrifice:ReiMu"],"picked":"Intuition:ReiMu","floor":18},{"not_picked":["ManaGlint:ReiMu","Intuition:ReiMu"],"picked":"SafetyPray:ReiMu","floor":19},{"not_picked":["OrbThrow:ReiMu+1","SubcavityInstant:ReiMu"],"picked":"Dreaming2:ReiMu","floor":24},{"not_picked":["Meditation:ReiMu+1","AirStrike:ReiMu"],"picked":"SafetyPray:ReiMu","floor":28},{"not_picked":["SpiritualOutbreak2:ReiMu","RainPray2:ReiMu"],"picked":"Revelation:ReiMu","floor":29},{"not_picked":["YinYangSign:ReiMu","UniversalSpiritual:ReiMu+1"],"picked":"Revelation:ReiMu+1","floor":30}],"player_experience":1356199,"relics_obtained":[{"floor":6,"key":"Bag of Preparation"},{"floor":8,"key":"Strawberry"},{"floor":9,"key":"CrazyTorch:ReiMu"},{"floor":11,"key":"PreservedInsect"},{"floor":15,"key":"Mummified Hand"},{"floor":21,"key":"War Paint"},{"floor":23,"key":"Tea:ReiMu"},{"floor":24,"key":"Smiling Mask"},{"floor":26,"key":"Vajra"},{"floor":27,"key":"Anchor"},{"floor":32,"key":"Lantern"}],"event_choices":[{"damage_healed":0,"gold_gain":0,"player_choice":"Leave","damage_taken":0,"max_hp_gain":0,"max_hp_loss":0,"event_name":"The Cleric","floor":2,"gold_loss":0},{"damage_healed":0,"gold_gain":0,"player_choice":"Box","damage_taken":0,"relics_obtained":["Shovel"],"max_hp_gain":0,"max_hp_loss":0,"event_name":"Big Fish","floor":3,"gold_loss":0,"cards_obtained":["Regret"]},{"damage_healed":0,"gold_gain":0,"player_choice":"Take Wound","damage_taken":0,"relics_obtained":["Golden Idol"],"max_hp_gain":0,"max_hp_loss":0,"event_name":"Golden Idol","floor":4,"gold_loss":0,"cards_obtained":["Injury"]},{"damage_healed":0,"gold_gain":0,"player_choice":"Opened","damage_taken":0,"relics_obtained":["Calipers"],"max_hp_gain":0,"max_hp_loss":0,"event_name":"The Mausoleum","floor":20,"gold_loss":0,"cards_obtained":["Writhe"]},{"damage_healed":0,"gold_gain":99,"player_choice":"Stole From Cult","damage_taken":0,"max_hp_gain":0,"max_hp_loss":0,"event_name":"Nest","floor":22,"gold_loss":0},{"damage_healed":0,"gold_gain":0,"player_choice":"Gave Idol","damage_taken":0,"relics_obtained":["Bloody Idol"],"max_hp_gain":0,"max_hp_loss":0,"event_name":"Forgotten Altar","floor":31,"relics_lost":["Golden Idol"],"gold_loss":0}],"is_beta":false,"boss_relics":[{"not_picked":["Calling Bell","ShineYinYang:ReiMu"],"picked":"CrownOfHeavens:ReiMu"}],"items_purged_floors":[10],"is_endless":false,"potions_floor_spawned":[5,12,16,24,28,30],"killed_by":"Collector","ascension_level":0}}