{"host":"flm17o2q7bfjyna6","time":1612987294,"event":{"mods":["2.2 Compatiblity","Act Like it!","BaseMod","Better Altar","Better Match","Better Note","Better Sensory Stone","Better Skull","Better Third Choice","Better Vampires","Colored Map","Colored Powertips","DeckTracker","Fox Events","Hermit","Minty Spire (QoL Compilation)","Quick Restart","Reliquary","Replay The Spire","Reworked Bosses","Spicy Shops","StSLib","TheSwordswoman","Wandering Minibosses"],"gold_per_floor":[114,44,44,44,62,62,94,108,108,143,159,9,9,9],"floor_reached":13,"language":"ENG","playtime":345,"items_purged":[],"score":130,"play_id":"3aac09ad-72ec-477a-b738-18f6e4e86661","local_time":"20210210150134","is_ascension_mode":true,"campfire_choices":[{"data":"blazmod:ButterflyEffect","floor":6,"key":"SMITH"}],"circlet_count":0,"master_deck":["blazmod:Strike","blazmod:Strike+1","blazmod:Strike","blazmod:Strike","blazmod:Defend","blazmod:Defend","blazmod:Defend","blazmod:Defend","blazmod:ButterflyEffect+1","blazmod:Kyokasuigetsu","blazmod:KatanaStrike","blazmod:FortifiedVigor+1","blazmod:QuickBlade","blazmod:SeismicSlash","blazmod:BlindBlade"],"relics":["blazmod:Venustas","NeowsBlessing","reliquary:SharkskinSheath","Whetstone","reliquary:QuartzCube","Pocketwatch","Gremlin Food"],"acts_visited":["Exordium"],"potions_floor_usage":[10,10,13],"damage_taken":[{"damage":0,"enemies":"Jaw Worm","floor":1,"turns":1},{"damage":0,"enemies":"2 Louse","floor":5,"turns":1},{"damage":0,"enemies":"Lagavulin","floor":7,"turns":1},{"damage":0,"enemies":"Cultist","floor":8,"turns":2},{"damage":33,"enemies":"Gremlin Nob","floor":10,"turns":5},{"damage":0,"enemies":"Red Slaver","floor":11,"turns":3},{"damage":18,"enemies":"Lagavulin","floor":13,"turns":5}],"seed_played":"2617755276526242190","potions_obtained":[{"floor":7,"key":"Block Potion"},{"floor":8,"key":"Languid Potion"},{"floor":10,"key":"SteroidPotion"}],"is_trial":false,"path_per_floor":["M","$","?","?","M","R","E","M","T","E","M","$","E"],"character_chosen":"THE_SWORDSWOMAN","items_purchased":["blazmod:Observant","Gremlin Food"],"campfire_rested":0,"item_purchase_floors":[2,12],"current_hp_per_floor":[40,40,40,40,40,40,40,40,40,7,7,7,0,0],"gold":9,"neow_bonus":"THREE_ENEMY_KILL","is_daily":false,"chose_seed":false,"campfire_upgraded":1,"win_rate":0.0,"timestamp":1612987294,"path_taken":["M","$","?","?","?","R","E","M","T","E","M","?","E"],"items_purchased_type":["Card","Relic"],"build_version":"2020-12-22","purchased_purges":0,"victory":false,"max_hp_per_floor":[40,40,40,40,40,40,40,40,40,40,40,40,40,40],"card_choices":[{"not_picked":["blazmod:Valiance","blazmod:Trasient"],"picked":"blazmod:KatanaStrike","floor":1},{"not_picked":["blazmod:BeTheBlade","blazmod:Crosscut"],"picked":"blazmod:FortifiedVigor","floor":5},{"not_picked":["blazmod:FleetOfFoot","blazmod:DrippingWaterHollowsStone"],"picked":"blazmod:QuickBlade","floor":7},{"not_picked":["blazmod:MentalFocus","blazmod:SidewaySolace","blazmod:FortifiedVigor"],"picked":"SKIP","floor":8},{"not_picked":["blazmod:Observant","blazmod:BlindingFlash"],"picked":"blazmod:SeismicSlash","floor":10},{"not_picked":["blazmod:MentalFocus","blazmod:FlashRock"],"picked":"blazmod:BlindBlade","floor":11}],"player_experience":1758996,"relics_obtained":[{"floor":7,"key":"Whetstone"},{"floor":9,"key":"reliquary:QuartzCube"},{"floor":10,"key":"Pocketwatch"}],"event_choices":[{"damage_healed":0,"gold_gain":0,"player_choice":"Leave","damage_taken":0,"max_hp_gain":0,"max_hp_loss":0,"event_name":"The Cleric","floor":3,"gold_loss":0},{"cards_removed":["blazmod:Observant"],"damage_healed":0,"gold_gain":0,"player_choice":"Gave Card","damage_taken":0,"relics_obtained":["reliquary:SharkskinSheath"],"max_hp_gain":0,"max_hp_loss":0,"event_name":"WeMeetAgain","floor":4,"gold_loss":0}],"is_beta":false,"boss_relics":[],"items_purged_floors":[],"is_endless":false,"potions_floor_spawned":[7,8,10],"killed_by":"Lagavulin","ascension_level":2}}