{"host":"9nzcajyrup44vdvf","time":1612951047,"event":{"mods":["2.2 Compatiblity","AchievementEnabler","AlwaysNeverKeys","BaseMod","Curses Come First","Downfall","Googly Eyes","Minty Spire (QoL Compilation)","Permanent Neow","Relic Stats","StSLib","SuperFastMode","everything is the same but u backflip on backflip","slay the spire mod where everything is the same but ironclad has a cowboy hat"],"gold_per_floor":[0,20,40,2,19,19,19,31,49,67,78,78,78,92,104,209,209,109,121,221,236,336,77,77,77,90,109,109,109,109,122,134,134,134,134],"floor_reached":33,"language":"ENG","playtime":1793,"items_purged":[],"score":257,"play_id":"0cc7337c-58e5-4afc-aeb7-744beee86afb","local_time":"20210210105727","is_ascension_mode":true,"campfire_choices":[{"data":"bronze:Replicate","floor":1,"key":"SMITH"},{"data":"bronze:MaxOutput","floor":6,"key":"SMITH"},{"data":"bronze:Repulsor","floor":13,"key":"SMITH"},{"data":"bronze:Overload","floor":18,"key":"SMITH"},{"data":"bronze:FineTuning","floor":25,"key":"SMITH"},{"data":"bronze:ChosenStrike","floor":29,"key":"SMITH"}],"circlet_count":0,"master_deck":["bronze:Strike","bronze:Strike","bronze:Defend","bronze:Defend","bronze:Defend","bronze:Defend","bronze:Replicate+1","bronze:Goto","bronze:BronzeOrb","bronze:Terminator","bronze:Iterate","bronze:ChildClass","bronze:MaxOutput","bronze:FineTuning+1","bronze:MaxOutput+1","bronze:Repulsor+1","bronze:Allocate","bronze:ClassDefault","bronze:Allocate","bronze:Overload+1","bronze:OilSpill","bronze:FindAndReplace","bronze:ChildClass+1","bronze:Verify","bronze:Shield","bronze:ChosenStrike+1","bronze:FineTuning","bronze:WhirlingStrike","bronze:Shell"],"relics":["bronze:BronzeCore","Kunai","Black Star","downfall:HeartBlessingBlue","White Beast Statue","Eternal Feather","Bag of Marbles","Enchiridion"],"acts_visited":["Exordium","TheCity"],"potions_floor_usage":[16,16,16,22,22,26,31],"damage_taken":[{"damage":1,"enemies":"Cultist","floor":2,"turns":3},{"damage":0,"enemies":"Small Slimes","floor":3,"turns":2},{"damage":7,"enemies":"downfall:FleeingMerchant","floor":4,"turns":4},{"damage":0,"enemies":"2 Louse","floor":5,"turns":2},{"damage":5,"enemies":"2 Fungi Beasts","floor":8,"turns":3},{"damage":8,"enemies":"Exordium Wildlife","floor":9,"turns":5},{"damage":0,"enemies":"Blue Slaver","floor":10,"turns":2},{"damage":30,"enemies":"Gremlin Gang","floor":11,"turns":5},{"damage":11,"enemies":"Large Slime","floor":14,"turns":7},{"damage":0,"enemies":"2 Fungi Beasts","floor":15,"turns":4},{"damage":2,"enemies":"IC_STATUS_ARCHETYPE","floor":16,"turns":7},{"damage":0,"enemies":"3 Byrds","floor":19,"turns":6},{"damage":27,"enemies":"Spheric Guardian","floor":21,"turns":7},{"damage":10,"enemies":"downfall:LadyInBlue","floor":22,"turns":5},{"damage":3,"enemies":"downfall:FleeingMerchant","floor":23,"turns":4},{"damage":19,"enemies":"Centurion and Healer","floor":26,"turns":6},{"damage":37,"enemies":"3 Cultists","floor":27,"turns":8},{"damage":0,"enemies":"Sentry and Sphere","floor":31,"turns":3},{"damage":0,"enemies":"Snecko","floor":32,"turns":2},{"damage":12,"enemies":"WA_ARCHETYPE_CALM","floor":33,"turns":4}],"seed_played":"5790495248789162247","potions_obtained":[{"floor":2,"key":"Block Potion"},{"floor":5,"key":"BlessingOfTheForge"},{"floor":8,"key":"SkillPotion"},{"floor":16,"key":"Dexterity Potion"},{"floor":19,"key":"DistilledChaos"},{"floor":22,"key":"ColorlessPotion"},{"floor":22,"key":"champ:CounterPotion"},{"floor":22,"key":"champ:CounterPotion"},{"floor":23,"key":"Regen Potion"},{"floor":26,"key":"SpeedPotion"},{"floor":27,"key":"GamblersBrew"},{"floor":31,"key":"PowerPotion"},{"floor":32,"key":"DuplicationPotion"}],"is_trial":false,"path_per_floor":["R","M","M","$","M","R","T","M","M","M","M","T","R","M","M","B",null,"R","M","?","M","?","$","T","R","M","M","?","R","?","M","M","B"],"character_chosen":"THE_AUTOMATON","items_purchased":["bronze:FineTuning","Eternal Feather"],"campfire_rested":0,"item_purchase_floors":[4,23],"current_hp_per_floor":[70,69,69,62,62,62,62,57,49,49,19,19,19,8,8,6,70,80,80,80,53,43,40,40,55,48,11,11,26,10,10,10,0,0,0],"gold":134,"neow_bonus":"TRANSFORM_TWO_CARDS","is_daily":false,"chose_seed":false,"campfire_upgraded":6,"win_rate":0.0,"timestamp":1612951047,"path_taken":["R","M","M","$","M","R","T","M","M","M","?","?","R","M","M","BOSS","R","M","?","M","?","$","T","R","M","?","?","R","?","M","M","BOSS"],"items_purchased_type":["Card","Relic"],"build_version":"2020-12-22","purchased_purges":0,"victory":false,"max_hp_per_floor":[70,70,70,70,70,70,70,70,70,70,70,70,70,70,70,70,70,80,80,80,80,80,80,80,80,80,80,80,80,80,80,80,80,80,80],"relic_stats":{"counters":[20,89],"Eternal Feather":30,"Black Star":0,"Kunai":[28],"obtain_stats":[{"bronze:BronzeCore":0,"downfall:HeartBlessingBlue":18,"Enchiridion":30,"Eternal Feather":23,"Black Star":17,"Bag of Marbles":24,"Kunai":12,"White Beast Statue":22},{"bronze:BronzeCore":0,"downfall:HeartBlessingBlue":11,"Enchiridion":17,"Eternal Feather":15,"Black Star":11,"Bag of Marbles":15,"Kunai":8,"White Beast Statue":14},{"bronze:BronzeCore":0,"downfall:HeartBlessingBlue":44,"Enchiridion":80,"Eternal Feather":66,"Black Star":44,"Bag of Marbles":66,"Kunai":26,"White Beast Statue":62}]},"card_choices":[{"not_picked":["bronze:Allocate","bronze:Frontload"],"picked":"bronze:Iterate","floor":2},{"not_picked":["bronze:Philosophize","bronze:ForLoop"],"picked":"bronze:ChildClass","floor":3},{"not_picked":["bronze:Repulsor","bronze:Overheat"],"picked":"bronze:MaxOutput","floor":4},{"not_picked":["bronze:ForceShield","bronze:OilSpill"],"picked":"bronze:MaxOutput","floor":5},{"not_picked":["bronze:Assembly","bronze:DelayedGuard"],"picked":"bronze:Repulsor","floor":8},{"not_picked":["bronze:Deprecate","bronze:CutThrough"],"picked":"bronze:Allocate","floor":9},{"not_picked":["bronze:InfiniteBeams","bronze:BronzeOrb"],"picked":"bronze:ClassDefault","floor":10},{"not_picked":["bronze:DelayedSlice","bronze:WildBeam"],"picked":"bronze:Allocate","floor":11},{"not_picked":["bronze:Constructor","bronze:CloningBeam"],"picked":"bronze:Overload","floor":14},{"not_picked":["bronze:WildBeam","bronze:Overheat"],"picked":"bronze:OilSpill","floor":15},{"not_picked":["bronze:BurnOut","bronze:ShipIt"],"picked":"bronze:FindAndReplace","floor":16},{"not_picked":["bronze:ClassDefault","bronze:Turbo+1"],"picked":"bronze:ChildClass+1","floor":19},{"not_picked":["bronze:Separator","bronze:FineTuning"],"picked":"bronze:Verify","floor":21},{"not_picked":["bronze:Backtrace","bronze:Overheat+1"],"picked":"bronze:Shield","floor":22},{"not_picked":["bronze:Shield","bronze:CloningBeam"],"picked":"bronze:ChosenStrike","floor":23},{"not_picked":["bronze:Shield","bronze:Constructor"],"picked":"bronze:FineTuning","floor":26},{"not_picked":["bronze:Invalidate","bronze:DelayedGuard","bronze:ForLoop+1"],"picked":"SKIP","floor":27},{"not_picked":["bronze:Shield","bronze:Invalidate"],"picked":"bronze:WhirlingStrike","floor":31},{"not_picked":["bronze:CutThrough","bronze:WildBeam+1"],"picked":"bronze:Shell","floor":32}],"player_experience":467314,"relics_obtained":[{"floor":12,"key":"Kunai"},{"floor":22,"key":"White Beast Statue"},{"floor":24,"key":"Bag of Marbles"},{"floor":30,"key":"Enchiridion"}],"event_choices":[],"is_beta":false,"boss_relics":[{"not_picked":["SacredBark","Cursed Key"],"picked":"Black Star"}],"items_purged_floors":[],"is_endless":false,"potions_floor_spawned":[2,5,8,11,16,19,22,23,26,27,31,32],"killed_by":"WA_ARCHETYPE_CALM","ascension_level":1}}