{"host":"k7udt7atmcuzf6l0","time":1612924324,"event":{"mods":["AchievementEnabler","BaseMod","BetterRewards","Colored Map","Colored Powertips","Highlight Path","Minty Spire (QoL Compilation)","Quick Restart","Rare Cards Sparkle","Relic Stats","StSLib","UnlockEverythingMod"],"gold_per_floor":[129,129,170,170,21,77,131,131,131,131,169,169,192,236,236,407,407,455,455,493,44,44,44,107,69,69,69,69,112,112,155,155,309,309,357,403,448,472,535,535,579,579,579,579,912,20,32,50,50,50],"floor_reached":51,"language":"ZHS","playtime":1698,"items_purged":["Defend_R"],"score":722,"play_id":"dcf92046-66d6-4f6f-aae3-076417009bf8","local_time":"20210210103204","is_ascension_mode":false,"campfire_choices":[{"data":"HandOfGreed","floor":8.0,"key":"SMITH"},{"data":"Whirlwind","floor":12.0,"key":"SMITH"},{"data":"Inflame","floor":15.0,"key":"SMITH"},{"data":"Dual Wield","floor":23.0,"key":"SMITH"},{"data":"Shockwave","floor":27.0,"key":"SMITH"},{"data":"Flex","floor":30.0,"key":"SMITH"},{"data":"Anger","floor":32.0,"key":"SMITH"},{"data":"Intimidate","floor":40,"key":"SMITH"},{"floor":42,"key":"REST"},{"data":"Offering","floor":44,"key":"SMITH"},{"data":"Discovery","floor":49,"key":"SMITH"}],"circlet_count":0,"master_deck":["Strike_R+1","Strike_R+1","Strike_R+1","Strike_R+1","Strike_R+1","Defend_R+1","Defend_R+1","Defend_R+1","Bash+1","HandOfGreed+1","Thunderclap","Whirlwind+1","Anger+1","Headbutt","Second Wind","Inflame+1","Reaper","Dual Wield+1","True Grit+1","Shockwave+1","Flex+1","Ghostly Armor+1","Offering+1","Armaments+1","Shrug It Off+1","Intimidate+1","Dual Wield+1","Discovery+1","Carnage+1","Body Slam+1"],"relics":["Burning Blood","Dream Catcher","Bag of Marbles","Peace Pipe","Cursed Key","Omamori","Toolbox","Bag of Preparation","Pantograph","Letter Opener","Runic Pyramid","Pocketwatch","FossilizedHelix","StrikeDummy","Ice Cream","Dead Branch","TheAbacus"],"acts_visited":["TheCity","TheBeyond"],"potions_floor_usage":[33,33,50,50,50],"damage_taken":[{"damage":1.0,"enemies":"Jaw Worm","floor":1.0,"turns":5.0},{"damage":0.0,"enemies":"Small Slimes","floor":3.0,"turns":2.0},{"damage":17.0,"enemies":"Gremlin Nob","floor":6.0,"turns":4.0},{"damage":2.0,"enemies":"2 Louse","floor":7.0,"turns":3.0},{"damage":12.0,"enemies":"Looter","floor":11.0,"turns":4.0},{"damage":0.0,"enemies":"Exordium Wildlife","floor":13.0,"turns":1.0},{"damage":10.0,"enemies":"Exordium Thugs","floor":14.0,"turns":3.0},{"damage":35.0,"enemies":"Slime Boss","floor":16.0,"turns":10.0},{"damage":27.0,"enemies":"2 Thieves","floor":18.0,"turns":5.0},{"damage":2.0,"enemies":"Chosen","floor":20.0,"turns":3.0},{"damage":20.0,"enemies":"Book of Stabbing","floor":24.0,"turns":4.0},{"damage":13.0,"enemies":"3 Cultists","floor":29.0,"turns":5.0},{"damage":3.0,"enemies":"Snecko","floor":31.0,"turns":3.0},{"damage":18,"enemies":"Automaton","floor":33,"turns":6},{"damage":6,"enemies":"Orb Walker","floor":35,"turns":2},{"damage":37,"enemies":"3 Shapes","floor":36,"turns":11},{"damage":19,"enemies":"Maw","floor":37,"turns":7},{"damage":22,"enemies":"3 Darklings","floor":38,"turns":3},{"damage":9,"enemies":"Mind Bloom Boss Battle","floor":39,"turns":6},{"damage":50,"enemies":"Giant Head","floor":41,"turns":8},{"damage":0,"enemies":"Sphere and 2 Shapes","floor":47,"turns":4},{"damage":7,"enemies":"Transient","floor":48,"turns":5},{"damage":103,"enemies":"Awakened One","floor":50,"turns":10}],"seed_played":"-4969388085109074921","potions_obtained":[{"floor":3.0,"key":"BloodPotion"},{"floor":11.0,"key":"EssenceOfSteel"},{"floor":13.0,"key":"Regen Potion"},{"floor":14.0,"key":"Weak Potion"},{"floor":29.0,"key":"BlessingOfTheForge"},{"floor":31.0,"key":"Swift Potion"},{"floor":33,"key":"SmokeBomb"},{"floor":39,"key":"LiquidBronze"}],"is_trial":false,"path_per_floor":["M","?","M","T","$","E","M","R","T","?","M","R","M","M","R","B",null,"M","?","M","$","?","R","E","$","T","R","?","M","R","M","R","B",null,"M","M","M","M","?","R","E","R","T","R","?","$","M","M","R","B",null],"character_chosen":"IRONCLAD","items_purchased":["Whirlwind","Omamori","Toolbox","Bag of Preparation","Shockwave","Ice Cream","Dead Branch","TheAbacus","BloodPotion","Discovery"],"campfire_rested":1,"item_purchase_floors":[5,21,21,21,25,46,46,46,46,46],"current_hp_per_floor":[72,54,60,60,60,49,53,53,53,39,33,33,39,44,44,15,72,51,51,62,62,62,62,58,58,58,58,58,65,65,72,72,60,72,72,52,39,41,72,72,38,59,59,59,59,59,72,72,72,31],"gold":50,"neow_bonus":"RANDOM_COLORLESS_2","is_daily":false,"chose_seed":false,"campfire_upgraded":10,"win_rate":0.0,"timestamp":1612924324,"path_taken":["M","?","M","?","$","E","M","R","T","?","M","R","M","M","R","BOSS","M","?","M","$","?","R","E","$","T","R","?","M","R","M","R","BOSS","M","M","M","M","?","R","E","R","T","R","?","$","M","?","R","BOSS"],"items_purchased_type":["Card","Relic","Relic","Relic","Card","Relic","Relic","Relic","Potion","Card"],"build_version":"2020-12-22","purchased_purges":1,"victory":true,"max_hp_per_floor":[72,72,72,72,72,72,72,72,72,72,72,72,72,72,72,72,72,72,72,72,72,72,72,72,72,72,72,72,72,72,72,72,72,72,72,72,72,72,72,72,72,72,72,72,72,72,72,72,72,72],"relic_stats":{"Peace Pipe":0,"Dream Catcher":1,"TheAbacus":[6],"counters":[23,114],"Pantograph":25,"Dead Branch":[36],"Bag of Preparation":[26],"Letter Opener":[95],"Cursed Key":2,"obtain_stats":[{"Ice Cream":46,"Golden Idol":2,"Dead Branch":46,"Omamori":21,"Bag of Preparation":21,"Letter Opener":26,"Cursed Key":17,"Burning Blood":0,"Peace Pipe":9,"Dream Catcher":4,"TheAbacus":46,"Pantograph":24,"Toolbox":21,"Bag of Marbles":6,"StrikeDummy":43,"FossilizedHelix":41,"Runic Pyramid":34,"Pocketwatch":39},{"Ice Cream":20,"Golden Idol":1,"Dead Branch":20,"Omamori":10,"Bag of Preparation":10,"Letter Opener":11,"Cursed Key":8,"Burning Blood":0,"Peace Pipe":4,"Dream Catcher":2,"TheAbacus":20,"Pantograph":11,"Toolbox":10,"Bag of Marbles":3,"StrikeDummy":20,"FossilizedHelix":20,"Runic Pyramid":14,"Pocketwatch":19},{"Ice Cream":95,"Golden Idol":5,"Dead Branch":95,"Omamori":40,"Bag of Preparation":40,"Letter Opener":44,"Cursed Key":32,"Burning Blood":0,"Peace Pipe":14,"Dream Catcher":7,"TheAbacus":95,"Pantograph":44,"Toolbox":40,"Bag of Marbles":11,"StrikeDummy":95,"FossilizedHelix":95,"Runic Pyramid":58,"Pocketwatch":87}],"Burning Blood":106,"Pocketwatch":[1]},"card_choices":[{"not_picked":["Thinking Ahead","Sadistic Nature"],"picked":"HandOfGreed","floor":0.0},{"not_picked":["Rupture","Pommel Strike"],"picked":"Thunderclap","floor":1.0},{"not_picked":["Heavy Blade","Clothesline","Uppercut"],"picked":"SKIP","floor":3.0},{"not_picked":["Rupture","Rage"],"picked":"Anger","floor":6.0},{"not_picked":["Cleave","Sever Soul","Disarm"],"picked":"SKIP","floor":7.0},{"not_picked":["Pommel Strike","Thunderclap"],"picked":"Headbutt","floor":11.0},{"not_picked":["Flame Barrier","Carnage"],"picked":"Second Wind","floor":13.0},{"not_picked":["True Grit","Headbutt"],"picked":"Inflame","floor":14.0},{"not_picked":["Exhume","Barricade"],"picked":"Reaper","floor":16.0},{"not_picked":["Reckless Charge","Havoc","Flame Barrier"],"picked":"SKIP","floor":18.0},{"not_picked":["Heavy Blade","Rupture"],"picked":"Dual Wield","floor":20.0},{"not_picked":["Wild Strike+1","Disarm+1"],"picked":"True Grit+1","floor":24.0},{"not_picked":["Warcry","Cleave"],"picked":"Flex","floor":29.0},{"not_picked":["Headbutt","Shrug It Off"],"picked":"Ghostly Armor+1","floor":31.0},{"not_picked":["Demon Form","Bludgeon"],"picked":"Offering","floor":33},{"not_picked":["Perfected Strike+1","Havoc","Cleave"],"picked":"SKIP","floor":35},{"not_picked":["True Grit","Thunderclap","Flex"],"picked":"SKIP","floor":36},{"not_picked":["Iron Wave+1","Clash+1"],"picked":"Armaments+1","floor":37},{"not_picked":["Double Tap","Iron Wave"],"picked":"Shrug It Off+1","floor":38},{"not_picked":["Burning Pact","Iron Wave"],"picked":"Intimidate","floor":39},{"not_picked":["Clash","Perfected Strike","Pommel Strike"],"picked":"SKIP","floor":41},{"not_picked":["Iron Wave","Body Slam"],"picked":"Dual Wield+1","floor":42},{"not_picked":["Heavy Blade","Clothesline"],"picked":"Carnage+1","floor":47},{"not_picked":["Warcry+1","Infernal Blade"],"picked":"Body Slam+1","floor":48}],"player_experience":83501,"relics_obtained":[{"floor":4.0,"key":"Dream Catcher"},{"floor":6.0,"key":"Bag of Marbles"},{"floor":9.0,"key":"Peace Pipe"},{"floor":24.0,"key":"Pantograph"},{"floor":26.0,"key":"Letter Opener"},{"floor":39,"key":"Pocketwatch"},{"floor":41,"key":"FossilizedHelix"},{"floor":43,"key":"StrikeDummy"}],"event_choices":[{"damage_healed":0.0,"max_hp_gain":0.0,"max_hp_loss":0.0,"gold_gain":0.0,"event_name":"Golden Idol","player_choice":"Take Damage","floor":2.0,"gold_loss":0.0,"damage_taken":18.0,"relics_obtained":["Golden Idol"]},{"damage_healed":0.0,"max_hp_gain":0.0,"max_hp_loss":0.0,"gold_gain":0.0,"event_name":"Shining Light","player_choice":"Entered Light","floor":10.0,"gold_loss":0.0,"damage_taken":14.0,"cards_upgraded":["Strike_R","Bash"]},{"damage_healed":0.0,"max_hp_gain":0.0,"max_hp_loss":0.0,"gold_gain":0.0,"event_name":"Back to Basics","player_choice":"Simplicity","floor":19.0,"gold_loss":0.0,"damage_taken":0.0,"cards_upgraded":["Strike_R","Strike_R","Strike_R","Strike_R","Defend_R","Defend_R","Defend_R"]},{"damage_healed":0.0,"max_hp_gain":0.0,"max_hp_loss":0.0,"gold_gain":0.0,"event_name":"Ghosts","player_choice":"Ignored","floor":22.0,"gold_loss":0.0,"damage_taken":0.0},{"damage_healed":0.0,"max_hp_gain":0.0,"max_hp_loss":0.0,"gold_gain":0.0,"event_name":"Vampires","player_choice":"Ignored","floor":28.0,"gold_loss":0.0,"damage_taken":0.0},{"damage_healed":0,"gold_gain":0,"player_choice":"Fight","damage_taken":0,"max_hp_gain":0,"max_hp_loss":0,"event_name":"MindBloom","floor":39,"gold_loss":0},{"damage_healed":0,"gold_gain":333,"player_choice":"Gave Idol","damage_taken":0,"max_hp_gain":0,"max_hp_loss":0,"event_name":"The Moai Head","floor":45,"relics_lost":["Golden Idol"],"gold_loss":0}],"is_beta":false,"boss_relics":[{"not_picked":["Snecko Eye","SacredBark"],"picked":"Cursed Key"},{"not_picked":["Runic Cube","Black Blood"],"picked":"Runic Pyramid"}],"items_purged_floors":[5],"is_endless":false,"potions_floor_spawned":[3,11,13,14,29,31,33,39,47,48],"ascension_level":0}}