{"host":"qxeepl7ydvsgmfdb","time":1612928698,"event":{"mods":["AchievementEnabler","BaseMod","Colored Powertips","Minty Spire (QoL Compilation)","Quick Restart","slay the spire mod where everything is the same but ironclad has a cowboy hat"],"gold_per_floor":[109,109,15,26,301,332,332,343,368,543,543,543,571,536,536,536,536],"floor_reached":16,"language":"ENG","playtime":221,"items_purged":[],"score":210,"play_id":"2cf01dee-fa01-4087-99bb-e947aa4aade7","local_time":"20210209224458","is_ascension_mode":true,"campfire_choices":[{"data":"Dramatic Entrance","floor":7,"key":"SMITH"},{"data":"Dagger Spray","floor":11,"key":"SMITH"},{"floor":15,"key":"REST"}],"circlet_count":0,"master_deck":["AscendersBane","Strike_G","Strike_G","Strike_G","Strike_G","Strike_G","Defend_G","Defend_G","Defend_G","Defend_G","Defend_G","Survivor","Neutralize","Dramatic Entrance+1","Deadly Poison","Dagger Spray+1","Doubt","Catalyst"],"relics":["Ring of the Snake","NeowsBlessing","Oddly Smooth Stone","Bottled Flame","Art of War","Turnip"],"acts_visited":["Exordium"],"potions_floor_usage":[13],"damage_taken":[{"damage":0,"enemies":"2 Louse","floor":1,"turns":1},{"damage":0,"enemies":"Cultist","floor":4,"turns":1},{"damage":0,"enemies":"Lagavulin","floor":6,"turns":1},{"damage":3,"enemies":"Jaw Worm","floor":8,"turns":3},{"damage":31,"enemies":"Gremlin Nob","floor":13,"turns":5},{"damage":54,"enemies":"Slime Boss","floor":16,"turns":5}],"seed_played":"-3753133522897942295","potions_obtained":[{"floor":6,"key":"FearPotion"}],"is_trial":false,"path_per_floor":["M","?","$","M","?","E","R","M","T","?","R","?","E","?","R","B"],"character_chosen":"THE_SILENT","items_purchased":["Dramatic Entrance"],"campfire_rested":1,"item_purchase_floors":[3],"current_hp_per_floor":[63,45,45,45,45,45,45,42,42,42,42,42,11,28,49,0,0],"gold":536,"neow_bonus":"THREE_ENEMY_KILL","is_daily":false,"chose_seed":false,"campfire_upgraded":2,"win_rate":0.0,"timestamp":1612928698,"path_taken":["M","?","$","M","?","E","R","?","T","?","R","?","E","?","R","BOSS"],"items_purchased_type":["Card"],"build_version":"2020-12-22","purchased_purges":0,"victory":false,"max_hp_per_floor":[70,70,70,70,70,70,70,70,70,70,70,70,70,70,70,70,70],"card_choices":[{"not_picked":["Sucker Punch","Flying Knee","Acrobatics"],"picked":"SKIP","floor":1},{"not_picked":["Acrobatics","Prepared","Outmaneuver"],"picked":"SKIP","floor":4},{"not_picked":["Backflip","Predator"],"picked":"Deadly Poison","floor":6},{"not_picked":["Sucker Punch","Cloak And Dagger"],"picked":"Dagger Spray","floor":8},{"not_picked":["Endless Agony","Outmaneuver"],"picked":"Catalyst","floor":13}],"player_experience":140403,"relics_obtained":[{"floor":6,"key":"Bottled Flame"},{"floor":9,"key":"Art of War"},{"floor":13,"key":"Turnip"}],"event_choices":[{"damage_healed":0,"gold_gain":0,"player_choice":"Success","damage_taken":18,"relics_obtained":["Oddly Smooth Stone"],"max_hp_gain":0,"max_hp_loss":0,"event_name":"Scrap Ooze","floor":2,"gold_loss":0},{"damage_healed":0,"gold_gain":275,"player_choice":"Desecrate","damage_taken":0,"max_hp_gain":0,"max_hp_loss":0,"event_name":"Golden Shrine","floor":5,"gold_loss":0,"cards_obtained":["Regret"]},{"damage_healed":0,"gold_gain":175,"player_choice":"AGREE","damage_taken":0,"max_hp_gain":0,"max_hp_loss":0,"event_name":"Liars Game","floor":10,"gold_loss":0,"cards_obtained":["Doubt"]},{"cards_removed":["Regret"],"damage_healed":0,"gold_gain":0,"player_choice":"Forget","damage_taken":0,"max_hp_gain":0,"max_hp_loss":0,"event_name":"Living Wall","floor":12,"gold_loss":0},{"damage_healed":17,"gold_gain":0,"player_choice":"Healed","damage_taken":0,"max_hp_gain":0,"max_hp_loss":0,"event_name":"The Cleric","floor":14,"gold_loss":35}],"is_beta":false,"boss_relics":[],"items_purged_floors":[],"is_endless":false,"potions_floor_spawned":[6],"killed_by":"Slime Boss","ascension_level":12}}