{"host":"ve5hox67eka4rdnb","time":1612942849,"event":{"mods":["ATMod(∞¢Ë™Mod)","AchievementEnabler","Act Like it!","BaseMod","Downfall","Gensokyo","Hermit","Koishi","Lobotomy","LobotomyExtend","Marisa£®ÏF”Í°°ƒß¿Ì…≥£©","Minty Spire (QoL Compilation)","Reimu£®≤©¿ˆ¡È√Œ£©","Remilia£®¿Ÿ√◊¿Ú—«£©","Replay The Spire","Shop Mod","StSLib","The Construct","The Cursed","The Servant 0.9.4"],"gold_per_floor":[115,139,150,165,21,56,56,85,85,85,85,85],"floor_reached":11,"language":"ZHS","playtime":383,"items_purged":["Zap"],"score":89,"play_id":"106d060a-b071-4313-a3a3-5701dd619fa2","local_time":"20210210154049","is_ascension_mode":true,"campfire_choices":[{"data":"ReplayGash","floor":7.0,"key":"SMITH"}],"circlet_count":0,"master_deck":["Strike_B","Strike_B","Strike_B","Strike_B","Defend_B","Defend_B","Defend_B","Defend_B","Dualcast","AT_FamilyPortrait","FTL","Rebound","ReplayGash+1","Pot Of Greed","Pot Of Greed","Hallucinations"],"relics":["AT_ATBox","ReplayTheSpireMod:DimensionalGlitch","LetterFromLob","Grinning Jar","TungstenRod","Mercury Hourglass","ReplayTheSpireMod:Ring of Collecting"],"acts_visited":["Exordium"],"potions_floor_usage":[],"damage_taken":[{"damage":1.0,"enemies":"Cultist","floor":1.0,"turns":4.0},{"damage":0.0,"enemies":"Small Slimes","floor":3.0,"turns":2.0},{"damage":3.0,"enemies":"2 Louse","floor":4.0,"turns":2.0},{"damage":34.0,"enemies":"Gremlin Nob","floor":6.0,"turns":5.0},{"damage":21.0,"enemies":"Lagavulin","floor":8.0,"turns":7.0},{"damage":18,"enemies":"Gremlin Nob","floor":11,"turns":3}],"seed_played":"-7964097538104418263","potions_obtained":[{"floor":1.0,"key":"Elixir"},{"floor":6.0,"key":"Fire Potion"}],"is_trial":false,"path_per_floor":["M","T","M","M","$","E","R","E","T","?","E"],"character_chosen":"DEFECT","items_purchased":["ReplayGash"],"campfire_rested":0,"item_purchase_floors":[5],"current_hp_per_floor":[74,74,74,71,71,37,37,16,16,16,0,0],"gold":85,"neow_bonus":"BOSS_RELIC","is_daily":false,"chose_seed":false,"campfire_upgraded":1,"win_rate":0.0,"timestamp":1612942849,"path_taken":["M","?","M","M","$","E","R","E","T","?","E"],"items_purchased_type":["Card"],"build_version":"2020-12-22","purchased_purges":1,"victory":false,"max_hp_per_floor":[75,75,75,75,75,75,75,75,75,75,75,75],"card_choices":[{"not_picked":["Leap","Conserve Battery"],"picked":"FTL","floor":1.0},{"not_picked":["Compile Driver","Steam","AT_HeatAcrobatics"],"picked":"SKIP","floor":3.0},{"not_picked":["Sweeping Beam","Undo"],"picked":"Rebound","floor":4.0},{"not_picked":["Ball Lightning","Time Bomb","AT_RightCognition"],"picked":"SKIP","floor":6.0},{"not_picked":["Leap","Sweeping Beam","Coolheaded"],"picked":"SKIP","floor":8.0}],"player_experience":203535,"relics_obtained":[{"floor":1.0,"key":"LetterFromLob"},{"floor":6.0,"key":"Grinning Jar"},{"floor":8.0,"key":"TungstenRod"},{"floor":9.0,"key":"Mercury Hourglass"},{"floor":10,"key":"ReplayTheSpireMod:Ring of Collecting"}],"event_choices":[],"is_beta":false,"boss_relics":[],"items_purged_floors":[5],"is_endless":false,"potions_floor_spawned":[1,6],"killed_by":"Gremlin Nob","ascension_level":2}}