{"host":"nlbr7nnijupf3yfg","time":1612916418,"event":{"mods":["AchievementEnabler","BaseMod","Colored Powertips","DeckTracker","Hubris","Minty Spire (QoL Compilation)","Replay The Spire","StSLib","SuperFastMode"],"gold_per_floor":[118,118,118,132,152,152,175,216,216,216,216,229,265,285,285,411,411,431,317,257,257],"floor_reached":20,"language":"ENG","playtime":393,"items_purged":["ReplayTheSpireMod:Restless Dread"],"score":258,"play_id":"59782c8d-e6c5-4f94-8dc4-84302ec3aaf1","local_time":"20210209192018","is_ascension_mode":true,"campfire_choices":[{"data":"Bash","floor":6,"key":"SMITH"},{"floor":10,"key":"REST"},{"floor":15,"key":"REST"}],"circlet_count":0,"master_deck":["Strike_R","Strike_R","Strike_R","Strike_R","Strike_R","Defend_R","Defend_R+1","Defend_R","Defend_R+1","Bash+1","Hemokinesis+1","Injury","Whirlwind","Thunderclap","Pommel Strike","Whirlwind","Sword Boomerang","Reaper","Regret","CommonCold","Bloodletting+1","Infernal Blade","Shrug It Off+1"],"relics":["Burning Blood","NeowsBlessing","Golden Idol","Letter Opener","FossilizedHelix","War Paint","Replay:Ancient Bell","Gremlin Food","Paper Frog","Prayer Wheel"],"acts_visited":["Exordium","TheCity"],"potions_floor_usage":[16,16],"damage_taken":[{"damage":0,"enemies":"2 Louse","floor":1,"turns":1},{"damage":0,"enemies":"Cultist","floor":4,"turns":1},{"damage":0,"enemies":"Small Slimes","floor":5,"turns":1},{"damage":18,"enemies":"Blue Slaver","floor":7,"turns":3},{"damage":34,"enemies":"3 Sentries","floor":8,"turns":6},{"damage":33,"enemies":"Large Slime","floor":12,"turns":5},{"damage":20,"enemies":"Gremlin Nob","floor":13,"turns":4},{"damage":15,"enemies":"Exordium Thugs","floor":14,"turns":3},{"damage":36,"enemies":"Slime Boss","floor":16,"turns":10},{"damage":35,"enemies":"Chosen","floor":18,"turns":5},{"damage":39,"enemies":"2 Thieves","floor":20,"turns":2}],"seed_played":"6665375487102940938","potions_obtained":[{"floor":5,"key":"SpeedPotion"},{"floor":12,"key":"SpeedPotion"},{"floor":13,"key":"SpeedPotion"}],"is_trial":false,"path_per_floor":["M","?","?","M","M","R","M","E","T","R","?","M","E","M","R","B",null,"M","$","M"],"character_chosen":"IRONCLAD","items_purchased":["Shrug It Off+1"],"campfire_rested":2,"item_purchase_floors":[19],"current_hp_per_floor":[78,78,78,80,80,80,68,40,40,64,64,37,23,14,38,8,62,37,37,0,0],"gold":257,"neow_bonus":"THREE_ENEMY_KILL","is_daily":false,"chose_seed":false,"campfire_upgraded":1,"win_rate":0.0,"timestamp":1612916418,"path_taken":["M","?","?","M","?","R","M","E","T","R","?","M","E","?","R","BOSS","M","$","M"],"items_purchased_type":["Card"],"build_version":"2020-12-22","purchased_purges":1,"victory":false,"max_hp_per_floor":[80,80,80,80,80,80,80,80,80,80,80,80,80,80,80,80,80,80,80,80,80],"card_choices":[{"not_picked":["Body Slam","ReplayTheSpireMod:Stacked"],"picked":"Hemokinesis","floor":1},{"not_picked":["Armaments","hubris:ReadiedAction"],"picked":"Whirlwind","floor":4},{"not_picked":["Heavy Blade","Havoc"],"picked":"Thunderclap","floor":5},{"not_picked":["Headbutt","hubris:ReadiedAction"],"picked":"Pommel Strike","floor":7},{"not_picked":["Blood for Blood","Corruption"],"picked":"Whirlwind","floor":8},{"not_picked":["Seeing Red","Replay:Undeath\u0027s Touch"],"picked":"Sword Boomerang","floor":12},{"not_picked":["Exhume","ReplayTheSpireMod:Strike From Hell","Pommel Strike"],"picked":"SKIP","floor":13},{"not_picked":["Clash","Massacre","Run Through"],"picked":"SKIP","floor":14},{"not_picked":["Double Tap","Hemogenesis"],"picked":"Reaper","floor":16},{"not_picked":["ReplayTheSpireMod:Doomed","hubris:Lust"],"picked":"ReplayTheSpireMod:Restless Dread","floor":17},{"not_picked":["Looming Evil","hubris:Compulsion"],"picked":"Regret","floor":17},{"not_picked":["hubris:Disease","Writhe"],"picked":"CommonCold","floor":17},{"not_picked":["Defy Death+1","Flame Barrier"],"picked":"Bloodletting+1","floor":18},{"not_picked":["True Grit","Ghostly Armor"],"picked":"Infernal Blade","floor":18}],"player_experience":45235,"relics_obtained":[{"floor":8,"key":"Letter Opener"},{"floor":9,"key":"FossilizedHelix"},{"floor":13,"key":"War Paint"}],"event_choices":[{"damage_healed":0,"gold_gain":0,"player_choice":"Take Wound","damage_taken":0,"relics_obtained":["Golden Idol"],"max_hp_gain":0,"max_hp_loss":0,"event_name":"Golden Idol","floor":2,"gold_loss":0,"cards_obtained":["Injury"]},{"damage_healed":0,"gold_gain":0,"player_choice":"Upgraded","damage_taken":0,"max_hp_gain":0,"max_hp_loss":0,"event_name":"Upgrade Shrine","floor":3,"gold_loss":0,"cards_upgraded":["Hemokinesis"]},{"damage_healed":0,"gold_gain":0,"player_choice":"Bought 0 Potions","damage_taken":0,"max_hp_gain":0,"max_hp_loss":0,"event_name":"The Woman in Blue","floor":11,"gold_loss":0}],"is_beta":false,"boss_relics":[{"not_picked":["Replay:Bronze Core","hubris:Stopwatch"],"picked":"Replay:Ancient Bell"},{"not_picked":["King of Hearts","Blue Doll"],"picked":"Gremlin Food"},{"not_picked":["Replay:Bottled Flurry","hubris:DisguiseKit"],"picked":"Paper Frog"},{"not_picked":["Counterbalance","Replay:Arrowhead"],"picked":"Prayer Wheel"}],"items_purged_floors":[19],"is_endless":false,"potions_floor_spawned":[5,12,13,14],"killed_by":"2 Thieves","ascension_level":8}}