{"host":"wshey5htrz8rni6u","time":1612993420,"event":{"mods":["2.2 Compatiblity","BaseMod","Block Reminder","Colored Map","Colored Powertips","Current Relic Mod","Curses Come First","Dark Map","Key Reminder","Minty Spire (QoL Compilation)","Potion Indicator Mod","Quick Restart","Random Character Button","Relic Sorter","Relic Stats","StSLib","SuperFastMode","Twitch Utils","Unceasing Turn Reminder","Weighted Paths","everything is the same but u backflip on backflip"],"gold_per_floor":[115,115,6,6,6,6,44,44,44,85,4,4,27,65,65,193,193,209,209,209,225,47,78,78,106,106,61,75,75,105,118,118,221,221,231,231,245,225,237,270,270,298,298,318,85,85,105,115,115,115,115,115,32,64,64],"floor_reached":56,"language":"ENG","playtime":3606,"items_purged":["Strike_G","Strike_G","Normality"],"score":1408,"play_id":"222a041a-3329-442d-b81d-36343c2f5890","local_time":"20210210134340","is_ascension_mode":true,"campfire_choices":[{"data":"Neutralize","floor":6,"key":"SMITH"},{"data":"Infinite Blades","floor":8,"key":"SMITH"},{"data":"Catalyst","floor":15,"key":"SMITH"},{"data":"Tactician","floor":29,"key":"SMITH"},{"data":"Reflex","floor":32,"key":"SMITH"},{"data":"Bullet Time","floor":41,"key":"SMITH"},{"floor":46,"key":"REST"},{"floor":49,"key":"RECALL"},{"data":"Reflex","floor":52,"key":"SMITH"}],"circlet_count":0,"master_deck":["Strike_G","Defend_G","Defend_G","Defend_G","Defend_G","Defend_G","Survivor","Neutralize+1","Infinite Blades+1","Noxious Fumes","Endless Agony","Dagger Throw","Tools of the Trade","Blade Dance","Dagger Spray","Distraction","Catalyst+1","Malaise","Leg Sweep","Reflex+1","Tactician+1","Phantasmal Killer","Tools of the Trade","Backflip","Prepared+1","Prepared","Backflip","Bullet Time+1","Underhanded Strike","Predator+1","Dash+1","Eviscerate","Terror","Decay","Reflex+1","Acrobatics","Well Laid Plans+1","Adrenaline","Blade Dance+1","Footwork+1","PiercingWail"],"relics":["Ring of the Snake","NeowsBlessing","Bloody Idol","PreservedInsect","Pen Nib","Dead Branch","Dream Catcher","NlothsMask","Sundial","Cursed Key","Enchiridion","Paper Crane","Bottled Flame","Boot","WristBlade","Pantograph","Frozen Egg 2","CaptainsWheel"],"acts_visited":["Exordium","TheCity","TheBeyond","TheEnding"],"potions_floor_usage":[33,39,40,50],"damage_taken":[{"damage":0,"enemies":"Small Slimes","floor":1,"turns":1},{"damage":0,"enemies":"Lagavulin","floor":7,"turns":2},{"damage":0,"enemies":"Gremlin Nob","floor":10,"turns":1},{"damage":1,"enemies":"Jaw Worm","floor":13,"turns":3},{"damage":0,"enemies":"3 Sentries","floor":14,"turns":3},{"damage":7,"enemies":"Hexaghost","floor":16,"turns":9},{"damage":3,"enemies":"Shell Parasite","floor":18,"turns":3},{"damage":0,"enemies":"3 Byrds","floor":21,"turns":3},{"damage":0,"enemies":"Gremlin Leader","floor":23,"turns":4},{"damage":3,"enemies":"Book of Stabbing","floor":25,"turns":5},{"damage":0,"enemies":"Snake Plant","floor":28,"turns":6},{"damage":14,"enemies":"Slavers","floor":30,"turns":3},{"damage":1,"enemies":"Chosen and Byrds","floor":31,"turns":3},{"damage":4,"enemies":"Champ","floor":33,"turns":5},{"damage":10,"enemies":"Orb Walker","floor":35,"turns":4},{"damage":0,"enemies":"3 Darklings","floor":37,"turns":3},{"damage":13,"enemies":"Spire Growth","floor":39,"turns":3},{"damage":30,"enemies":"Reptomancer","floor":40,"turns":4},{"damage":10,"enemies":"Nemesis","floor":42,"turns":5},{"damage":13,"enemies":"4 Shapes","floor":44,"turns":5},{"damage":2,"enemies":"Sphere and 2 Shapes","floor":47,"turns":5},{"damage":0,"enemies":"3 Darklings","floor":48,"turns":3},{"damage":25,"enemies":"Awakened One","floor":50,"turns":9},{"damage":8,"enemies":"Shield and Spear","floor":54,"turns":2},{"damage":41,"enemies":"The Heart","floor":55,"turns":8}],"seed_played":"-3303588408822757892","potions_obtained":[{"floor":1,"key":"Swift Potion"},{"floor":14,"key":"EssenceOfSteel"},{"floor":18,"key":"Poison Potion"},{"floor":25,"key":"DuplicationPotion"},{"floor":38,"key":"BlessingOfTheForge"},{"floor":39,"key":"FairyPotion"},{"floor":42,"key":"EssenceOfSteel"}],"is_trial":false,"path_per_floor":["M","?","$","?","?","R","E","R","T","E","$","?","M","E","R","B",null,"M","?","?","M","$","E","?","E","T","$","M","R","E","M","R","B",null,"M","?","M","?","M","E","R","E","T","M","$","R","M","M","R","B",null,"R","$","E","B",null],"character_chosen":"THE_SILENT","items_purchased":["Noxious Fumes","Blade Dance","Dagger Spray","Tactician","Backflip","Acrobatics","Well Laid Plans+1","Footwork+1","PiercingWail"],"campfire_rested":1,"item_purchase_floors":[3,11,11,22,27,45,45,53,53],"current_hp_per_floor":[70,65,65,53,53,53,53,53,53,53,53,53,52,52,52,45,65,62,62,46,46,46,46,46,48,48,48,53,53,44,48,48,49,65,60,60,65,65,57,32,32,27,27,19,19,38,41,46,46,40,65,65,65,62,24],"gold":64,"neow_bonus":"THREE_ENEMY_KILL","is_daily":false,"chose_seed":false,"campfire_upgraded":7,"win_rate":0.0,"timestamp":1612993420,"path_taken":["M","?","$","?","?","R","E","R","T","E","$","?","?","E","R","BOSS","M","?","?","M","$","E","?","E","T","?","M","R","E","?","R","BOSS","M","?","M","?","M","E","R","E","T","?","$","R","M","M","R","BOSS","R","$","E","BOSS"],"items_purchased_type":["Card","Card","Card","Card","Card","Card","Card","Card","Card"],"build_version":"2020-12-13","purchased_purges":3,"victory":true,"max_hp_per_floor":[70,65,65,65,65,65,65,65,65,65,65,65,65,65,65,65,65,65,65,65,65,65,65,65,65,65,65,65,65,65,65,65,65,65,65,65,65,65,65,65,65,65,65,65,65,65,65,65,65,65,65,65,65,65,65],"relic_stats":{"Dream Catcher":1,"counters":[25,102],"Sundial":[12],"Bloody Idol":70,"Dead Branch":[274],"Pantograph":22,"PreservedInsect":332,"Pen Nib":[37],"Cursed Key":2,"Boot":[42],"obtain_stats":[{"NeowsBlessing":0,"Golden Idol":2,"Dead Branch":9,"Enchiridion":20,"PreservedInsect":4,"Pen Nib":7,"Paper Crane":23,"Frozen Egg 2":42,"Cursed Key":17,"Boot":30,"keyreminder:keyreminder":40,"Dream Catcher":10,"Bottled Flame":25,"CaptainsWheel":54,"WristBlade":34,"Sundial":14,"Bloody Idol":24,"Pantograph":40,"Ring of the Snake":0,"NlothsMask":12},{"NeowsBlessing":0,"Golden Idol":1,"Dead Branch":2,"Enchiridion":7,"PreservedInsect":1,"Pen Nib":2,"Paper Crane":9,"Frozen Egg 2":19,"Cursed Key":6,"Boot":12,"keyreminder:keyreminder":18,"Dream Catcher":3,"Bottled Flame":10,"CaptainsWheel":24,"WristBlade":14,"Sundial":5,"Bloody Idol":9,"Pantograph":18,"Ring of the Snake":0,"NlothsMask":3},{"NeowsBlessing":0,"Golden Idol":1,"Dead Branch":3,"Enchiridion":22,"PreservedInsect":1,"Pen Nib":3,"Paper Crane":29,"Frozen Egg 2":70,"Cursed Key":19,"Boot":43,"keyreminder:keyreminder":65,"Dream Catcher":4,"Bottled Flame":34,"CaptainsWheel":94,"WristBlade":51,"Sundial":10,"Bloody Idol":29,"Pantograph":65,"Ring of the Snake":0,"NlothsMask":4}],"Ring of the Snake":[51]},"card_choices":[{"not_picked":["Bane","Poisoned Stab"],"picked":"Infinite Blades","floor":1},{"not_picked":["Distraction","Deadly Poison"],"picked":"Dagger Throw","floor":7},{"not_picked":["Dagger Throw","Slice"],"picked":"Tools of the Trade","floor":10},{"not_picked":["Bouncing Flask","Deadly Poison"],"picked":"Distraction","floor":13},{"not_picked":["Noxious Fumes","Skewer"],"picked":"Catalyst","floor":14},{"not_picked":["Glass Knife","Burst"],"picked":"Malaise","floor":16},{"not_picked":["Heel Hook","Underhanded Strike"],"picked":"Leg Sweep","floor":18},{"not_picked":["Quick Slash","Sucker Punch+1"],"picked":"Reflex","floor":21},{"not_picked":["Outmaneuver","Backflip"],"picked":"Phantasmal Killer","floor":23},{"not_picked":["Leg Sweep","Blade Dance"],"picked":"Tools of the Trade","floor":25},{"not_picked":["PiercingWail","Sucker Punch"],"picked":"Prepared+1","floor":28},{"not_picked":["Deadly Poison","Escape Plan"],"picked":"Prepared","floor":30},{"not_picked":["Deadly Poison+1","Bane"],"picked":"Backflip","floor":31},{"not_picked":["Malaise","Glass Knife"],"picked":"Bullet Time","floor":33},{"not_picked":["Quick Slash+1","Calculated Gamble"],"picked":"Underhanded Strike","floor":35},{"not_picked":["Quick Slash+1","Crippling Poison"],"picked":"Predator+1","floor":37},{"not_picked":["Prepared","Eviscerate+1"],"picked":"Dash+1","floor":39},{"not_picked":["Bouncing Flask","Choke+1"],"picked":"Eviscerate","floor":40},{"not_picked":["Sucker Punch","Dodge and Roll+1"],"picked":"Terror","floor":42},{"not_picked":["Deflect+1","Poisoned Stab+1"],"picked":"Reflex","floor":44},{"not_picked":["Blade Dance","Bane"],"picked":"Adrenaline","floor":46},{"not_picked":["Poisoned Stab+1","Die Die Die"],"picked":"Blade Dance+1","floor":47},{"not_picked":["Dagger Throw","Quick Slash+1","Slice+1"],"picked":"SKIP","floor":48},{"not_picked":["Sucker Punch+1","Bane","Dagger Spray+1"],"picked":"SKIP","floor":54}],"player_experience":32354,"relics_obtained":[{"floor":7,"key":"Pen Nib"},{"floor":9,"key":"Dead Branch"},{"floor":10,"key":"Dream Catcher"},{"floor":14,"key":"Sundial"},{"floor":20,"key":"Enchiridion"},{"floor":23,"key":"Paper Crane"},{"floor":25,"key":"Bottled Flame"},{"floor":30,"key":"Boot"},{"floor":40,"key":"Pantograph"},{"floor":42,"key":"Frozen Egg 2"},{"floor":54,"key":"CaptainsWheel"}],"event_choices":[{"damage_healed":0,"gold_gain":0,"player_choice":"Lose Max HP","damage_taken":0,"relics_obtained":["Golden Idol"],"max_hp_gain":0,"max_hp_loss":5,"event_name":"Golden Idol","floor":2,"gold_loss":0},{"damage_healed":0,"gold_gain":0,"player_choice":"Success","damage_taken":12,"relics_obtained":["PreservedInsect"],"max_hp_gain":0,"max_hp_loss":0,"event_name":"Scrap Ooze","floor":4,"gold_loss":0},{"damage_healed":0,"gold_gain":0,"cards_transformed":["Strike_G"],"player_choice":"Change","damage_taken":0,"max_hp_gain":0,"max_hp_loss":0,"event_name":"Living Wall","floor":5,"gold_loss":0,"cards_obtained":["Endless Agony"]},{"damage_healed":0,"gold_gain":0,"player_choice":"Trade","damage_taken":0,"relics_obtained":["NlothsMask"],"max_hp_gain":0,"max_hp_loss":0,"event_name":"FaceTrader","floor":12,"gold_loss":0},{"damage_healed":0,"gold_gain":0,"player_choice":"Ignored","damage_taken":0,"max_hp_gain":0,"max_hp_loss":0,"event_name":"Vampires","floor":19,"gold_loss":0},{"damage_healed":0,"gold_gain":0,"player_choice":"Obtained Book","damage_taken":16,"max_hp_gain":0,"max_hp_loss":0,"event_name":"Cursed Tome","floor":20,"gold_loss":0},{"damage_healed":0,"gold_gain":0,"player_choice":"Gave Idol","damage_taken":0,"relics_obtained":["Bloody Idol"],"max_hp_gain":0,"max_hp_loss":0,"event_name":"Forgotten Altar","floor":24,"relics_lost":["Golden Idol"],"gold_loss":0},{"cards_removed":["Strike_G"],"damage_healed":0,"gold_gain":0,"player_choice":"Removed Attack","damage_taken":0,"max_hp_gain":0,"max_hp_loss":0,"event_name":"Falling","floor":36,"gold_loss":0},{"damage_healed":0,"gold_gain":0,"player_choice":"Bought 1 Potion","damage_taken":0,"max_hp_gain":0,"max_hp_loss":0,"event_name":"The Woman in Blue","floor":38,"gold_loss":0}],"is_beta":false,"boss_relics":[{"not_picked":["Ring of the Serpent","Runic Pyramid"],"picked":"Cursed Key"},{"not_picked":["Astrolabe","Coffee Dripper"],"picked":"WristBlade"}],"items_purged_floors":[3,22,45],"is_endless":false,"potions_floor_spawned":[1,14,18,21,25,30,39,42,44],"ascension_level":1}}