{"host":"k1qq3tnzhl68zvao","time":1612936194,"event":{"mods":["ATMod(阿瑾Mod)","AchievementEnabler","BaseMod","Colored Powertips","Conspire","DeckTracker","Downfall","Energized Spire","GifTheSpireLib","Minty Spire (QoL Compilation)","Quick Restart","Relic Filter Mod","Replay The Spire","Spicy Shops","StSLib","【遗物卡牌】REMEMod"],"gold_per_floor":[118,118,144,144,195,228,228,8,8,83,110,127,165,195,195,209,209],"floor_reached":16,"language":"ZHS","playtime":600,"items_purged":["Regret"],"score":249,"play_id":"808aade3-4549-4040-9579-50a95378ffb2","local_time":"20210210134954","is_ascension_mode":true,"campfire_choices":[{"data":"Flex","floor":7,"key":"SMITH"},{"data":"AT_FamilyPortrait","floor":15,"key":"SMITH"}],"circlet_count":0,"master_deck":["AscendersBane","Strike_R","Strike_R","Strike_R","Strike_R","Defend_R","Defend_R","Defend_R","Defend_R","Bash","AT_FamilyPortrait+1","Glass Knife","Twin Strike","ReplayTheSpireMod:Strike From Hell","Flex+1","Shrug It Off","Reaper","Rage"],"relics":["Burning Blood","AT_ATBox","REME_ComplimentaryCards","NeowsBlessing","Orichalcum","AT_BellDemon","conspire:TopHat","Prayer Wheel","Replay:Bottled Steam","HandDrill","Bottled Flame","conspire:DeflatedDodgeball","Onion Ring","Replay:Bandana","Blood Vial","Counterbalance","Centennial Puzzle"],"acts_visited":["Exordium"],"potions_floor_usage":[13,13],"damage_taken":[{"damage":0,"enemies":"Jaw Worm","floor":1,"turns":1},{"damage":0,"enemies":"Gremlin Nob","floor":6,"turns":1},{"damage":0,"enemies":"Replay:BlueRogue","floor":11,"turns":1},{"damage":0,"enemies":"2 Louse","floor":12,"turns":1},{"damage":40,"enemies":"Lagavulin","floor":13,"turns":5},{"damage":19,"enemies":"Small Slimes","floor":14,"turns":2},{"damage":53,"enemies":"Hexaghost","floor":16,"turns":12}],"seed_played":"-7774112044203205555","potions_obtained":[{"floor":1,"key":"Adrenaline Potion"},{"floor":5,"key":"EssenceOfSteel"},{"floor":13,"key":"Reflective Coating"}],"is_trial":false,"path_per_floor":["M","?","T","?","?","E","R","$","T","?","E","M","E","M","R","B"],"character_chosen":"IRONCLAD","items_purchased":["HandDrill"],"campfire_rested":0,"item_purchase_floors":[8],"current_hp_per_floor":[78,71,71,71,71,77,77,77,77,66,72,78,44,43,43,4,4],"gold":209,"neow_bonus":"THREE_ENEMY_KILL","is_daily":false,"chose_seed":false,"campfire_upgraded":2,"win_rate":0.0,"timestamp":1612936194,"path_taken":["M","?","?","?","?","E","R","$","T","?","E","M","E","M","R","BOSS"],"items_purchased_type":["Relic"],"build_version":"2020-12-22","purchased_purges":1,"victory":false,"max_hp_per_floor":[80,80,80,80,80,80,80,80,80,80,80,80,80,80,80,80,80],"card_choices":[{"not_picked":["Thunderclap","Clash","Clothesline"],"picked":"SKIP","floor":1},{"not_picked":["Flame Barrier","ReplayTheSpireMod:LeadingStrike"],"picked":"Twin Strike","floor":5},{"not_picked":["Cleave","Uppercut"],"picked":"ReplayTheSpireMod:Strike From Hell","floor":5},{"not_picked":["Headbutt","Searing Blow"],"picked":"Flex","floor":6},{"not_picked":["Pommel Strike","Rupture","Heavy Blade"],"picked":"SKIP","floor":11},{"not_picked":["Ghostly Armor","Heavy Blade"],"picked":"Shrug It Off","floor":12},{"not_picked":["Heavy Blade","AT_DrawKnifeCut"],"picked":"Reaper","floor":12},{"not_picked":["Shockwave","AT_Dispersion","Run Through"],"picked":"SKIP","floor":13},{"not_picked":["Iron Wave","Cleave"],"picked":"Rage","floor":14},{"not_picked":["Entrench","Iron Wave","Dark Embrace"],"picked":"SKIP","floor":14}],"player_experience":538709,"relics_obtained":[{"floor":3,"key":"Orichalcum"},{"floor":5,"key":"conspire:TopHat"},{"floor":6,"key":"Prayer Wheel"},{"floor":6,"key":"Replay:Bottled Steam"},{"floor":9,"key":"Bottled Flame"},{"floor":11,"key":"conspire:DeflatedDodgeball"},{"floor":11,"key":"Onion Ring"},{"floor":12,"key":"Replay:Bandana"},{"floor":13,"key":"Blood Vial"},{"floor":13,"key":"Counterbalance"},{"floor":14,"key":"Centennial Puzzle"}],"event_choices":[{"cards_removed":["Strike_R"],"damage_healed":0,"gold_gain":0,"player_choice":"Card Removal","damage_taken":7,"max_hp_gain":0,"max_hp_loss":0,"event_name":"Golden Wing","floor":2,"gold_loss":0},{"damage_healed":0,"gold_gain":0,"player_choice":"Box","damage_taken":0,"relics_obtained":["AT_BellDemon"],"max_hp_gain":0,"max_hp_loss":0,"event_name":"Big Fish","floor":4,"gold_loss":0,"cards_obtained":["Regret"]},{"damage_healed":0,"gold_gain":75,"player_choice":"Gather Gold","damage_taken":11,"max_hp_gain":0,"max_hp_loss":0,"event_name":"World of Goop","floor":10,"gold_loss":0}],"is_beta":false,"boss_relics":[],"items_purged_floors":[8],"is_endless":false,"potions_floor_spawned":[1,13],"killed_by":"Hexaghost","ascension_level":10}}