{"host":"x5nedmcg1ruvdks4","time":1612997141,"event":{"mods":["AchievementEnabler","BaseMod","Block Reminder","DeckTracker","Minty Spire (QoL Compilation)","Permanent Neow"],"gold_per_floor":[114,124,140,150,118,118,144,144,226,259,259,273,273,273,273,376,376,389,401,411,425,350,381,381,414,441,441,453,476,476,185,185,282,282,299,354,404,404,76,76,96,121,147,173,20,45,45,72,72,72,72],"floor_reached":50,"language":"ENG","playtime":2915,"items_purged":["Defend_B"],"score":877,"play_id":"3e524ba6-7c4c-44b1-9511-40da54541dc1","local_time":"20210210234541","is_ascension_mode":true,"campfire_choices":[{"data":"Turbo","floor":6.0,"key":"SMITH"},{"data":"Defragment","floor":8.0,"key":"SMITH"},{"data":"Genetic Algorithm","floor":11.0,"key":"SMITH"},{"data":"Turbo","floor":13.0,"key":"SMITH"},{"data":"Zap","floor":15.0,"key":"SMITH"},{"floor":27.0,"key":"RECALL"},{"data":"Fission","floor":30.0,"key":"SMITH"},{"data":"Capacitor","floor":32.0,"key":"SMITH"},{"data":"Storm","floor":40.0,"key":"SMITH"},{"data":"Fission","floor":47.0,"key":"SMITH"},{"data":"Buffer","floor":49.0,"key":"SMITH"}],"circlet_count":0,"master_deck":["Strike_B","Strike_B+1","Defend_B","Zap+1","Dualcast","Genetic Algorithm+1","BootSequence","Conserve Battery","Conserve Battery","Reboot","Turbo+1","Defragment+1","Static Discharge","All For One+1","Turbo+1","Electrodynamics","Chill","Defragment","Fission+1","Capacitor+1","Buffer+1","Ball Lightning","Ball Lightning+1","Storm+1","Electrodynamics","Fission+1","Tempest+1","Force Field"],"relics":["Cracked Core","Bronze Scales","Gremlin Horn","Calipers","SacredBark","Vajra","Whetstone","Akabeko","Toy Ornithopter","SlaversCollar","Ginger","TungstenRod","Question Card","Anchor","Potion Belt","Orichalcum","Bottled Lightning","Smiling Mask"],"acts_visited":["Exordium","TheCity","TheBeyond"],"potions_floor_usage":[50],"damage_taken":[{"damage":0.0,"enemies":"Cultist","floor":1.0,"turns":4.0},{"damage":0.0,"enemies":"2 Louse","floor":2.0,"turns":2.0},{"damage":0.0,"enemies":"Jaw Worm","floor":3.0,"turns":5.0},{"damage":0.0,"enemies":"Blue Slaver","floor":4.0,"turns":5.0},{"damage":8.0,"enemies":"Exordium Thugs","floor":5.0,"turns":5.0},{"damage":16.0,"enemies":"Lagavulin","floor":7.0,"turns":8.0},{"damage":0.0,"enemies":"3 Sentries","floor":10.0,"turns":8.0},{"damage":11.0,"enemies":"Large Slime","floor":12.0,"turns":7.0},{"damage":23.0,"enemies":"Slime Boss","floor":16.0,"turns":8.0},{"damage":11.0,"enemies":"Shell Parasite","floor":18.0,"turns":7.0},{"damage":17.0,"enemies":"2 Thieves","floor":19.0,"turns":3.0},{"damage":10.0,"enemies":"Snake Plant","floor":20.0,"turns":4.0},{"damage":0.0,"enemies":"Centurion and Healer","floor":21.0,"turns":4.0},{"damage":12.0,"enemies":"Slavers","floor":23.0,"turns":5.0},{"damage":14.0,"enemies":"Book of Stabbing","floor":25.0,"turns":5.0},{"damage":6.0,"enemies":"3 Cultists","floor":28.0,"turns":4.0},{"damage":32.0,"enemies":"Automaton","floor":33.0,"turns":8.0},{"damage":11.0,"enemies":"3 Shapes","floor":35.0,"turns":4.0},{"damage":7.0,"enemies":"2 Orb Walkers","floor":36.0,"turns":3.0},{"damage":16.0,"enemies":"Mind Bloom Boss Battle","floor":37.0,"turns":8.0},{"damage":5.0,"enemies":"Orb Walker","floor":41.0,"turns":2.0},{"damage":0.0,"enemies":"Reptomancer","floor":42.0,"turns":3.0},{"damage":0.0,"enemies":"Giant Head","floor":44.0,"turns":6.0},{"damage":17.0,"enemies":"Nemesis","floor":46.0,"turns":5.0},{"damage":0.0,"enemies":"Reptomancer","floor":48.0,"turns":2.0},{"damage":35,"enemies":"Awakened One","floor":50,"turns":7}],"seed_played":"-8426861525362551155","potions_obtained":[{"floor":3.0,"key":"EssenceOfSteel"},{"floor":5.0,"key":"Dexterity Potion"},{"floor":10.0,"key":"Fire Potion"},{"floor":16.0,"key":"Block Potion"},{"floor":20.0,"key":"Regen Potion"},{"floor":23.0,"key":"PowerPotion"},{"floor":25.0,"key":"Energy Potion"},{"floor":28.0,"key":"Swift Potion"},{"floor":35.0,"key":"SteroidPotion"},{"floor":36.0,"key":"FocusPotion"},{"floor":44.0,"key":"SpeedPotion"}],"is_trial":false,"path_per_floor":["M","M","M","M","M","R","E","R","T","E","R","M","R","?","R","B",null,"M","M","M","M","?","E","?","E","T","R","M","T","R","$","R","B",null,"M","?","?","?","$","R","M","E","T","E","$","E","R","E","R","B"],"character_chosen":"DEFECT","items_purchased":["Capacitor","Toy Ornithopter","Storm","Question Card","Fission"],"campfire_rested":0,"item_purchase_floors":[31,31,39,39,45],"current_hp_per_floor":[54,54,54,54,46,46,30,30,30,30,30,19,19,44,44,21,75,64,47,37,37,37,59,59,45,45,45,39,39,39,39,39,7,75,64,57,41,41,41,41,36,41,41,46,46,29,29,29,29,0,0],"gold":72,"neow_bonus":"TRANSFORM_TWO_CARDS","is_daily":false,"chose_seed":false,"campfire_upgraded":10,"win_rate":0.0,"timestamp":1612997141,"path_taken":["M","M","?","M","M","R","E","R","T","E","R","M","R","?","R","BOSS","M","M","M","M","?","E","?","E","T","R","?","?","R","$","R","BOSS","M","?","?","?","$","R","M","E","T","E","$","E","R","E","R","BOSS"],"items_purchased_type":["Card","Relic","Card","Relic","Card"],"build_version":"2020-12-22","purchased_purges":1,"victory":false,"max_hp_per_floor":[75,75,75,75,75,75,75,75,75,75,75,75,75,75,75,75,75,75,75,75,75,75,75,75,75,75,75,75,75,75,75,75,75,75,75,75,75,75,75,75,75,75,75,75,75,75,75,75,75,75,75],"card_choices":[{"not_picked":["Rebound","Streamline"],"picked":"Conserve Battery","floor":1.0},{"not_picked":["Aggregate","Cold Snap"],"picked":"Conserve Battery","floor":2.0},{"not_picked":["Aggregate","Static Discharge"],"picked":"Reboot","floor":3.0},{"not_picked":["Leap","Static Discharge"],"picked":"Turbo","floor":4.0},{"not_picked":["Gash","BootSequence"],"picked":"Defragment","floor":5.0},{"not_picked":["Coolheaded","Ball Lightning"],"picked":"Static Discharge","floor":7.0},{"not_picked":["Hologram","Beam Cell"],"picked":"All For One","floor":10.0},{"not_picked":["Steam","Leap"],"picked":"Turbo","floor":12.0},{"not_picked":["Echo Form","Meteor Strike"],"picked":"Electrodynamics","floor":16.0},{"not_picked":["Leap","Darkness","Steam"],"picked":"SKIP","floor":18.0},{"not_picked":["Rebound","Darkness"],"picked":"Chill","floor":19.0},{"not_picked":["Melter","Stack+1"],"picked":"Rebound+1","floor":20.0},{"not_picked":["Gash","Leap","Steam+1"],"picked":"SKIP","floor":21.0},{"not_picked":["Hologram","Rebound+1"],"picked":"Defragment","floor":23.0},{"not_picked":["Tempest","Conserve Battery"],"picked":"Fission","floor":25.0},{"not_picked":["Hologram","Leap+1","Barrage"],"picked":"SKIP","floor":28.0},{"not_picked":["Hyperbeam","Core Surge"],"picked":"Buffer","floor":33.0},{"not_picked":["Undo","Cold Snap+1"],"picked":"Ball Lightning","floor":35.0},{"not_picked":["Go for the Eyes","Rip and Tear"],"picked":"Ball Lightning+1","floor":37.0},{"not_picked":["Compile Driver","Glacier","Streamline+1"],"picked":"Electrodynamics","floor":41.0},{"not_picked":["Hologram","Coolheaded","Gash+1","Doom and Gloom"],"picked":"SKIP","floor":42.0},{"not_picked":["Steam","Streamline+1","Compile Driver","Cold Snap"],"picked":"SKIP","floor":44.0},{"not_picked":["Beam Cell+1","Barrage","Chill"],"picked":"Tempest+1","floor":46.0},{"not_picked":["Steam+1","All For One","Leap"],"picked":"Force Field","floor":48.0}],"player_experience":81907,"relics_obtained":[{"floor":7.0,"key":"Bronze Scales"},{"floor":9.0,"key":"Gremlin Horn"},{"floor":10.0,"key":"Calipers"},{"floor":23.0,"key":"Vajra"},{"floor":25.0,"key":"Whetstone"},{"floor":29.0,"key":"Akabeko"},{"floor":36.0,"key":"Ginger"},{"floor":37.0,"key":"TungstenRod"},{"floor":42.0,"key":"Anchor"},{"floor":43.0,"key":"Potion Belt"},{"floor":44.0,"key":"Orichalcum"},{"floor":46.0,"key":"Bottled Lightning"},{"floor":48.0,"key":"Smiling Mask"}],"event_choices":[{"damage_healed":25.0,"max_hp_gain":0.0,"max_hp_loss":0.0,"gold_gain":0.0,"event_name":"Big Fish","player_choice":"Banana","floor":14.0,"gold_loss":0.0,"damage_taken":0.0},{"cards_removed":["Defend_B"],"damage_healed":0.0,"max_hp_gain":0.0,"max_hp_loss":0.0,"gold_gain":0.0,"event_name":"Beggar","player_choice":"Gave Gold","floor":22.0,"gold_loss":75.0,"damage_taken":0.0},{"cards_removed":["Defend_B"],"damage_healed":0.0,"max_hp_gain":0.0,"max_hp_loss":0.0,"gold_gain":0.0,"event_name":"Bonfire Elementals","player_choice":"Offered Basic","floor":24.0,"gold_loss":0.0,"damage_taken":0.0},{"damage_healed":0.0,"max_hp_gain":0.0,"max_hp_loss":0.0,"gold_gain":0.0,"event_name":"Mysterious Sphere","player_choice":"Fight","floor":36.0,"gold_loss":0.0,"damage_taken":0.0},{"damage_healed":0.0,"max_hp_gain":0.0,"max_hp_loss":0.0,"gold_gain":0.0,"event_name":"MindBloom","player_choice":"Fight","floor":37.0,"gold_loss":0.0,"damage_taken":0.0},{"cards_removed":["Rebound"],"damage_healed":0.0,"max_hp_gain":0.0,"max_hp_loss":0.0,"gold_gain":0.0,"event_name":"Falling","player_choice":"Removed Attack","floor":38.0,"gold_loss":0.0,"damage_taken":0.0}],"is_beta":false,"boss_relics":[{"not_picked":["FrozenCore","Velvet Choker"],"picked":"SacredBark"},{"not_picked":["Sozu","Philosopher\u0027s Stone"],"picked":"SlaversCollar"}],"items_purged_floors":[31],"is_endless":false,"potions_floor_spawned":[3,5,10,16,20,23,25,28,35,36,41,44],"killed_by":"Awakened One","ascension_level":4}}