{"host":"h4lp0eeso8a0ssq0","time":1612915281,"event":{"mods":["2.2 Compatiblity","AchievementEnabler","BaseMod","CapriCore","Colored Map","Minty Spire (QoL Compilation)","StSLib","SuperFastMode"],"gold_per_floor":[110,124,124,124,199,199,232,232,232,46,67,80,80,100,100,191,191,210,229,229,229],"floor_reached":20,"language":"KOR","playtime":377,"items_purged":[],"score":368,"play_id":"58c9911a-34e4-46a1-9ef6-5343dc57cf22","local_time":"20210210090121","is_ascension_mode":true,"campfire_choices":[{"data":"Dodge and Roll","floor":6.0,"key":"SMITH"},{"data":"Corpse Explosion","floor":8.0,"key":"SMITH"},{"data":"Deadly Poison","floor":15.0,"key":"SMITH"}],"circlet_count":0,"master_deck":["AscendersBane","Strike_G","Strike_G","Strike_G","Strike_G","Defend_G","Defend_G","Defend_G","Defend_G","Defend_G","Survivor","Neutralize","Acrobatics","Dodge and Roll+1","Corpse Explosion+1","Deadly Poison+1","Blur","Tactician","Poisoned Stab","Dagger Throw","Malaise","Blade Dance+1","Backflip"],"relics":["Ring of the Snake","NeowsBlessing","Golden Idol","FossilizedHelix","Tiny Chest","MealTicket","Cursed Key"],"acts_visited":["Exordium","TheCity"],"potions_floor_usage":[],"damage_taken":[{"damage":0.0,"enemies":"Small Slimes","floor":1.0,"turns":1.0},{"damage":0.0,"enemies":"2 Louse","floor":2.0,"turns":1.0},{"damage":0.0,"enemies":"Gremlin Nob","floor":7.0,"turns":1.0},{"damage":0.0,"enemies":"Cultist","floor":11.0,"turns":4.0},{"damage":0.0,"enemies":"2 Fungi Beasts","floor":12.0,"turns":4.0},{"damage":0.0,"enemies":"3 Louse","floor":14.0,"turns":2.0},{"damage":25.0,"enemies":"Hexaghost","floor":16.0,"turns":10.0},{"damage":16.0,"enemies":"Shell Parasite","floor":18.0,"turns":5.0},{"damage":9,"enemies":"Spheric Guardian","floor":19,"turns":4},{"damage":17,"enemies":"Cultist and Chosen","floor":20,"turns":5}],"seed_played":"-1991239007498391276","potions_obtained":[{"floor":2.0,"key":"FearPotion"},{"floor":14.0,"key":"Ancient Potion"},{"floor":16.0,"key":"DistilledChaos"}],"is_trial":false,"path_per_floor":["M","M","?","?","?","R","E","R","T","$","M","M","?","M","R","B",null,"M","M","M"],"character_chosen":"THE_SILENT","items_purchased":["Deadly Poison","MealTicket"],"campfire_rested":0,"item_purchase_floors":[10,10],"current_hp_per_floor":[59,59,59,59,48,48,48,48,48,48,48,48,48,48,48,23,51,35,26,9,9],"gold":229,"neow_bonus":"THREE_ENEMY_KILL","is_daily":false,"chose_seed":false,"campfire_upgraded":3,"win_rate":0.0,"timestamp":1612915281,"path_taken":["M","M","?","?","?","R","E","R","T","?","?","M","?","M","R","BOSS","M","M","M"],"items_purchased_type":["Card","Relic"],"build_version":"2020-12-22","purchased_purges":0,"victory":false,"max_hp_per_floor":[66,66,60,60,60,60,60,60,60,60,60,60,60,60,60,60,60,60,60,60,60],"card_choices":[{"not_picked":["Dagger Spray","Dodge and Roll"],"picked":"Acrobatics","floor":1.0},{"not_picked":["Reflex","Underhanded Strike"],"picked":"Dodge and Roll","floor":2.0},{"not_picked":["Prepared","Blade Dance"],"picked":"Corpse Explosion","floor":7.0},{"not_picked":["Sucker Punch","Cloak And Dagger"],"picked":"Blur","floor":11.0},{"not_picked":["Blade Dance","Prepared"],"picked":"Tactician","floor":12.0},{"not_picked":["Acrobatics","Sucker Punch"],"picked":"Dagger Throw","floor":14.0},{"not_picked":["Envenom","After Image"],"picked":"Malaise","floor":16.0},{"not_picked":["Dodge and Roll","Slice"],"picked":"Blade Dance+1","floor":18.0},{"not_picked":["Slice","Blade Dance+1"],"picked":"Backflip","floor":19}],"player_experience":198070,"relics_obtained":[{"floor":7.0,"key":"FossilizedHelix"},{"floor":9.0,"key":"Tiny Chest"}],"event_choices":[{"damage_healed":0.0,"max_hp_gain":0.0,"max_hp_loss":6.0,"gold_gain":0.0,"event_name":"Golden Idol","player_choice":"Lose Max HP","floor":3.0,"gold_loss":0.0,"damage_taken":0.0,"relics_obtained":["Golden Idol"]},{"damage_healed":0.0,"max_hp_gain":0.0,"max_hp_loss":0.0,"gold_gain":0.0,"event_name":"Liars Game","player_choice":"Ignored","floor":4.0,"gold_loss":0.0,"damage_taken":0.0},{"damage_healed":0.0,"max_hp_gain":0.0,"max_hp_loss":0.0,"gold_gain":75.0,"event_name":"World of Goop","player_choice":"Gather Gold","floor":5.0,"gold_loss":0.0,"damage_taken":11.0},{"damage_healed":0.0,"max_hp_gain":0.0,"max_hp_loss":0.0,"gold_gain":0.0,"cards_transformed":["Strike_G"],"event_name":"Living Wall","player_choice":"Change","floor":13.0,"gold_loss":0.0,"damage_taken":0.0,"cards_obtained":["Poisoned Stab"]}],"is_beta":false,"boss_relics":[{"not_picked":["Fusion Hammer","Busted Crown"],"picked":"Cursed Key"}],"items_purged_floors":[],"is_endless":false,"potions_floor_spawned":[2,14,16,19],"killed_by":"Cultist and Chosen","ascension_level":17}}