{"host":"aelxjre69umlx7r4","time":1612964678,"event":{"mods":["AchievementEnabler","BaseMod","Colored Map","DeckTracker","Highlight Path","Keyboard Shortcuts","Minty Spire (QoL Compilation)","Permanent Neow","SuperFastMode"],"gold_per_floor":[114,94,109,121,139,173,173,173,200,210,210,135,154,173,173,278,278,298,313,313,223,241,267,267,267,267],"floor_reached":25,"language":"KOR","playtime":1423,"items_purged":["Strike_B"],"score":248,"play_id":"085c9b7e-d31b-4887-a8eb-847f196af025","local_time":"20210210224438","is_ascension_mode":true,"campfire_choices":[{"floor":7.0,"key":"REST"},{"floor":15.0,"key":"REST"},{"floor":24,"key":"REST"}],"circlet_count":0,"master_deck":["Defend_B","Defend_B","Dualcast","Glacier","Lockon","Auto Shields","Seek","Blizzard+1","Capacitor+1","Echo Form","Cold Snap+1","Lockon+1","Self Repair"],"relics":["Cracked Core","Mercury Hourglass","Molten Egg 2","Omamori","CultistMask","Empty Cage","Pear"],"acts_visited":["Exordium","TheCity"],"potions_floor_usage":[],"damage_taken":[{"damage":7.0,"enemies":"2 Louse","floor":1.0,"turns":3.0},{"damage":0.0,"enemies":"Cultist","floor":3.0,"turns":3.0},{"damage":1.0,"enemies":"Jaw Worm","floor":4.0,"turns":2.0},{"damage":13.0,"enemies":"3 Louse","floor":5.0,"turns":5.0},{"damage":21.0,"enemies":"Lagavulin","floor":6.0,"turns":7.0},{"damage":13.0,"enemies":"Lots of Slimes","floor":10.0,"turns":3.0},{"damage":3.0,"enemies":"Red Slaver","floor":13.0,"turns":3.0},{"damage":0.0,"enemies":"Blue Slaver","floor":14.0,"turns":4.0},{"damage":17.0,"enemies":"Hexaghost","floor":16.0,"turns":13.0},{"damage":20.0,"enemies":"Shell Parasite","floor":18.0,"turns":9.0},{"damage":12.0,"enemies":"Chosen","floor":19.0,"turns":5.0},{"damage":7.0,"enemies":"Sentry and Sphere","floor":22.0,"turns":6.0},{"damage":26,"enemies":"Gremlin Leader","floor":23,"turns":6},{"damage":49,"enemies":"Slavers","floor":25,"turns":4}],"seed_played":"-905209793322496884","potions_obtained":[{"floor":2.0,"key":"SteroidPotion"},{"floor":3.0,"key":"Strength Potion"},{"floor":5.0,"key":"FearPotion"},{"floor":6.0,"key":"SteroidPotion"}],"is_trial":false,"path_per_floor":["M","?","M","M","M","E","R","T","T","M","?","$","M","M","R","B",null,"M","M","?","?","M","E","R","E"],"character_chosen":"DEFECT","items_purchased":[],"campfire_rested":3,"item_purchase_floors":[],"current_hp_per_floor":[47,47,47,46,33,12,34,34,34,21,21,21,18,18,40,23,75,55,43,43,43,36,20,45,0,0],"gold":267,"neow_bonus":"REMOVE_TWO","is_daily":false,"chose_seed":false,"campfire_upgraded":0,"win_rate":0.0,"timestamp":1612964678,"path_taken":["M","?","M","M","M","E","R","?","T","?","?","$","M","?","R","BOSS","M","M","?","?","M","E","R","E"],"items_purchased_type":[],"build_version":"2020-12-22","purchased_purges":1,"victory":false,"max_hp_per_floor":[75,75,75,75,75,75,75,75,75,75,75,75,75,75,75,75,75,75,75,75,75,75,85,85,85,85],"card_choices":[{"not_picked":["Rebound","Barrage"],"picked":"Glacier","floor":1.0},{"not_picked":["Steam","Scrape"],"picked":"Lockon","floor":3.0},{"not_picked":["Compile Driver","Ball Lightning","Turbo"],"picked":"SKIP","floor":4.0},{"not_picked":["Gash","Beam Cell"],"picked":"Auto Shields","floor":5.0},{"not_picked":["Static Discharge","Sunder"],"picked":"Seek","floor":6.0},{"not_picked":["Gash+1","Stack"],"picked":"Blizzard+1","floor":10.0},{"not_picked":["Aggregate","Streamline+1"],"picked":"Capacitor","floor":13.0},{"not_picked":["Rebound+1","Go for the Eyes+1","Streamline+1"],"picked":"SKIP","floor":14.0},{"not_picked":["Creative AI","Biased Cognition"],"picked":"Echo Form","floor":16.0},{"not_picked":["Beam Cell+1","Gash+1","Fusion+1"],"picked":"SKIP","floor":18.0},{"not_picked":["Rebound+1","Streamline+1"],"picked":"Cold Snap+1","floor":19.0},{"not_picked":["Darkness+1","Doom and Gloom+1"],"picked":"Lockon+1","floor":22.0},{"not_picked":["Genetic Algorithm","Turbo"],"picked":"Self Repair","floor":23}],"player_experience":441135,"relics_obtained":[{"floor":6.0,"key":"Mercury Hourglass"},{"floor":8.0,"key":"Molten Egg 2"},{"floor":9.0,"key":"Omamori"},{"floor":23,"key":"Pear"}],"event_choices":[{"damage_healed":0.0,"max_hp_gain":0.0,"max_hp_loss":0.0,"gold_gain":0.0,"event_name":"The Woman in Blue","player_choice":"Bought 1 Potion","floor":2.0,"gold_loss":0.0,"damage_taken":0.0},{"damage_healed":0.0,"max_hp_gain":0.0,"max_hp_loss":0.0,"gold_gain":0.0,"event_name":"FaceTrader","player_choice":"Trade","floor":11.0,"gold_loss":0.0,"damage_taken":0.0,"relics_obtained":["CultistMask"]},{"cards_removed":["Defend_B"],"damage_healed":0.0,"max_hp_gain":0.0,"max_hp_loss":0.0,"gold_gain":0.0,"event_name":"Back to Basics","player_choice":"Elegance","floor":20.0,"gold_loss":0.0,"damage_taken":0.0},{"cards_removed":["Zap"],"damage_healed":0.0,"max_hp_gain":0.0,"max_hp_loss":0.0,"gold_gain":0.0,"event_name":"Designer","player_choice":"Upgrade and Remove","floor":21.0,"gold_loss":90.0,"damage_taken":0.0,"cards_upgraded":["Capacitor"]}],"is_beta":false,"boss_relics":[{"not_picked":["Philosopher\u0027s Stone","Astrolabe"],"picked":"Empty Cage"}],"items_purged_floors":[12],"is_endless":false,"potions_floor_spawned":[3,5,6,14,16,18],"killed_by":"Slavers","ascension_level":2}}