{"host":"ylxam20yo7j5dy26","time":1612956972,"event":{"mods":["100% Spire Juice","ATMod(°¢èªMod)","Act Like it!","Aspiration","BaseMod","BetterRewards","Conspire","Defuse TimeMaze Blight","Downfall","Energized Spire","Gensokyo","GungeonMod","Hubris","Infinite Spire","Jedi Mod","KomeijiMod","Marisa£¨ìFÓê¡¡Ä§ÀíÉ³£©","Minty Spire (QoL Compilation)","MostiFishMod","Quarter Circle Forward PUNCH!","Quick Restart","Red Circlet Mod","Reimu£¨²©ÀöÁéÃÎ£©","Reliquary","Remilia£¨ÀÙÃ×ÀòÑÇ£©","Replay The Spire","Robot Space Explorer","RumiaBox-Â¶Ã×æ«µÄÉñÃØºÐ×Ó","Spicy Shops","StSLib","TestMod","The Animator","The Jungle","The Runesmith","¡¾¹¦ÄÜMod¡¿»ìãçÖ®»·ÐÞ¸´²¹¶¡","¡¾ÒÅÎï¿¨ÅÆ¡¿REMEMod"],"gold_per_floor":[121,136,150,168,187,204,204,204,249,289,307,328,353,372,372,464,464,478,478,504,528,553,553,603,331,331,331,331,356,380,411,435,285,285,426,426,454,509,528,528,560,1206,1243,1243,1266,1266,1291,1315,1339,1374,1374,1397,1397,1397,832,882,937,1006,1006,267,342,422,422,292,387,387,687,18,133,133,133,133],"floor_reached":71,"language":"ZHS","playtime":8536,"items_purged":["animator:Strike","animator:Strike","animator:Strike","Exhaustion","animator:Strike_NoGameNoLife","animator:Defend"],"score":1489,"play_id":"93e62777-082f-4e22-a340-71cd935c1d68","local_time":"20210210193612","is_ascension_mode":false,"campfire_choices":[{"data":"AT_Dispersion","floor":8.0,"key":"SMITH"},{"data":"animator:Evileye","floor":15.0,"key":"SMITH"},{"floor":23.0,"key":"RECALL"},{"data":"animator:NarberalGamma","floor":34.0,"key":"SMITH"},{"floor":51.0,"key":"DIG"},{"floor":54.0,"key":"REST"},{"data":"animator:Millim+8","floor":70.0,"key":"SMITH"}],"circlet_count":0,"master_deck":["animator:Defend_NoGameNoLife+1","animator:Defend+1","animator:DolaSchwi+1","animator:DolaCouronne+1","AT_Dispersion+1","AT_FamilyPortrait+1","animator:Shalltear+1","animator:Evileye+1","animator:PandorasActor+1","animator:NarberalGamma+1","animator:Shalltear+1","animator:Demiurge+1","animator:Cocytus+1","animator:Rimuru","animator:Shalltear+1","animator:Albedo+1","animator:Shalltear+1","animator:Shalltear+1","animator:Saitama+1","animator:Ainz+1","Machine Learning+1","animator:PandorasActor+1","animator:Millim+9"],"relics":["animator:TheEruzaStone","animator:LivingPicture","animator:AncientMedallion"],"acts_visited":["Exordium","TheCity","TheBeyond","TheEnding","EYB:TheUnnamedReign"],"potions_floor_usage":[71,71],"damage_taken":[{"damage":0.0,"enemies":"Cultist","floor":1.0,"turns":4.0},{"damage":2.0,"enemies":"infinitespire:Voidling","floor":2.0,"turns":3.0},{"damage":0.0,"enemies":"Small Slimes","floor":3.0,"turns":2.0},{"damage":0.0,"enemies":"3 Louse","floor":4.0,"turns":2.0},{"damage":0.0,"enemies":"Exordium Wildlife","floor":5.0,"turns":2.0},{"damage":0.0,"enemies":"Gremlin Nob","floor":6.0,"turns":2.0},{"damage":0.0,"enemies":"3 Sentries","floor":10.0,"turns":3.0},{"damage":0.0,"enemies":"Exordium Thugs","floor":11.0,"turns":3.0},{"damage":0.0,"enemies":"Blue Slaver","floor":12.0,"turns":3.0},{"damage":0.0,"enemies":"Looter","floor":13.0,"turns":2.0},{"damage":0.0,"enemies":"Exordium Thugs","floor":14.0,"turns":2.0},{"damage":0.0,"enemies":"Hexaghost","floor":16.0,"turns":5.0},{"damage":0.0,"enemies":"3 Byrds","floor":18.0,"turns":3.0},{"damage":0.0,"enemies":"Chosen","floor":20.0,"turns":2.0},{"damage":0.0,"enemies":"Centurion and Healer","floor":21.0,"turns":3.0},{"damage":0.0,"enemies":"Snake Plant","floor":22.0,"turns":4.0},{"damage":0.0,"enemies":"conspire:HollyBat","floor":30.0,"turns":5.0},{"damage":0.0,"enemies":"Slavers","floor":31.0,"turns":3.0},{"damage":0.0,"enemies":"Shelled Parasite and Fungi","floor":32.0,"turns":3.0},{"damage":0.0,"enemies":"Champ","floor":35.0,"turns":8.0},{"damage":0.0,"enemies":"Orb Walker","floor":37.0,"turns":2.0},{"damage":0.0,"enemies":"3 Shapes","floor":39.0,"turns":1.0},{"damage":0.0,"enemies":"Writhing Mass","floor":41.0,"turns":5.0},{"damage":0.0,"enemies":"Nemesis","floor":42.0,"turns":3.0},{"damage":0.0,"enemies":"Transient","floor":43.0,"turns":5.0},{"damage":0.0,"enemies":"Sphere and 2 Shapes","floor":47.0,"turns":2.0},{"damage":0.0,"enemies":"Jaw Worm Horde","floor":48.0,"turns":1.0},{"damage":0.0,"enemies":"Spire Growth","floor":49.0,"turns":3.0},{"damage":0.0,"enemies":"Maw","floor":50.0,"turns":5.0},{"damage":0.0,"enemies":"Awakened One","floor":52.0,"turns":6.0},{"damage":6.0,"enemies":"animator:UNNAMED_CULTIST_1","floor":56.0,"turns":9.0},{"damage":28.0,"enemies":"animator:TRIPLE_SHAPES_WEAK","floor":57.0,"turns":5.0},{"damage":25.0,"enemies":"animator:LARGE_CRYSTAL","floor":61.0,"turns":7.0},{"damage":27.0,"enemies":"animator:UNNAMED_CULTIST_2","floor":62.0,"turns":7.0},{"damage":2.0,"enemies":"animator:ULTIMATE_WISP","floor":65.0,"turns":13.0},{"damage":34.0,"enemies":"animator:ULTIMATE_CRYSTAL","floor":69.0,"turns":11.0},{"damage":96,"enemies":"animator:TheUnnamed","floor":71,"turns":12}],"seed_played":"7087786600233821970","potions_obtained":[{"floor":56.0,"key":"animator:FalseLifePotion"},{"floor":57.0,"key":"animator:FalseLifePotion"},{"floor":61.0,"key":"animator:FalseLifePotion"},{"floor":62.0,"key":"animator:FalseLifePotion"},{"floor":65.0,"key":"animator:FalseLifePotion"},{"floor":69.0,"key":"animator:FalseLifePotion"}],"is_trial":false,"path_per_floor":["M","M","M","M","M","E","?","R","T","E","M","M","M","M","R","B",null,"M","?","M","M","M","R","AVR","$","PTL","PTL","T","T","M","E","M","$","R","B",null,"M","?","M","?","M","E","M","?","T","AVR","M","M","M","M","R","B",null,"R","??","M","M","T","?","$","M","M","?","$","E","T","?","$","E","R","B"],"character_chosen":"THE_ANIMATOR","items_purchased":["animator:Shalltear","Replay:Baseball","REME_OnlineShoppingPlatform","DemoMod:MonsterBlood","animator:AncientMedallion","animator:AncientMedallion","animator:AncientMedallion","animator:AncientMedallion","animator:Millim","animator:AncientMedallion","animator:AncientMedallion","animator:AncientMedallion"],"campfire_rested":1,"item_purchase_floors":[0,0,0,25,60,60,60,64,68,68,68,68],"current_hp_per_floor":[66,66,66,66,66,66,66,66,66,66,66,66,66,66,66,66,132,132,132,132,132,132,132,142,156,156,156,156,156,156,156,156,156,156,156,156,156,117,127,127,155,156,156,156,156,156,156,156,156,156,156,156,156,156,86,80,52,52,52,52,43,32,32,32,50,50,50,50,52,52,0,0],"gold":133,"neow_bonus":"","is_daily":false,"chose_seed":false,"campfire_upgraded":4,"win_rate":0.0,"timestamp":1612956972,"path_taken":["M","M","?","?","M","E","?","R","T","E","M","?","M","M","R","BOSS","M","?","M","M","M","R","AVR","?","PTL","PTL","T","?","M","E","M","?","R","BOSS","M","?","?","?","?","E","M","?","T","AVR","M","M","M","M","R","BOSS","R","??","M","M","T","?","$","M","M","?","$","E","T","?","$","E","R","BOSS"],"items_purchased_type":["Card","Relic","Relic","Relic","Relic","Relic","Relic","Relic","Card","Relic","Relic","Relic"],"build_version":"2020-12-22","purchased_purges":6,"victory":false,"max_hp_per_floor":[66,66,66,66,66,66,66,66,66,66,66,66,66,66,66,66,132,132,132,132,132,132,132,142,156,156,156,156,156,156,156,156,156,156,156,156,156,156,156,156,156,156,156,156,156,156,156,156,156,156,156,156,156,156,86,86,86,86,86,86,86,86,86,86,86,86,86,86,86,86,86,86],"card_choices":[{"not_picked":["animator:Megumin","animator:Melzalgald"],"picked":"animator:Evileye","floor":1.0},{"not_picked":["animator:DolaRiku","animator:Yuuichirou","animator:Shinoa","animator:Millim"],"picked":"animator:PandorasActor","floor":2.0},{"not_picked":["animator:Mikaela","animator:AcuraTooru","animator:Gillette","animator:Fredrika","animator:Sebas"],"picked":"SKIP","floor":3.0},{"not_picked":["animator:Sebas","animator:Shalltear","animator:PandorasActor","animator:Demiurge"],"picked":"animator:NarberalGamma","floor":4.0},{"not_picked":["animator:Hakurou","animator:DolaRiku","animator:GazelDwargon","animator:Eris","animator:DolaSchwi"],"picked":"SKIP","floor":5.0},{"not_picked":["animator:GazelDwargon","animator:Viivi","animator:IzunaHatsuse","animator:Tatsumaki","animator:Shuna"],"picked":"SKIP","floor":6.0},{"not_picked":["animator:GazelDwargon","animator:Viivi","animator:IzunaHatsuse","animator:Tatsumaki","animator:Shuna"],"picked":"SKIP","floor":6.0},{"not_picked":["animator:DolaRiku","animator:Darkness","animator:Mitsuba","animator:DolaCouronne"],"picked":"animator:Shalltear","floor":10.0},{"not_picked":["animator:NarberalGamma","animator:PandorasActor","animator:Cocytus","animator:Shalltear"],"picked":"animator:Demiurge","floor":11.0},{"not_picked":["animator:FielNirvalen","animator:DolaSchwi","animator:Tatsumaki","animator:DolaCouronne"],"picked":"animator:Cocytus","floor":12.0},{"not_picked":["animator:Yoichi","animator:Hakurou","animator:Gillette","animator:Tet","animator:DolaSchwi"],"picked":"SKIP","floor":13.0},{"not_picked":["animator:GazelDwargon","animator:Melzalgald","animator:Evileye","animator:FielNirvalen","animator:DolaCouronne"],"picked":"SKIP","floor":14.0},{"not_picked":["animator:Shizu","animator:Guren","animator:Boros","animator:Wiz"],"picked":"animator:Rimuru","floor":16.0},{"not_picked":["animator:PandorasActor","animator:Cocytus","animator:Sebas","animator:Entoma"],"picked":"animator:Shalltear","floor":18.0},{"not_picked":["animator:AcuraAkari","animator:Demiurge","animator:Darkness","animator:Kaijin","animator:YunYun+1"],"picked":"SKIP","floor":20.0},{"not_picked":["animator:DolaSchwi","animator:Shinoa+1","animator:DolaCouronne","animator:PandorasActor+1","animator:HiiragiShinya"],"picked":"SKIP","floor":21.0},{"not_picked":["animator:PandorasActor","animator:ChaikaBohdan","animator:Tatsumaki","animator:Verdia+1"],"picked":"animator:Albedo","floor":22.0},{"not_picked":["animator:PandorasActor","animator:Cocytus","animator:Demiurge","animator:Sebas"],"picked":"animator:Shalltear","floor":30.0},{"not_picked":["animator:Kaijin","animator:SilverFang","animator:AcuraAkari+1","animator:Shion+1"],"picked":"animator:Shalltear","floor":31.0},{"not_picked":["animator:Shion","animator:Viivi","animator:Aqua","animator:Cocytus","animator:Fredrika"],"picked":"SKIP","floor":32.0},{"not_picked":["animator:Wiz","animator:FeridBathory","animator:Hans","animator:ChaikaTrabant"],"picked":"animator:Saitama","floor":35.0},{"not_picked":["animator:Shinoa+1","animator:DolaRiku+1","animator:MetalKnight+1","animator:IzunaHatsuse+1","animator:AcuraTooru"],"picked":"SKIP","floor":37.0},{"not_picked":["animator:Sebas","animator:Cocytus","animator:NarberalGamma","animator:Entoma"],"picked":"animator:Ainz","floor":39.0},{"not_picked":["animator:DolaCouronne","animator:Vanir+1","animator:ChaikaBohdan","animator:Cocytus","animator:Jibril+1"],"picked":"SKIP","floor":41.0},{"not_picked":["animator:Shion","animator:Darkness+1","animator:KrulTepes","animator:Chris+1","animator:Kazuma"],"picked":"SKIP","floor":42.0},{"not_picked":["animator:Gillette","animator:Cocytus","animator:Verdia","animator:ChlammyZell+1","animator:Souei","animator:Millim+1"],"picked":"SKIP","floor":43.0},{"not_picked":["animator:Viivi","animator:Tet+1","animator:Tatsumaki","animator:Hakurou","animator:Jibril","animator:AcuraTooru"],"picked":"SKIP","floor":48.0},{"not_picked":["animator:Genos","animator:Hans","animator:Verdia","animator:Viivi+1","animator:Mitsuba+1","animator:Guy"],"picked":"SKIP","floor":49.0},{"not_picked":["animator:Vesta+1","animator:Entoma","animator:FielNirvalen","animator:Souei","animator:Fredrika+1","animator:Genos"],"picked":"SKIP","floor":50.0},{"not_picked":["animator:Gillette","animator:Vanir","animator:AcuraAkari"],"picked":"SKIP","floor":57.0},{"not_picked":["animator:Shion+1","animator:Fredrika+1","animator:Gillette"],"picked":"SKIP","floor":61.0},{"not_picked":["animator:Vanir","animator:Melzalgald","animator:DolaRiku"],"picked":"SKIP","floor":62.0},{"not_picked":["animator:Sebas","animator:Cocytus"],"picked":"animator:PandorasActor","floor":65.0},{"not_picked":["animator:Tatsumaki+1","animator:Geryuganshoop","animator:YunYun"],"picked":"SKIP","floor":69.0}],"player_experience":245457,"relics_obtained":[{"floor":1.0,"key":"SynthV:TestCard"},{"floor":6.0,"key":"Pocketwatch"},{"floor":10.0,"key":"SynthV:C4"},{"floor":28.0,"key":"reliquary:SilkGlove"},{"floor":29.0,"key":"DemoMod:LamentConfigurum"},{"floor":31.0,"key":"Whetstone"},{"floor":38.0,"key":"Blue Doll"},{"floor":42.0,"key":"Question Card"},{"floor":45.0,"key":"jedi:shrinkray"},{"floor":51.0,"key":"reliquary:SculptingSteel"},{"floor":55.0,"key":"animator:TheEruzaStone"},{"floor":58.0,"key":"animator:AncientMedallion"},{"floor":65.0,"key":"animator:AncientMedallion"},{"floor":66.0,"key":"animator:AncientMedallion"},{"floor":69.0,"key":"animator:AncientMedallion"}],"event_choices":[{"damage_healed":0.0,"max_hp_gain":0.0,"max_hp_loss":0.0,"gold_gain":0.0,"event_name":"The Woman in Blue","player_choice":"Bought 0 Potions","floor":7.0,"gold_loss":0.0,"damage_taken":0.0},{"damage_healed":0.0,"max_hp_gain":0.0,"max_hp_loss":0.0,"gold_gain":0.0,"event_name":"SecretPortal","player_choice":"Ignored","floor":40.0,"gold_loss":0.0,"damage_taken":0.0},{"cards_removed":["animator:Defend"],"damage_healed":0.0,"max_hp_gain":0.0,"max_hp_loss":0.0,"gold_gain":0.0,"event_name":"Falling","player_choice":"Removed Skill","floor":44.0,"gold_loss":0.0,"damage_taken":0.0},{"damage_healed":0.0,"max_hp_gain":0.0,"max_hp_loss":0.0,"gold_gain":300.0,"event_name":"¶÷ÂåË¹µÄÅÌ×Ó","player_choice":"Sell","floor":67.0,"relics_lost":["animator:TheMissingPiece"],"gold_loss":0.0,"damage_taken":0.0}],"is_beta":false,"boss_relics":[{"not_picked":["EasyGame_NEW","hubris:GrandSneckoEye"],"picked":"testmod-HarvestTotem"},{"not_picked":["Replay:Drink Me","NightmareShop"],"picked":"Fusion Hammer"}],"items_purged_floors":[0,0,24,25,33,46],"is_endless":false,"potions_floor_spawned":[2,6,10,11,16,20,21,22,31,39,43,47,49,50,57,61,69],"killed_by":"animator:TheUnnamed","ascension_level":0}}