{"host":"idjwbq71yrpkph1r","time":1612980973,"event":{"mods":["Alarm Clock","BaseMod","Block Reminder","Colored Map","Colored Powertips","Curses Come First","Dark Map","Displayed Cursed Tome","Hermit","Minty Spire (QoL Compilation)","Monster B Gone","Morshu Shopkeeper","Rare Cards Sparkle","Relic Stats","StS++","StSLib","Swap Starting Deck Mod","The Blue Laboratory","everything is the same but u backflip on backflip"],"gold_per_floor":[117,117,40,40,40,40,84,102,102,136,136,159,73,111,111,239,239,254,6,6,25,3,3,3,3],"floor_reached":24,"language":"ENG","playtime":852,"items_purged":[],"score":282,"play_id":"62a476b9-7fa5-44d7-9bd9-39727b81cb03","local_time":"20210210191613","is_ascension_mode":true,"campfire_choices":[{"floor":6,"key":"REST"},{"data":"Barrage","floor":15,"key":"SMITH"},{"floor":23,"key":"REST"}],"circlet_count":0,"master_deck":["Strike_B","Strike_B","Strike_B","Defend_B","Defend_B","Defend_B","Defend_B","Zap","Dualcast","Leap","Defragment","Ball Lightning","Cold Snap","Parasite","Capacitor","Barrage+1","Sweeping Beam","Hologram","Blizzard","Barrage"],"relics":["Cracked Core","NeowsBlessing","Golden Idol","Akabeko","Bag of Marbles","PreservedInsect","TungstenRod","Snecko Eye","Matryoshka"],"acts_visited":["Exordium","TheCity"],"potions_floor_usage":[18],"damage_taken":[{"damage":0,"enemies":"2 Louse","floor":1,"turns":1},{"damage":0,"enemies":"Lagavulin","floor":7,"turns":3},{"damage":0,"enemies":"Small Slimes","floor":8,"turns":1},{"damage":19,"enemies":"Gremlin Nob","floor":10,"turns":4},{"damage":0,"enemies":"Cultist","floor":12,"turns":3},{"damage":20,"enemies":"3 Sentries","floor":14,"turns":5},{"damage":22,"enemies":"Hexaghost","floor":16,"turns":8},{"damage":7,"enemies":"Spheric Guardian","floor":18,"turns":3},{"damage":31,"enemies":"Shell Parasite","floor":21,"turns":7},{"damage":74,"enemies":"Gremlin Leader","floor":24,"turns":5}],"seed_played":"7588397966837621168","potions_obtained":[{"floor":7,"key":"SpeedPotion"},{"floor":8,"key":"PowerPotion"},{"floor":10,"key":"Energy Potion"},{"floor":14,"key":"Fire Potion"},{"floor":16,"key":"blueLaboratory:CoolantVial"},{"floor":18,"key":"blueLaboratory:HeartbeatPotion"}],"is_trial":false,"path_per_floor":["M","?","$","?","?","R","E","M","T","E","?","M","$","E","R","B",null,"M","$","?","M","$","R","E"],"character_chosen":"DEFECT","items_purchased":["Defragment","Capacitor","Barrage","Matryoshka","Barrage"],"campfire_rested":2,"item_purchase_floors":[3,13,13,19,22],"current_hp_per_floor":[75,57,57,62,55,79,79,79,79,60,80,80,80,60,60,38,80,73,73,73,42,42,66,0,0],"gold":3,"neow_bonus":"THREE_ENEMY_KILL","is_daily":false,"chose_seed":false,"campfire_upgraded":1,"win_rate":0.0,"timestamp":1612980973,"path_taken":["M","?","$","?","?","R","E","M","T","E","?","M","$","E","R","BOSS","M","$","?","?","$","R","E"],"items_purchased_type":["Card","Card","Card","Relic","Card"],"build_version":"2020-12-22","purchased_purges":0,"victory":false,"max_hp_per_floor":[75,75,75,80,80,80,80,80,80,80,80,80,80,80,80,80,80,80,80,80,80,80,80,80,80],"relic_stats":{"counters":[10,40],"Golden Idol":66,"Snecko Eye":[23,30,27,24],"PreservedInsect":75,"obtain_stats":[{"Matryoshka":19,"NeowsBlessing":0,"Golden Idol":2,"Snecko Eye":17,"PreservedInsect":10,"Bag of Marbles":9,"Cracked Core":0,"Akabeko":7,"TungstenRod":14},{"Matryoshka":8,"NeowsBlessing":0,"Golden Idol":1,"Snecko Eye":7,"PreservedInsect":4,"Bag of Marbles":3,"Cracked Core":0,"Akabeko":2,"TungstenRod":6},{"Matryoshka":28,"NeowsBlessing":0,"Golden Idol":1,"Snecko Eye":25,"PreservedInsect":9,"Bag of Marbles":5,"Cracked Core":0,"Akabeko":4,"TungstenRod":17}],"TungstenRod":22},"card_choices":[{"not_picked":["Stack","Redo"],"picked":"Leap","floor":1},{"not_picked":["Skim","Coolheaded"],"picked":"Ball Lightning","floor":7},{"not_picked":["Scrape","Gash"],"picked":"Cold Snap","floor":8},{"not_picked":["Thunder Strike","Stack","StSpp:TargetLocked"],"picked":"SKIP","floor":10},{"not_picked":["Leap","Coolheaded","Steam"],"picked":"SKIP","floor":12},{"not_picked":["Beam Cell","Scrape"],"picked":"Sweeping Beam","floor":14},{"not_picked":["Recycle","Rebound","Auto Shields"],"picked":"SKIP","floor":18},{"not_picked":["Gash","Auto Shields","Ball Lightning"],"picked":"SKIP","floor":21}],"player_experience":351035,"relics_obtained":[{"floor":7,"key":"Akabeko"},{"floor":9,"key":"Bag of Marbles"},{"floor":10,"key":"PreservedInsect"},{"floor":14,"key":"TungstenRod"}],"event_choices":[{"damage_healed":0,"gold_gain":0,"player_choice":"Take Damage","damage_taken":18,"relics_obtained":["Golden Idol"],"max_hp_gain":0,"max_hp_loss":0,"event_name":"Golden Idol","floor":2,"gold_loss":0},{"damage_healed":0,"gold_gain":0,"player_choice":"Donut","damage_taken":0,"max_hp_gain":5,"max_hp_loss":0,"event_name":"Big Fish","floor":4,"gold_loss":0},{"cards_removed":["Strike_B"],"damage_healed":0,"gold_gain":0,"player_choice":"Card Removal","damage_taken":7,"max_hp_gain":0,"max_hp_loss":0,"event_name":"Golden Wing","floor":5,"gold_loss":0},{"damage_healed":20,"gold_gain":0,"player_choice":"Healed and dodged fight","damage_taken":0,"max_hp_gain":0,"max_hp_loss":0,"event_name":"Mushrooms","floor":11,"gold_loss":0,"cards_obtained":["Parasite"]},{"damage_healed":0,"gold_gain":0,"player_choice":"2 cards matched","damage_taken":0,"max_hp_gain":0,"max_hp_loss":0,"event_name":"Match and Keep!","floor":20,"gold_loss":0,"cards_obtained":["Hologram","Blizzard"]}],"is_beta":false,"boss_relics":[{"not_picked":["StSpp:FireArrow","Philosopher\u0027s Stone"],"picked":"Snecko Eye"}],"items_purged_floors":[],"is_endless":false,"potions_floor_spawned":[7,8,10,14,16,18],"killed_by":"Gremlin Leader","ascension_level":4}}