{"host":"daa8jqyg4gqfaysm","time":1612992886,"event":{"mods":["BaseMod","Colored Powertips","Minty Spire (QoL Compilation)","StSLib"],"gold_per_floor":[113,123,133,283,39,66,77,77,77,77,100,0,20,64,64,155,155,175,199,232,253,253,293,293,293,316,316,329,365,365,383,383,383,383],"floor_reached":33,"language":"ENG","playtime":919,"items_purged":["Doubt","Strike_B"],"score":594,"play_id":"c5130eb2-5af4-4813-b040-7c785beaa04f","local_time":"20210210163446","is_ascension_mode":true,"campfire_choices":[{"data":"Sunder","floor":8,"key":"SMITH"},{"data":"Ball Lightning","floor":15,"key":"SMITH"},{"data":"Buffer","floor":25,"key":"SMITH"},{"data":"Electrodynamics","floor":27,"key":"SMITH"},{"data":"Glacier","floor":30,"key":"SMITH"},{"data":"Rebound","floor":32,"key":"SMITH"}],"circlet_count":0,"master_deck":["AscendersBane","Strike_B","Strike_B","Strike_B","Defend_B","Defend_B","Defend_B","Defend_B","Zap","Dualcast","Leap","Genetic Algorithm","Sunder+1","Rebound+1","Ball Lightning+1","FTL","Glacier+1","Electrodynamics+1","Buffer+1"],"relics":["Cracked Core","MealTicket","Singing Bowl","Mercury Hourglass","Golden Idol","Matryoshka","Snecko Eye","Red Mask","Bag of Marbles","Strawberry","Omamori"],"acts_visited":["Exordium","TheCity"],"potions_floor_usage":[6,18,21,29],"damage_taken":[{"damage":7,"enemies":"Jaw Worm","floor":1,"turns":4},{"damage":1,"enemies":"Small Slimes","floor":2,"turns":4},{"damage":6,"enemies":"2 Louse","floor":3,"turns":4},{"damage":2,"enemies":"Gremlin Nob","floor":6,"turns":3},{"damage":0,"enemies":"Large Slime","floor":7,"turns":4},{"damage":6,"enemies":"Looter","floor":11,"turns":3},{"damage":0,"enemies":"Exordium Thugs","floor":13,"turns":4},{"damage":1,"enemies":"3 Sentries","floor":14,"turns":5},{"damage":15,"enemies":"The Guardian","floor":16,"turns":12},{"damage":6,"enemies":"3 Byrds","floor":18,"turns":4},{"damage":17,"enemies":"Shell Parasite","floor":19,"turns":4},{"damage":0,"enemies":"Masked Bandits","floor":20,"turns":2},{"damage":1,"enemies":"Centurion and Healer","floor":21,"turns":4},{"damage":7,"enemies":"Gremlin Leader","floor":23,"turns":5},{"damage":0,"enemies":"Snecko","floor":28,"turns":3},{"damage":10,"enemies":"Book of Stabbing","floor":29,"turns":5},{"damage":0,"enemies":"Sentry and Sphere","floor":31,"turns":4},{"damage":0,"enemies":"Champ","floor":33,"turns":1}],"seed_played":"-2513039020721936396","potions_obtained":[{"floor":6,"key":"DuplicationPotion"},{"floor":18,"key":"SpeedPotion"},{"floor":19,"key":"Fire Potion"},{"floor":29,"key":"SkillPotion"}],"is_trial":false,"path_per_floor":["M","M","M","?","$","E","M","R","T","?","M","$","M","E","R","B",null,"M","M","?","M","?","E","?","R","T","R","M","E","R","M","R","B"],"character_chosen":"DEFECT","items_purchased":["Rebound","Fire Potion","FearPotion"],"campfire_rested":0,"item_purchase_floors":[5,5,5],"current_hp_per_floor":[57,56,50,50,65,63,63,63,63,63,57,64,66,67,67,52,64,60,45,47,48,63,56,56,56,63,63,65,57,57,59,59,59,59],"gold":383,"neow_bonus":"RANDOM_COMMON_RELIC","is_daily":false,"chose_seed":false,"campfire_upgraded":6,"win_rate":0.0,"timestamp":1612992886,"path_taken":["M","M","M","?","$","E","M","R","T","?","M","?","?","E","R","BOSS","M","M","?","M","?","E","?","R","T","R","M","E","R","M","R","BOSS"],"items_purchased_type":["Card","Potion","Potion"],"build_version":"2020-12-22","purchased_purges":2,"victory":false,"max_hp_per_floor":[71,71,71,71,71,71,71,71,71,64,64,64,66,68,68,68,68,70,72,74,76,76,76,76,76,83,83,85,87,87,89,89,89,89],"card_choices":[{"not_picked":["Streamline","Fusion"],"picked":"Leap","floor":1},{"not_picked":["Rebound","Undo"],"picked":"Genetic Algorithm","floor":2},{"not_picked":["Beam Cell","Coolheaded"],"picked":"Sunder","floor":3},{"not_picked":["Double Energy","Amplify"],"picked":"Ball Lightning","floor":6},{"not_picked":["Go for the Eyes","Chaos"],"picked":"FTL","floor":7},{"not_picked":["Steam Power","Cold Snap"],"picked":"Glacier","floor":11},{"not_picked":["Coolheaded","Hello World","Streamline"],"picked":"Singing Bowl","floor":13},{"not_picked":["Chaos","Hologram","Static Discharge"],"picked":"Singing Bowl","floor":14},{"not_picked":["Echo Form","Thunder Strike"],"picked":"Electrodynamics","floor":16},{"not_picked":["Skim","Compile Driver","Streamline"],"picked":"Singing Bowl","floor":18},{"not_picked":["Aggregate","Stack","Go for the Eyes"],"picked":"Singing Bowl","floor":19},{"not_picked":["Barrage","Go for the Eyes","Beam Cell"],"picked":"Singing Bowl","floor":20},{"not_picked":["Conserve Battery","Cold Snap","Streamline"],"picked":"Singing Bowl","floor":21},{"not_picked":["Steam","Go for the Eyes"],"picked":"Buffer","floor":23},{"not_picked":["Undo","Stack","Cold Snap"],"picked":"Singing Bowl","floor":28},{"not_picked":["Leap+1","Fusion","Beam Cell"],"picked":"Singing Bowl","floor":29},{"not_picked":["Compile Driver","Streamline","Leap"],"picked":"Singing Bowl","floor":31}],"player_experience":870138,"relics_obtained":[{"floor":6,"key":"Singing Bowl"},{"floor":9,"key":"Mercury Hourglass"},{"floor":14,"key":"Matryoshka"},{"floor":20,"key":"Red Mask"},{"floor":23,"key":"Bag of Marbles"},{"floor":26,"key":"Strawberry"},{"floor":29,"key":"Omamori"}],"event_choices":[{"damage_healed":0,"gold_gain":150,"player_choice":"AGREE","damage_taken":0,"max_hp_gain":0,"max_hp_loss":0,"event_name":"Liars Game","floor":4,"gold_loss":0,"cards_obtained":["Doubt"]},{"damage_healed":0,"gold_gain":0,"player_choice":"Lose Max HP","damage_taken":0,"relics_obtained":["Golden Idol"],"max_hp_gain":0,"max_hp_loss":7,"event_name":"Golden Idol","floor":10,"gold_loss":0},{"damage_healed":0,"gold_gain":0,"player_choice":"Fought Bandits","damage_taken":0,"max_hp_gain":0,"max_hp_loss":0,"event_name":"Masked Bandits","floor":20,"gold_loss":0},{"damage_healed":15,"gold_gain":0,"player_choice":"Heal","damage_taken":0,"max_hp_gain":0,"max_hp_loss":0,"event_name":"The Library","floor":22,"gold_loss":0},{"damage_healed":0,"gold_gain":0,"player_choice":"Ignored","damage_taken":0,"max_hp_gain":0,"max_hp_loss":0,"event_name":"The Mausoleum","floor":24,"gold_loss":0}],"is_beta":false,"boss_relics":[{"not_picked":["SlaversCollar","Fusion Hammer"],"picked":"Snecko Eye"}],"items_purged_floors":[5,12],"is_endless":false,"potions_floor_spawned":[6,13,14,16,18,19,29],"killed_by":"Champ","ascension_level":20}}