{"host":"p6x4b30m1ltzgl6z","time":1612994017,"event":{"mods":["2.2 Compatiblity","Act Like it!","BaseMod","Colored Powertips","Curses Come First","Defective Defect","Gensokyo","GifTheSpireLib","Halation","Hallownest","Infinite Spire","Marisa????????","Minty Spire (QoL Compilation)","Quick Restart","Rare Cards Sparkle","Reimu??????","Replay The Spire","StSLib","Stuff the Spire","The Bug Knight","The Servant 0.9.4","everything is the same but u backflip on backflip","slay the spire mod where everything is the same but ironclad has a cowboy hat"],"gold_per_floor":[109,109,109,120,120,152,182,226,226,178,178,218,248,459,459,562,562,596,621,621,643,665,665,691,691,740,784,832,216,216,216,216,326,326,362,362,362,362,362,362,428,428,451,451,451,523,575,245,245,249,249],"floor_reached":50,"language":"ENG","playtime":13374,"items_purged":[],"score":722,"play_id":"7b87d7fc-5be1-4f63-a975-23bdb5cfe6fb","local_time":"20210210155337","is_ascension_mode":false,"campfire_choices":[{"floor":11,"key":"REST"},{"floor":15,"key":"REST"},{"floor":23,"key":"REST"},{"floor":32,"key":"REST"},{"data":"infinitespire:TheBestDefense","floor":40,"key":"SMITH"},{"data":"infinitespire:Fortify","floor":42,"key":"SMITH"},{"data":"FinalSpark","floor":44,"key":"SMITH"},{"data":"StuffTheSpire:BrainWave","floor":49,"key":"SMITH"}],"circlet_count":0,"master_deck":["Strike_MRS","Strike_MRS","Strike_MRS","Strike_MRS","Defend_MRS","Defend_MRS","Defend_MRS","Defend_MRS","MasterSpark","UpSweep","Robbery","Acceleration","SprinkleStarSeal","MagicAbsorber","AsteroidBelt","AsteroidBelt","MilkyWay","Singularity","FinalSpark+1","EnergyRecoil","SprinkleStarSeal","infinitespire:Fortify+1","infinitespire:TheBestDefense+1","MilkyWay","6A","GalacticHalo","MilkyWay+1","infinitespire:Menacing","DoubleSpark","FinalSpark","Gensokyo:MorningStar","StuffTheSpire:BrainWave+1","ChargingUp","Gensokyo:TarnishedGold"],"relics":["MiniHakkero","NeowsBlessing","ReplayTheSpireMod:TigerMarble","Replay:Baseball","infinitespire:FocusingShard","ExperimentalFamiliar","Bottled Lightning","halation:EternalFortune","StuffTheSpire:GrapeVine","infinitespire:Lucky Rock","Torii","HandDrill","halation:PinkSoulGem","infinitespire:EvilPickle","infinitespire:Cupcake","halation:IllGainedPizza","StuffTheSpire:BottledEssence","OrangePellets"],"acts_visited":["Gensokyo:Gensokyo","TheCity","Gensokyo:Gensokyoest"],"potions_floor_usage":[16,16,16,27,33,33,50,50],"damage_taken":[{"damage":0,"enemies":"Gensokyo:Python","floor":1,"turns":1},{"damage":0,"enemies":"Gensokyo:3_Fairies","floor":4,"turns":1},{"damage":0,"enemies":"Gensokyo:Aya","floor":6,"turns":1},{"damage":3,"enemies":"Gensokyo:Gryphon","floor":7,"turns":4},{"damage":8,"enemies":"Gensokyo:Kitsune","floor":8,"turns":4},{"damage":2,"enemies":"Gensokyo:Gryphon_and_Rabbit","floor":12,"turns":6},{"damage":6,"enemies":"Gensokyo:LivingMonolith","floor":13,"turns":4},{"damage":0,"enemies":"Gensokyo:Mamizou","floor":14,"turns":18},{"damage":60,"enemies":"Gensokyo:Yukari","floor":16,"turns":24},{"damage":2,"enemies":"3 Byrds","floor":18,"turns":5},{"damage":0,"enemies":"Chosen","floor":19,"turns":4},{"damage":3,"enemies":"Centurion and Healer","floor":21,"turns":6},{"damage":0,"enemies":"Chosen and Byrds","floor":22,"turns":4},{"damage":0,"enemies":"Snecko","floor":24,"turns":4},{"damage":15,"enemies":"Nightmare","floor":27,"turns":9},{"damage":15,"enemies":"Snake Plant","floor":28,"turns":7},{"damage":6,"enemies":"Pondfish","floor":33,"turns":12},{"damage":0,"enemies":"Gensokyo:3_Bats","floor":35,"turns":1},{"damage":50,"enemies":"Gensokyo:3_Bats","floor":37,"turns":7},{"damage":2,"enemies":"Gensokyo:AncientGuardian","floor":41,"turns":4},{"damage":2,"enemies":"Gensokyo:Rafflesia","floor":46,"turns":8},{"damage":0,"enemies":"Gensokyo:4_Bats","floor":47,"turns":4},{"damage":82,"enemies":"Gensokyo:Scarlet_Devils","floor":50,"turns":9}],"seed_played":"-922758370203417487","potions_obtained":[{"floor":6,"key":"SteroidPotion"},{"floor":7,"key":"Elixir"},{"floor":13,"key":"Reflective Coating"},{"floor":14,"key":"Languid Potion"},{"floor":18,"key":"LiquidBronze"},{"floor":19,"key":"Energy Potion"},{"floor":24,"key":"Toxic Potion"},{"floor":33,"key":"FearPotion"},{"floor":46,"key":"LiquidBronze"}],"is_trial":false,"path_per_floor":["M","?","$","M","?","E","M","M","T","$","R","M","M","E","R","B",null,"M","M","AVR","M","M","R","M","?","T","NM","M","$","?","?","R","B",null,"M","?","?","?","?","R","M","R","T","R","?","M","M","COS","R","B"],"character_chosen":"MARISA","items_purchased":["AsteroidBelt","infinitespire:Lucky Rock","Torii","HandDrill"],"campfire_rested":4,"item_purchase_floors":[10,29,29,29],"current_hp_per_floor":[75,68,68,68,68,68,65,57,57,57,75,73,67,67,75,15,75,73,73,73,70,70,75,75,78,78,63,48,48,30,30,53,47,78,78,78,78,78,78,78,76,76,76,76,76,74,74,74,74,0,0],"gold":249,"neow_bonus":"THREE_ENEMY_KILL","is_daily":false,"chose_seed":false,"campfire_upgraded":4,"win_rate":0.0,"timestamp":1612994017,"path_taken":["M","?","$","M","?","E","M","M","T","$","R","M","?","E","R","BOSS","M","M","AVR","M","M","R","M","?","T","NM","M","$","?","?","R","BOSS","M","?","?","?","?","R","?","R","T","R","?","M","M","COS","R","BOSS"],"items_purchased_type":["Card","Relic","Relic","Relic"],"build_version":"2020-12-22","purchased_purges":0,"victory":false,"max_hp_per_floor":[75,75,75,75,75,75,75,75,75,75,75,75,75,75,75,75,75,75,75,75,75,75,75,75,78,78,78,78,78,78,78,78,78,78,78,78,78,78,78,78,78,78,78,78,78,78,78,78,78,78,78],"card_choices":[{"not_picked":["LuminesStrike","GasGiant"],"picked":"Robbery","floor":1},{"not_picked":["UnstableBomb","Orbital"],"picked":"Acceleration","floor":4},{"not_picked":["WitchLeyline","GravityBeat"],"picked":"SprinkleStarSeal","floor":6},{"not_picked":["RefractionSpark","AlicesGift"],"picked":"MagicAbsorber","floor":7},{"not_picked":["OneTimeOff","DarkSpark","NonDirectionalLaser"],"picked":"SKIP","floor":8},{"not_picked":["BigCrunch","DeepEcoloBomb"],"picked":"AsteroidBelt","floor":12},{"not_picked":["UnstableBomb","StarBarrage"],"picked":"MilkyWay","floor":13},{"not_picked":["DC","WitchOfGreed"],"picked":"Singularity","floor":14},{"not_picked":["BinaryStars","CollectingQuirk"],"picked":"FinalSpark","floor":16},{"not_picked":["OneTimeOff","MilkyWay"],"picked":"EnergyRecoil","floor":18},{"not_picked":["Acceleration+1","DC"],"picked":"SprinkleStarSeal","floor":19},{"not_picked":["NonDirectionalLaser","6A","WitchLeyline"],"picked":"SKIP","floor":21},{"not_picked":["PropBag","DarkSpark"],"picked":"MilkyWay","floor":22},{"not_picked":["ShootingEcho+1","LuminesStrike"],"picked":"6A","floor":24},{"not_picked":["GravityBeat+1","MachineGunSpark+1"],"picked":"GalacticHalo","floor":27},{"not_picked":["OrrerysSun","Acceleration"],"picked":"MilkyWay+1","floor":28},{"not_picked":["infinitespire:Oblivion","infinitespire:DeathsTouch"],"picked":"infinitespire:Menacing","floor":30},{"not_picked":["OrrerysSun","DarkSpark"],"picked":"DoubleSpark","floor":32},{"not_picked":["BigCrunch","ManaRampage"],"picked":"FinalSpark","floor":33},{"not_picked":["StarlightTyphoon+1","GrandCross","Acceleration"],"picked":"SKIP","floor":35},{"not_picked":["Gensokyo:Dawn","Gensokyo:LifeSpringInfinity"],"picked":"Gensokyo:MorningStar","floor":37},{"not_picked":["IllusionStar+1","WitchLeyline","OneTimeOff"],"picked":"SKIP","floor":41},{"not_picked":["StuffTheSpire:Harmony","StuffTheSpire:CelestialWarden"],"picked":"StuffTheSpire:BrainWave","floor":45},{"not_picked":["GasGiant","DoubleSpark"],"picked":"ChargingUp","floor":46},{"not_picked":["GravityBeat","WitchOfGreed","OneTimeOff+1"],"picked":"SKIP","floor":47}],"player_experience":173681,"relics_obtained":[{"floor":6,"key":"ReplayTheSpireMod:TigerMarble"},{"floor":9,"key":"Replay:Baseball"},{"floor":14,"key":"infinitespire:FocusingShard"},{"floor":26,"key":"Dream Catcher"},{"floor":27,"key":"StuffTheSpire:GrapeVine"},{"floor":43,"key":"halation:IllGainedPizza"}],"event_choices":[],"is_beta":false,"boss_relics":[{"not_picked":["SacredBark","Kintsugi"],"picked":"ExperimentalFamiliar"},{"not_picked":["Honey Jar","halation:HeavySnake"],"picked":"infinitespire:Cupcake"}],"items_purged_floors":[],"is_endless":true,"potions_floor_spawned":[6,7,13,14,18,19,24,33,46],"killed_by":"Gensokyo:Scarlet_Devils","ascension_level":0}}