{"host":"85rg8sallz0lemh6","time":1612998854,"event":{"mods":["BaseMod","Bestiary","Colored Powertips","Highlight Path","Minty Spire (QoL Compilation)","Quick Restart"],"gold_per_floor":[109,127,127,127,151,189,213,213,213],"floor_reached":8,"language":"ENG","playtime":92,"items_purged":[],"score":93,"play_id":"a5d267a7-9785-4a25-a1b3-38208ca334d4","local_time":"20210210171414","is_ascension_mode":true,"campfire_choices":[],"circlet_count":0,"master_deck":["Strike_B","Strike_B","Strike_B","Strike_B","Defend_B","Defend_B","Defend_B","Defend_B","Zap","Dualcast","Sweeping Beam","Conserve Battery"],"relics":["Cracked Core","NeowsBlessing","Golden Idol","Nunchaku","Matryoshka"],"acts_visited":["Exordium"],"potions_floor_usage":[8],"damage_taken":[{"damage":0,"enemies":"Cultist","floor":1,"turns":1},{"damage":0,"enemies":"Small Slimes","floor":2,"turns":1},{"damage":0,"enemies":"3 Sentries","floor":6,"turns":1},{"damage":7,"enemies":"Jaw Worm","floor":7,"turns":2},{"damage":62,"enemies":"Gremlin Nob","floor":8,"turns":4}],"seed_played":"-7226487848229228801","potions_obtained":[{"floor":2,"key":"SkillPotion"}],"is_trial":false,"path_per_floor":["M","M","?","?","T","E","M","E"],"character_chosen":"DEFECT","items_purchased":[],"campfire_rested":0,"item_purchase_floors":[],"current_hp_per_floor":[75,75,57,62,62,62,55,0,0],"gold":213,"neow_bonus":"THREE_ENEMY_KILL","is_daily":false,"chose_seed":false,"campfire_upgraded":0,"win_rate":0.0,"timestamp":1612998854,"path_taken":["M","?","?","?","?","E","M","E"],"items_purchased_type":[],"build_version":"2020-12-22","purchased_purges":0,"victory":false,"max_hp_per_floor":[75,75,75,80,80,80,80,80,80],"card_choices":[{"not_picked":["Hologram","Genetic Algorithm"],"picked":"Sweeping Beam","floor":1},{"not_picked":["Turbo","Aggregate"],"picked":"Conserve Battery","floor":2},{"not_picked":["Redo","Streamline","Lockon"],"picked":"SKIP","floor":6},{"not_picked":["Streamline","Rebound","Turbo"],"picked":"SKIP","floor":7}],"player_experience":95137,"relics_obtained":[{"floor":5,"key":"Nunchaku"},{"floor":6,"key":"Matryoshka"}],"event_choices":[{"damage_healed":0,"gold_gain":0,"player_choice":"Take Damage","damage_taken":18,"relics_obtained":["Golden Idol"],"max_hp_gain":0,"max_hp_loss":0,"event_name":"Golden Idol","floor":3,"gold_loss":0},{"damage_healed":0,"gold_gain":0,"player_choice":"Donut","damage_taken":0,"max_hp_gain":5,"max_hp_loss":0,"event_name":"Big Fish","floor":4,"gold_loss":0}],"is_beta":false,"boss_relics":[],"items_purged_floors":[],"is_endless":false,"potions_floor_spawned":[2],"killed_by":"Gremlin Nob","ascension_level":3}}