{"host":"farxtl2u8hmkbdo2","time":1612921177,"event":{"mods":["A Magickal Journey","BaseMod","Better Altar","Better Note","Better Sensory Stone","Better Skull","Better Third Choice","Challenge The Spire","Colored Map","Colored Powertips","Current Relic Mod","Downfall","Energized Spire","Fox Events","Gremlin Mod","Hermit","Hubris","Mimic Mod","Minty Spire (QoL Compilation)","Quick Restart","READ ME - Guardian Mod","Rare Cards Sparkle","StSLib","The Bladedancer","The Bug Knight","The Cursed","The Disciple","The Hierophant","The Marked","The Necromancer","The Runesmith","Transform Curses"],"gold_per_floor":[99,112,131,131,141,161,161,191,206,206,238,163,113,125,136,232,232,82,95,95,114,114,11,34,34,44,29,57,75,25,58,70,166,166,116,126,141,152,152,177,202,44,75,25,25,38,38,20,31,31],"floor_reached":51,"language":"SPA","playtime":28499,"items_purged":[],"score":848,"play_id":"4e3c7e52-20d7-46e7-b142-5e153b1a88b1","local_time":"20210209223937","is_ascension_mode":true,"campfire_choices":[{"data":"Slimebound:Split","floor":1.0,"key":"SMITH"},{"data":"Slimebound:CorrosiveSpit","floor":10.0,"key":"SMITH"},{"data":"Slimebound:FirmFortitude","floor":13.0,"key":"SMITH"},{"data":"Slimebound:MinionMaster","floor":18.0,"key":"SMITH"},{"data":"Slimebound:AcidTongue","floor":25.0,"key":"SMITH"},{"data":"Slimebound:Replication","floor":30.0,"key":"SMITH"},{"data":"Slimebound:ProtectTheBoss","floor":35,"key":"SMITH"},{"floor":44,"key":"REST"}],"circlet_count":0,"master_deck":["Slimebound:Strike_Slimebound","Slimebound:Strike_Slimebound","Slimebound:Strike_Slimebound","Slimebound:Tackle","Slimebound:Defend_Slimebound+1","Slimebound:Defend_Slimebound+1","Slimebound:Defend_Slimebound","Slimebound:Defend_Slimebound","Slimebound:Split+1","Slimebound:CorrosiveSpit+1","Forethought","Slimebound:SplitLeeching","Slimebound:MegaLick","Slimebound:Split+1","Slimebound:SplitLeeching","blademaster:WrongfulFootwork","Slimebound:MegaLick","Slimebound:Replication+1","Slimebound:ProtectTheBoss+1","Slimebound:Gluttony","Slimebound:FirmFortitude+1","Slimebound:LeechEnergy","Slimebound:SpikyOuterGoop","Slimebound:MinionMaster+1","CurseOfTheBell","Slimebound:ServeAndProtect+1","Slimebound:GoopSpray","Slimebound:Prepare","Slimebound:SlimeBarrage+1","Slimebound:AcidTongue+1","Slimebound:Schlurp","Slimebound:Darklings","Slimebound:LeechEnergy","Slimebound:ComboTackle+1","Slimebound:ComboTackle+1","Slimebound:ForwardTackle","Slimebound:LeechLife","Slimebound:LivingWall+1","Slimebound:ServeAndProtect+1","Slimebound:SlimeTap","Slimebound:TongueLash","Slimebound:RejuvenatingLick+1","Slimebound:SplitMire","Slimebound:AcidTongue+1","Slimebound:ServeAndProtect+1","Slimebound:MegaLick+1","Slimebound:MassRepurpose","Slimebound:SpikyOuterGoop","Slimebound:SamplingLick+1"],"relics":["Slimebound:AbsorbEndCombat","Shuriken","Mummified Hand","Ornamental Fan","Slimebound:GreedOozeRelic","Calling Bell","Akabeko","hubris:MedicalManual","hubris:BottledRain","downfall:HeartBlessingGreen","hubris:TenFootPole","hubris:TinFlute","hubris:MysteriousPyramids","bronze:MakeshiftBattery","Ancient Tea Set","Bag of Preparation","HollowMod:JonisBlessing","War Paint","Anchor"],"acts_visited":["Exordium","TheCity","TheBeyond"],"potions_floor_usage":[33,33,40,42,50,50,50],"damage_taken":[{"damage":4.0,"enemies":"Cultist","floor":2.0,"turns":3.0},{"damage":0.0,"enemies":"Jaw Worm","floor":3.0,"turns":4.0},{"damage":5.0,"enemies":"2 Louse","floor":5.0,"turns":2.0},{"damage":5.0,"enemies":"Exordium Thugs","floor":6.0,"turns":6.0},{"damage":10.0,"enemies":"Lagavulin","floor":8.0,"turns":7.0},{"damage":0.0,"enemies":"2 Fungi Beasts","floor":9.0,"turns":3.0},{"damage":2.0,"enemies":"3 Sentries","floor":11.0,"turns":6.0},{"damage":6.0,"enemies":"Lots of Slimes","floor":14.0,"turns":4.0},{"damage":2.0,"enemies":"Red Slaver","floor":15.0,"turns":5.0},{"damage":12.0,"enemies":"WA_ARCHETYPE_RETAIN","floor":16.0,"turns":7.0},{"damage":11.0,"enemies":"Spheric Guardian","floor":19.0,"turns":5.0},{"damage":11.0,"enemies":"3 Byrds","floor":21.0,"turns":5.0},{"damage":1.0,"enemies":"downfall:FleeingMerchant","floor":23.0,"turns":4.0},{"damage":0.0,"enemies":"Snecko","floor":26.0,"turns":4.0},{"damage":0.0,"enemies":"downfall:FleeingMerchant","floor":27.0,"turns":4.0},{"damage":3.0,"enemies":"Book of Stabbing","floor":28.0,"turns":4.0},{"damage":0.0,"enemies":"Snake Plant","floor":29.0,"turns":4.0},{"damage":6.0,"enemies":"Gremlin Leader","floor":31.0,"turns":5.0},{"damage":23.0,"enemies":"Centurion and Healer","floor":32.0,"turns":6.0},{"damage":27,"enemies":"DF_ARCHETYPE_CLAW","floor":33,"turns":8},{"damage":6,"enemies":"3 Darklings","floor":36,"turns":5},{"damage":0,"enemies":"Orb Walker","floor":37,"turns":2},{"damage":29,"enemies":"3 Darklings","floor":38,"turns":3},{"damage":38,"enemies":"3 Darklings","floor":39,"turns":6},{"damage":1,"enemies":"Nemesis","floor":40,"turns":5},{"damage":12,"enemies":"downfall:FleeingMerchant","floor":42,"turns":4},{"damage":0,"enemies":"HollowMod:StalkingDevout","floor":43,"turns":6},{"damage":0,"enemies":"Transient","floor":46,"turns":5},{"damage":0,"enemies":"downfall:FleeingMerchant","floor":48,"turns":3},{"damage":0,"enemies":"3 Darklings","floor":49,"turns":4},{"damage":18,"enemies":"SI_POISON_ARCHETYPE","floor":50,"turns":5}],"seed_played":"-159515173821627252","potions_obtained":[{"floor":3.0,"key":"Slimebound:SlimedPotion"},{"floor":11.0,"key":"Weak Potion"},{"floor":14.0,"key":"champ:CounterPotion"},{"floor":16.0,"key":"LiquidMemories"},{"floor":19.0,"key":"Slimebound:SlimedPotion"},{"floor":28.0,"key":"Ancient Potion"},{"floor":36,"key":"SneckoOil"},{"floor":43,"key":"SteroidPotion"},{"floor":46,"key":"Strength Potion"},{"floor":49,"key":"Slimebound:ThreeZeroPotion"}],"is_trial":false,"path_per_floor":["R","M","M","?","M","M","T","E","M","R","E","?","R","M","M","B",null,"R","M","?","M","?","$","T","R","M","$","E","M","R","E","M","B",null,"R","M","M","M","?","E","T","$","E","R","?","M","?","$","M","B",null],"character_chosen":"SLIMEBOUND","items_purchased":["Slimebound:AcidTongue","Slimebound:Schlurp","HollowMod:JonisBlessing","Anchor","Slimebound:MassRepurpose","Slimebound:SpikyOuterGoop"],"campfire_rested":1,"item_purchase_floors":[23,23,42,48,48,48],"current_hp_per_floor":[65,65,65,65,64,62,62,60,64,64,65,65,65,61,61,57,65,65,61,61,54,54,57,57,57,63,65,65,65,65,65,48,29,65,65,65,65,44,24,31,31,25,25,44,44,44,44,44,44,26],"gold":31,"neow_bonus":"RANDOM_COLORLESS","is_daily":false,"chose_seed":false,"campfire_upgraded":7,"win_rate":0.0,"timestamp":1612921177,"path_taken":["R","M","M","?","?","M","T","E","M","R","E","?","R","M","M","BOSS","R","M","?","M","?","$","T","R","?","?","E","M","R","E","M","BOSS","R","M","M","M","?","E","T","$","E","R","?","M","?","?","M","BOSS"],"items_purchased_type":["Card","Card","Relic","Relic","Card","Card"],"build_version":"2020-12-22","purchased_purges":0,"victory":true,"max_hp_per_floor":[65,65,65,65,65,65,65,65,65,65,65,65,65,65,65,65,65,65,65,65,65,65,65,65,65,65,65,65,65,65,65,65,65,65,65,65,65,65,65,65,65,65,65,65,65,65,65,65,65,65],"card_choices":[{"not_picked":["Deep Breath","Impatience"],"picked":"Forethought","floor":0.0},{"not_picked":["Slimebound:SplitMire","Slimebound:ItLooksTasty"],"picked":"Slimebound:SplitLeeching","floor":2.0},{"not_picked":["Slimebound:TongueLash","Slimebound:Replication"],"picked":"Slimebound:MegaLick","floor":3.0},{"not_picked":["Slimebound:DisruptingSlam","Slimebound:ProtectTheBoss"],"picked":"Slimebound:MegaLick","floor":5.0},{"not_picked":["Slimebound:ItLooksTasty","Slimebound:SplitLeeching"],"picked":"Slimebound:Replication","floor":6.0},{"not_picked":["Slimebound:SplitLeeching","Slimebound:CheckThePlaybook"],"picked":"Slimebound:ProtectTheBoss","floor":8.0},{"not_picked":["Slimebound:SplitMire","Slimebound:RollThrough"],"picked":"Slimebound:Gluttony","floor":9.0},{"not_picked":["Slimebound:ComboTackle","Slimebound:HauntingLick"],"picked":"Slimebound:FirmFortitude","floor":11.0},{"not_picked":["Slimebound:ViciousTackle","Slimebound:SplitMire"],"picked":"Slimebound:LeechEnergy","floor":14.0},{"not_picked":["Slimebound:Schlurp","Slimebound:LivingWall"],"picked":"Slimebound:SpikyOuterGoop","floor":15.0},{"not_picked":["Slimebound:Darklings","Slimebound:PrepareCrush"],"picked":"Slimebound:MinionMaster","floor":16.0},{"not_picked":["Slimebound:ViciousTackle","Slimebound:FinishingTackle"],"picked":"Slimebound:ServeAndProtect+1","floor":19.0},{"not_picked":["Slimebound:RejuvenatingLick","Slimebound:DivideAndConquer"],"picked":"Slimebound:GoopSpray","floor":21.0},{"not_picked":["Slimebound:Prepare","Slimebound:GrowthPunch"],"picked":"Slimebound:SlimeBarrage+1","floor":23.0},{"not_picked":["Slimebound:ItLooksTasty","Slimebound:ComboTackle"],"picked":"Slimebound:Darklings","floor":26.0},{"not_picked":["Slimebound:RollThrough","Slimebound:Chomp+1"],"picked":"Slimebound:LeechEnergy","floor":27.0},{"not_picked":["Slimebound:FinishingTackle+1","Slimebound:Equalize"],"picked":"Slimebound:ComboTackle+1","floor":28.0},{"not_picked":["Slimebound:Equalize","Slimebound:GoopTackle+1"],"picked":"Slimebound:ComboTackle+1","floor":29.0},{"not_picked":["Slimebound:Replication","Slimebound:LeechingTouch"],"picked":"Slimebound:RainOfGoop+1","floor":31.0},{"not_picked":["Slimebound:SplitBruiser","Slimebound:LeechingTouch"],"picked":"Slimebound:ForwardTackle","floor":32.0},{"not_picked":["Slimebound:Darklings","Slimebound:MassFeed"],"picked":"Slimebound:LeechLife","floor":33},{"not_picked":["Slimebound:GoopTackle+1","Slimebound:PressTheAttack+1"],"picked":"Slimebound:LivingWall+1","floor":36},{"not_picked":["Slimebound:Equalize","Slimebound:HauntingLick"],"picked":"Slimebound:ServeAndProtect+1","floor":37},{"not_picked":["Slimebound:FinishingTackle","Slimebound:SamplingLick"],"picked":"Slimebound:SlimeTap","floor":38},{"not_picked":["Slimebound:Chomp","Slimebound:ItLooksTasty"],"picked":"Slimebound:TongueLash","floor":39},{"not_picked":["Slimebound:LeadByExample","Slimebound:Prepare"],"picked":"Slimebound:RejuvenatingLick+1","floor":40},{"not_picked":["Slimebound:SamplingLick","Slimebound:Schlurp+1"],"picked":"Slimebound:SplitMire","floor":42},{"not_picked":["Slimebound:SplitBruiser","Slimebound:LeadByExample"],"picked":"Slimebound:AcidTongue+1","floor":43},{"not_picked":["Slimebound:GoopSpray","Slimebound:GoopTackle"],"picked":"Slimebound:ServeAndProtect+1","floor":46},{"not_picked":["Slimebound:SlimeSpikes","Slimebound:Grow"],"picked":"Slimebound:MegaLick+1","floor":48},{"not_picked":["Slimebound:BestDefense+1","Slimebound:Grow+1"],"picked":"Slimebound:SamplingLick+1","floor":49}],"player_experience":2044447,"relics_obtained":[{"floor":7.0,"key":"Shuriken"},{"floor":8.0,"key":"Mummified Hand"},{"floor":11.0,"key":"Ornamental Fan"},{"floor":17.0,"key":"Akabeko"},{"floor":17.0,"key":"hubris:MedicalManual"},{"floor":17.0,"key":"hubris:BottledRain"},{"floor":24.0,"key":"hubris:TenFootPole"},{"floor":28.0,"key":"hubris:TinFlute"},{"floor":31.0,"key":"hubris:MysteriousPyramids"},{"floor":40,"key":"Ancient Tea Set"},{"floor":41,"key":"Bag of Preparation"},{"floor":43,"key":"War Paint"}],"event_choices":[{"cards_removed":["Slimebound:CorrosiveSpit"],"damage_healed":0.0,"max_hp_gain":0.0,"max_hp_loss":0.0,"gold_gain":0.0,"event_name":"betterNote:BetterNote","player_choice":"Give","floor":20.0,"gold_loss":0.0,"damage_taken":0.0,"cards_obtained":["None"]},{"damage_healed":0.0,"max_hp_gain":0.0,"max_hp_loss":0.0,"gold_gain":0.0,"event_name":"The Library","player_choice":"Read","floor":22.0,"gold_loss":0.0,"damage_taken":0.0,"cards_obtained":["Slimebound:Prepare"]},{"cards_removed":["Slimebound:RainOfGoop"],"damage_healed":0,"gold_gain":0,"player_choice":"Removed Skill","damage_taken":0,"max_hp_gain":0,"max_hp_loss":0,"event_name":"Falling","floor":45,"gold_loss":0}],"is_beta":false,"boss_relics":[{"not_picked":["Tiny House","hubris:RunicObelisk"],"picked":"Calling Bell"},{"not_picked":["Runesmith:UraniumAnvil","hubris:CrackedHourglass"],"picked":"bronze:MakeshiftBattery"}],"items_purged_floors":[],"is_endless":false,"potions_floor_spawned":[3,11,14,15,16,19,26,28,31,36,43,46,49],"ascension_level":1}}