{"host":"j2aqywwzai0xbcib","time":1612989170,"event":{"mods":["AchievementEnabler","BaseMod","Bestiary","Better Altar","Better Sensory Stone","Better Third Choice","ChefMod","Colored Map","Colored Powertips","Conspire","Downfall","Hermit","Hubris","Infinite Spire","Minty Spire (QoL Compilation)","Quick Restart","Rare Cards Sparkle","Relic Stats","Reliquary","Replay The Spire","Robot Space Explorer","Spicy Shops","StSLib","The Blackbeard","The Florist","The Gatherer","The Hayseed","TheWitcher"],"gold_per_floor":[112,112,72,86,0,27,41,41,41,41,95,95,123,161,161,161,161],"floor_reached":16,"language":"DUT","playtime":1246,"items_purged":[],"score":135,"play_id":"aebf820f-a05b-4e9e-b609-a2a8ad9aaa74","local_time":"20210210213250","is_ascension_mode":false,"campfire_choices":[{"data":"HandOfGreed","floor":12,"key":"SMITH"},{"floor":15,"key":"REST"}],"circlet_count":0,"master_deck":["SnafuTest:DefaultCommonAttack","SnafuTest:DefaultCommonAttack","SnafuTest:DefaultCommonAttack","SnafuTest:BountyHunt","SnafuTest:DefaultCommonSkill","SnafuTest:DefaultCommonSkill","SnafuTest:DefaultCommonSkill","SnafuTest:SignQuen","SnafuTest:SignIgni","FTL","SnafuTest:SwiftAssault","SnafuTest:MercilessReaper+1","SnafuTest:BloodForBlood","SnafuTest:BombDragonsDream","SnafuTest:PowerAlwaysAWay","HandOfGreed+1","SnafuTest:SpellBitingFrost","SnafuTest:SpellArcaneDomain","SnafuTest:WitchHunt"],"relics":["SnafuTest:UnstableMutagenRelic","Pen Nib","hubris:MedicalManual","reliquary:SilkGlove","Pear"],"acts_visited":["Exordium"],"potions_floor_usage":[4,6,13,16,16,16],"damage_taken":[{"damage":0,"enemies":"Small Slimes","floor":1,"turns":4},{"damage":0,"enemies":"2 Louse","floor":4,"turns":2},{"damage":11,"enemies":"3 Sentries","floor":6,"turns":4},{"damage":0,"enemies":"Cultist","floor":7,"turns":2},{"damage":0,"enemies":"Exordium Thugs","floor":11,"turns":4},{"damage":9,"enemies":"Gremlin Nob","floor":13,"turns":3},{"damage":0,"enemies":"Exordium Wildlife","floor":14,"turns":2},{"damage":79,"enemies":"Hexaghost","floor":16,"turns":9}],"seed_played":"-5473729578475202292","potions_obtained":[{"floor":3,"key":"DuplicationPotion"},{"floor":3,"key":"Adrenaline Potion"},{"floor":3,"key":"Energy Potion"},{"floor":7,"key":"sneckomod:MuddlingPotion"},{"floor":11,"key":"SkillPotion"},{"floor":14,"key":"Elixir"}],"is_trial":false,"path_per_floor":["M","?","?","M","$","E","M","$","T","?","M","R","E","M","R","B"],"character_chosen":"THE_WITCHER","items_purchased":["SnafuTest:MercilessReaper+1","SnafuTest:BloodForBlood"],"campfire_rested":1,"item_purchase_floors":[5,5],"current_hp_per_floor":[82,62,62,62,62,51,51,51,51,51,51,51,52,52,79,0,0],"gold":161,"neow_bonus":"TEN_PERCENT_HP_BONUS","is_daily":false,"chose_seed":false,"campfire_upgraded":1,"win_rate":0.0,"timestamp":1612989170,"path_taken":["M","?","?","?","$","E","M","?","T","?","M","R","E","M","R","BOSS"],"items_purchased_type":["Card","Card"],"build_version":"2020-12-22","purchased_purges":0,"victory":false,"max_hp_per_floor":[82,82,82,82,82,82,82,82,82,82,82,82,92,92,92,92,92],"relic_stats":{"counters":[8,30],"Pen Nib":[6],"obtain_stats":[{"SnafuTest:UnstableMutagenRelic":0,"reliquary:SilkGlove":9,"Pear":13,"Pen Nib":2,"hubris:MedicalManual":6},{"SnafuTest:UnstableMutagenRelic":0,"reliquary:SilkGlove":4,"Pear":6,"Pen Nib":1,"hubris:MedicalManual":3},{"SnafuTest:UnstableMutagenRelic":0,"reliquary:SilkGlove":12,"Pear":19,"Pen Nib":4,"hubris:MedicalManual":10}]},"card_choices":[{"not_picked":["SnafuTest:UndefeatedNarcissism","SnafuTest:PowerVainGlory"],"picked":"SnafuTest:SignIgni","floor":1},{"not_picked":["SnafuTest:SpellTortoise","SnafuTest:Meditation"],"picked":"SnafuTest:SwiftAssault","floor":4},{"not_picked":["SnafuTest:DesperateRemediation","SnafuTest:SpellSageOmniscience"],"picked":"SnafuTest:BombDragonsDream","floor":6},{"not_picked":["SnafuTest:PhantomMemory","SnafuTest:NoPass"],"picked":"SnafuTest:PowerAlwaysAWay","floor":7},{"not_picked":["Replay:BasicMightCard","Good Instincts"],"picked":"HandOfGreed","floor":10},{"not_picked":["SnafuTest:PowerTrialOfGrasses","SnafuTest:BloodForBlood"],"picked":"SnafuTest:SpellBitingFrost","floor":11},{"not_picked":["SnafuTest:PayHappyHour","SnafuTest:GetPaid"],"picked":"SnafuTest:SpellArcaneDomain","floor":13},{"not_picked":["SnafuTest:MCSongOfPeace","SnafuTest:PowerTrialOfGrasses"],"picked":"SnafuTest:WitchHunt","floor":14}],"player_experience":404099,"relics_obtained":[{"floor":6,"key":"hubris:MedicalManual"},{"floor":9,"key":"reliquary:SilkGlove"},{"floor":13,"key":"Pear"}],"event_choices":[{"damage_healed":0,"gold_gain":0,"player_choice":"Bought 3 Potions","damage_taken":0,"max_hp_gain":0,"max_hp_loss":0,"event_name":"The Woman in Blue","floor":3,"gold_loss":0},{"damage_healed":0,"gold_gain":1,"player_choice":"1","damage_taken":0,"max_hp_gain":0,"max_hp_loss":0,"event_name":"betterStone:BetterStone","floor":10,"gold_loss":0}],"is_beta":false,"boss_relics":[],"items_purged_floors":[],"is_endless":false,"potions_floor_spawned":[7,11,14],"killed_by":"Hexaghost","ascension_level":0}}