{"host":"kag8mfq4or8nkqb2","time":1612984415,"event":{"mods":["2.2 Compatiblity","BaseMod","Colored Map","Colored Powertips","Downfall","Minty Spire (QoL Compilation)","Relic Stats","StSLib"],"gold_per_floor":[99,99,99,99,249,249,249,249,259,259,259,270,280,44,62,62,62,62],"floor_reached":16,"language":"ENG","playtime":640,"items_purged":["Regret"],"score":150,"play_id":"23f823f9-0368-41f0-b71b-faf746686eb7","local_time":"20210210191335","is_ascension_mode":true,"campfire_choices":[{"data":"Guardian:CurlUp","floor":1,"key":"SMITH"},{"data":"Guardian:TwinSlam","floor":6,"key":"SMITH"},{"data":"Guardian:Preprogram","floor":10,"key":"SMITH"}],"circlet_count":0,"master_deck":["AscendersBane","Guardian:Strike_Guardian","Guardian:Strike_Guardian","Guardian:Strike_Guardian","Guardian:Strike_Guardian","Guardian:Defend_Guardian+1","Guardian:Defend_Guardian","Guardian:Defend_Guardian+1","Guardian:Defend_Guardian","Guardian:CurlUp+1","Guardian:TwinSlam+1","Guardian:Orbwalk","downfall:Icky","Guardian:Preprogram+1","Guardian:Gem_Crimson","Guardian:Clone","Guardian:Preprogram","Guardian:ShieldCharger","Guardian:BronzeArmor"],"relics":["Guardian:ModeShifter","downfall:HeartsMalice","Happy Flower","The Courier","War Paint"],"acts_visited":["Exordium"],"potions_floor_usage":[16,16],"damage_taken":[{"damage":0,"enemies":"2 Louse","floor":2,"turns":1},{"damage":0,"enemies":"Cultist","floor":3,"turns":1},{"damage":0,"enemies":"Small Slimes","floor":8,"turns":1},{"damage":6,"enemies":"2 Fungi Beasts","floor":9,"turns":4},{"damage":1,"enemies":"Large Slime","floor":12,"turns":3},{"damage":3,"enemies":"Blue Slaver","floor":13,"turns":3},{"damage":7,"enemies":"downfall:FleeingMerchant","floor":14,"turns":4},{"damage":23,"enemies":"3 Louse","floor":15,"turns":3},{"damage":33,"enemies":"WA_ARCHETYPE_RETAIN","floor":16,"turns":10}],"seed_played":"8508183312654832637","potions_obtained":[{"floor":9,"key":"Weak Potion"},{"floor":15,"key":"Weak Potion"}],"is_trial":false,"path_per_floor":["R","M","M","?","?","R","T","M","M","R","?","M","M","$","M","B"],"character_chosen":"GUARDIAN","items_purchased":["War Paint","Guardian:ShieldCharger"],"campfire_rested":0,"item_purchase_floors":[14,14],"current_hp_per_floor":[65,65,65,65,65,65,65,65,59,59,59,58,55,48,25,0,0,0],"gold":62,"neow_bonus":"THREE_ENEMY_KILL","is_daily":false,"chose_seed":false,"campfire_upgraded":3,"win_rate":0.0,"timestamp":1612984415,"path_taken":["R","M","M","?","?","R","T","M","M","R","?","M","M","$","M","BOSS"],"items_purchased_type":["Relic","Card"],"build_version":"2020-12-22","purchased_purges":1,"victory":false,"max_hp_per_floor":[72,72,72,72,72,72,72,72,72,72,72,72,72,72,72,72,72,72],"relic_stats":{"Happy Flower":[9],"counters":[9,27],"War Paint":["Guardian:Defend_Guardian","Guardian:Defend_Guardian"],"obtain_stats":[{"Happy Flower":4,"Guardian:ModeShifter":0,"downfall:HeartsMalice":0,"The Courier":7,"War Paint":14},{"Happy Flower":2,"Guardian:ModeShifter":0,"downfall:HeartsMalice":0,"The Courier":2,"War Paint":7},{"Happy Flower":0,"Guardian:ModeShifter":0,"downfall:HeartsMalice":0,"The Courier":0,"War Paint":14}]},"card_choices":[{"not_picked":["Guardian:BodySlam","Guardian:MultiBeam"],"picked":"Guardian:Gem_Fragmented","floor":2},{"not_picked":["Guardian:FloatingOrbs","Guardian:SpikerProtocol"],"picked":"Guardian:Orbwalk","floor":3},{"not_picked":["Guardian:WalkerClaw","Guardian:ChargeCore"],"picked":"Guardian:Gem_Yellow","floor":8},{"not_picked":["Guardian:Incinerate","Guardian:SentryBeam"],"picked":"Guardian:Preprogram","floor":9},{"not_picked":["Guardian:WalkerClaw","Guardian:EvasiveProtocol"],"picked":"Guardian:Gem_Crimson","floor":12},{"not_picked":["Guardian:RollAttack","Guardian:VentSteam"],"picked":"Guardian:Clone","floor":13},{"not_picked":["Guardian:Planning","Guardian:RefractedBeam"],"picked":"Guardian:Preprogram","floor":14},{"not_picked":["Guardian:ShieldCharger","Guardian:Reroute"],"picked":"Guardian:BronzeArmor","floor":15}],"player_experience":1093769,"relics_obtained":[{"floor":7,"key":"The Courier"}],"event_choices":[{"damage_healed":0,"gold_gain":0,"player_choice":"Box","damage_taken":0,"relics_obtained":["Happy Flower"],"max_hp_gain":0,"max_hp_loss":0,"event_name":"Big Fish","floor":4,"gold_loss":0,"cards_obtained":["Regret"]}],"is_beta":false,"boss_relics":[],"items_purged_floors":[14],"is_endless":false,"potions_floor_spawned":[9,15],"killed_by":"WA_ARCHETYPE_RETAIN","ascension_level":14}}