{"host":"0qevis500jgmlc2v","time":1612948567,"event":{"mods":["100% Spire Juice","Act Like it!","Aspiration","BaseMod","Conspire","Energized Spire","Friendly Minions","GifTheSpireLib","KinomotoSakuraMod(木之本樱)","KomeijiMod","Marisa（F雨　魔理沙）","Minty Spire (QoL Compilation)","Pale of the Ancients","Quick Restart","Reliquary","Replay The Spire","Shop Mod","Spicy Shops","StSLib","Yakumo Yukari mod","【功能Mod】聪明的最终Boss"],"gold_per_floor":[119,134,150,361,79,79,79],"floor_reached":6,"language":"ZHS","playtime":469,"items_purged":["Strike_B"],"score":76,"play_id":"8bc8df60-1a99-4572-8a95-7e6ed569bb37","local_time":"20210210171607","is_ascension_mode":true,"campfire_choices":[],"circlet_count":0,"master_deck":["AscendersBane","Strike_B","Strike_B","Strike_B","Defend_B","Defend_B","Defend_B","Defend_B","Zap","Dualcast","Skim","Consume","Time Bomb","Turbo","ReplayTheSpireMod:IOU","Panic Button"],"relics":["Cracked Core","Replay:Wax Seal"],"acts_visited":["Exordium"],"potions_floor_usage":[],"damage_taken":[{"damage":0.0,"enemies":"Cultist","floor":1.0,"turns":3.0},{"damage":9.0,"enemies":"Jaw Worm","floor":2.0,"turns":3.0},{"damage":0.0,"enemies":"conspire:RoseBush","floor":3.0,"turns":3.0},{"damage":32,"enemies":"Blue Slaver","floor":5,"turns":6},{"damage":30,"enemies":"3 Sentries","floor":6,"turns":4}],"seed_played":"-5671139924522915281","potions_obtained":[{"floor":3.0,"key":"Languid Potion"},{"floor":5,"key":"Weak Potion"}],"is_trial":false,"path_per_floor":["M","M","M","$","M","E"],"character_chosen":"DEFECT","items_purchased":["Turbo","Replay:Wax Seal"],"campfire_rested":0,"item_purchase_floors":[4,4],"current_hp_per_floor":[71,62,62,62,30,0,0],"gold":79,"neow_bonus":"TEN_PERCENT_HP_BONUS","is_daily":false,"chose_seed":false,"campfire_upgraded":0,"win_rate":0.0,"timestamp":1612948567,"path_taken":["M","?","M","$","M","E"],"items_purchased_type":["Card","Relic"],"build_version":"2020-12-22","purchased_purges":1,"victory":false,"max_hp_per_floor":[78,78,78,78,78,78,78],"card_choices":[{"not_picked":["Streamline","Steam"],"picked":"Skim","floor":1.0},{"not_picked":["Cold Snap","Barrage"],"picked":"Consume","floor":2.0},{"not_picked":["ReplayTheSpireMod:Reroute Power","Sweeping Beam"],"picked":"Time Bomb","floor":3.0},{"not_picked":["Self Repair","Rebound"],"picked":"Panic Button","floor":5}],"player_experience":929713,"relics_obtained":[],"event_choices":[],"is_beta":false,"boss_relics":[],"items_purged_floors":[4],"is_endless":false,"potions_floor_spawned":[3,5],"killed_by":"3 Sentries","ascension_level":20}}