{"host":"hrn9sk6g3e0vcjdq","time":1612916287,"event":{"mods":["AchievementEnabler","BaseMod","BetterRewards","Colored Map","Colored Powertips","Hubris","Minty Spire (QoL Compilation)","Quick Restart","StSLib"],"gold_per_floor":[110,185,201,154,171,171,198,163,188,188,216,229,74,104,104,175,175,189,201,11,11,28,28,55,55,55,0,18,28,28,41,41,41,41],"floor_reached":33,"language":"ENG","playtime":1220,"items_purged":[],"score":635,"play_id":"271ff0bd-2831-4c34-a355-c6fbdb33c04f","local_time":"20210210001807","is_ascension_mode":true,"campfire_choices":[{"data":"Shrug It Off","floor":6,"key":"SMITH"},{"data":"Berserk","floor":10,"key":"SMITH"},{"floor":15,"key":"REST"},{"floor":23,"key":"REST"},{"floor":32,"key":"REST"}],"circlet_count":0,"master_deck":["AscendersBane","Strike_R","Strike_R","Defend_R","Defend_R","Defend_R","Defend_R","Bash","Cleave","Wild Strike","Flex","Disarm","Sword Boomerang","Twin Strike","Shrug It Off+1","Headbutt","Berserk+1","Fire Breathing","Inflame","Iron Wave","Inflame","Feed","Ghostly Armor+1","Dual Wield+1","Spot Weakness+1","Pummel","Bludgeon","Iron Wave+1","Thunderclap+1"],"relics":["Burning Blood","Prayer Wheel","Kunai","Toy Ornithopter","Thread and Needle","Vajra","hubris:DeckOfHolding","Astrolabe","Membership Card","hubris:GlazedTorus","hubris:Metronome"],"acts_visited":["Exordium","TheCity"],"potions_floor_usage":[7,14,14,24,29,33],"damage_taken":[{"damage":8,"enemies":"Jaw Worm","floor":1,"turns":6},{"damage":8,"enemies":"Small Slimes","floor":3,"turns":3},{"damage":5,"enemies":"2 Louse","floor":5,"turns":2},{"damage":30,"enemies":"3 Sentries","floor":7,"turns":6},{"damage":48,"enemies":"Lagavulin","floor":11,"turns":12},{"damage":1,"enemies":"2 Fungi Beasts","floor":12,"turns":3},{"damage":13,"enemies":"Gremlin Nob","floor":14,"turns":4},{"damage":23,"enemies":"Hexaghost","floor":16,"turns":9},{"damage":19,"enemies":"3 Byrds","floor":18,"turns":6},{"damage":18,"enemies":"Chosen","floor":19,"turns":5},{"damage":36,"enemies":"Centurion and Healer","floor":22,"turns":4},{"damage":27,"enemies":"Book of Stabbing","floor":24,"turns":5},{"damage":2,"enemies":"Cultist and Chosen","floor":28,"turns":6},{"damage":21,"enemies":"3 Cultists","floor":29,"turns":5},{"damage":37,"enemies":"Centurion and Healer","floor":31,"turns":6},{"damage":53,"enemies":"Automaton","floor":33,"turns":6}],"seed_played":"-4180918593962199690","potions_obtained":[{"floor":3,"key":"AttackPotion"},{"floor":11,"key":"Explosive Potion"},{"floor":12,"key":"EssenceOfSteel"},{"floor":22,"key":"Block Potion"},{"floor":24,"key":"AttackPotion"},{"floor":28,"key":"CultistPotion"}],"is_trial":false,"path_per_floor":["M","?","M","$","M","R","E","?","T","R","E","M","$","E","R","B",null,"M","M","$","?","M","R","E","?","T","?","M","M","?","M","R","B"],"character_chosen":"IRONCLAD","items_purchased":["Prayer Wheel","Cleave","Twin Strike","Vajra","Membership Card","Bludgeon"],"campfire_rested":3,"item_purchase_floors":[0,0,4,13,20,20],"current_hp_per_floor":[70,59,57,57,58,58,34,54,54,54,12,17,17,20,44,27,67,57,45,45,45,15,39,23,23,23,23,30,23,52,21,47,0,0],"gold":41,"neow_bonus":"","is_daily":false,"chose_seed":false,"campfire_upgraded":2,"win_rate":0.0,"timestamp":1612916287,"path_taken":["M","?","M","$","M","R","E","?","T","R","E","M","$","E","R","BOSS","M","M","$","?","M","R","E","?","T","?","M","M","?","?","R","BOSS"],"items_purchased_type":["Relic","Card","Card","Relic","Relic","Card"],"build_version":"2020-12-22","purchased_purges":0,"victory":false,"max_hp_per_floor":[80,80,80,80,80,80,80,80,80,80,80,80,80,80,80,80,80,83,83,83,83,83,83,83,83,83,83,86,89,89,89,89,89,89],"card_choices":[{"not_picked":["Shockwave","Reckless Charge"],"picked":"Wild Strike","floor":1},{"not_picked":["Dropkick","Carnage"],"picked":"Flex","floor":1},{"not_picked":["Sword Boomerang","Clash"],"picked":"Disarm","floor":3},{"not_picked":["Perfected Strike","Sever Soul"],"picked":"Sword Boomerang","floor":3},{"not_picked":["Hemokinesis","Second Wind"],"picked":"Shrug It Off","floor":5},{"not_picked":["Battle Trance","Blood for Blood"],"picked":"Headbutt","floor":5},{"not_picked":["Flex","Twin Strike"],"picked":"Berserk","floor":7},{"not_picked":["Battle Trance","Intimidate"],"picked":"Fire Breathing","floor":11},{"not_picked":["Headbutt","Searing Blow"],"picked":"Inflame","floor":12},{"not_picked":["Pommel Strike","Anger"],"picked":"Iron Wave","floor":12},{"not_picked":["Twin Strike","Sentinel"],"picked":"Inflame","floor":14},{"not_picked":["Corruption","Brutality"],"picked":"Feed","floor":16},{"not_picked":["Wild Strike","Body Slam+1"],"picked":"Pummel","floor":18},{"not_picked":["Combust","Pummel","Clash+1"],"picked":"SKIP","floor":18},{"not_picked":["hubris:CleavingFinish","Shrug It Off","Thunderclap"],"picked":"SKIP","floor":19},{"not_picked":["hubris:ReadiedAction+1","Wild Strike+1","Second Wind"],"picked":"SKIP","floor":19},{"not_picked":["Havoc","Whirlwind+1"],"picked":"Iron Wave+1","floor":22},{"not_picked":["Dropkick","Perfected Strike","Blood for Blood"],"picked":"SKIP","floor":22},{"not_picked":["Perfected Strike","Corruption","Spot Weakness"],"picked":"SKIP","floor":24},{"not_picked":["Second Wind","Pommel Strike","Dark Embrace"],"picked":"SKIP","floor":28},{"not_picked":["Flex","Bloodletting+1","Warcry"],"picked":"SKIP","floor":28},{"not_picked":["Anger","Brutality","Searing Blow"],"picked":"SKIP","floor":29},{"not_picked":["Twin Strike","Uppercut","Havoc"],"picked":"SKIP","floor":29},{"not_picked":["Havoc","Wild Strike"],"picked":"Thunderclap+1","floor":31},{"not_picked":["Anger","Pommel Strike","Perfected Strike"],"picked":"SKIP","floor":31}],"player_experience":633671,"relics_obtained":[{"floor":7,"key":"Kunai"},{"floor":9,"key":"Toy Ornithopter"},{"floor":11,"key":"Thread and Needle"},{"floor":14,"key":"hubris:DeckOfHolding"},{"floor":24,"key":"hubris:GlazedTorus"},{"floor":26,"key":"hubris:Metronome"}],"event_choices":[{"damage_healed":0,"gold_gain":75,"player_choice":"Gather Gold","damage_taken":11,"max_hp_gain":0,"max_hp_loss":0,"event_name":"World of Goop","floor":2,"gold_loss":0},{"damage_healed":20,"gold_gain":0,"player_choice":"Healed","damage_taken":0,"max_hp_gain":0,"max_hp_loss":0,"event_name":"The Cleric","floor":8,"gold_loss":35},{"damage_healed":0,"gold_gain":0,"player_choice":"Ignored","damage_taken":0,"max_hp_gain":0,"max_hp_loss":0,"event_name":"Vampires","floor":21,"gold_loss":0},{"damage_healed":0,"gold_gain":0,"player_choice":"Paid Fearfully","damage_taken":0,"max_hp_gain":0,"max_hp_loss":0,"event_name":"Masked Bandits","floor":27,"gold_loss":55},{"damage_healed":29,"gold_gain":0,"player_choice":"Heal","damage_taken":0,"max_hp_gain":0,"max_hp_loss":0,"event_name":"The Library","floor":30,"gold_loss":0}],"is_beta":false,"boss_relics":[{"not_picked":["hubris:RunicObelisk","Pandora\u0027s Box"],"picked":"Astrolabe"}],"items_purged_floors":[],"is_endless":false,"potions_floor_spawned":[3,11,12,22,24,28],"killed_by":"Automaton","ascension_level":13}}