{"host":"kaame4qwxxqnygv7","time":1612928165,"event":{"mods":["AchievementEnabler","BaseMod","Better Match","Better Skull","Better Third Choice","Block Reminder","DeckTracker","Energized Spire","GungeonMod","Minty Spire (QoL Compilation)","Quick Restart","Red Circlet Mod","StSLib","SuperFastMode","The Blue Laboratory"],"gold_per_floor":[112,287,97,47,58,89,103,136,160,160,140,155,171,201,201,298,298,317,341,13,26,44,44,44,44],"floor_reached":24,"language":"KOR","playtime":1864,"items_purged":["Doubt"],"score":337,"play_id":"5a0edb0d-8856-406d-9fc4-1eb545c2af6e","local_time":"20210210123605","is_ascension_mode":true,"campfire_choices":[{"floor":15.0,"key":"REST"}],"circlet_count":0,"master_deck":["Strike_G","Strike_G","Strike_G","Strike_G","Defend_G","Defend_G","Defend_G","Defend_G","Defend_G","Survivor","Neutralize","Calculated Gamble","Footwork","Accuracy","Blade Dance","Cloak And Dagger","Unload","Prepared+1","Outmaneuver+1"],"relics":["Ring of the Snake","NeowsBlessing","DemoMod:GnawedKey","Ginger","Toy Ornithopter","The Courier","Runic Pyramid","Vajra","DemoMod:MeltedRock","DemoMod:MonsterBlood","FaceOfCleric"],"acts_visited":["Exordium","TheCity"],"potions_floor_usage":[22,22],"damage_taken":[{"damage":0.0,"enemies":"Jaw Worm","floor":1.0,"turns":1.0},{"damage":0.0,"enemies":"Small Slimes","floor":5.0,"turns":1.0},{"damage":0.0,"enemies":"Lagavulin","floor":6.0,"turns":1.0},{"damage":0.0,"enemies":"Cultist","floor":7.0,"turns":5.0},{"damage":20.0,"enemies":"3 Sentries","floor":8.0,"turns":8.0},{"damage":0.0,"enemies":"Red Slaver","floor":12.0,"turns":7.0},{"damage":23.0,"enemies":"Gremlin Gang","floor":13.0,"turns":6.0},{"damage":22.0,"enemies":"Gremlin Nob","floor":14.0,"turns":5.0},{"damage":15.0,"enemies":"Slime Boss","floor":16.0,"turns":11.0},{"damage":17.0,"enemies":"3 Byrds","floor":18.0,"turns":6.0},{"damage":27.0,"enemies":"Spheric Guardian","floor":21.0,"turns":6.0},{"damage":18,"enemies":"Snake Plant","floor":22,"turns":5},{"damage":14,"enemies":"Snecko","floor":24,"turns":6}],"seed_played":"8870832161839427742","potions_obtained":[{"floor":1.0,"key":"PowerPotion"},{"floor":5.0,"key":"blueLaboratory:Virophage"},{"floor":8.0,"key":"blueLaboratory:AbyssPotion"},{"floor":11.0,"key":"PowerPotion"},{"floor":14.0,"key":"blueLaboratory:BottledHope"},{"floor":18.0,"key":"blueLaboratory:Moonshine"}],"is_trial":false,"path_per_floor":["M","?","$","?","M","E","M","E","T","?","?","M","M","E","R","B",null,"M","T","$","M","M","?","M"],"character_chosen":"THE_SILENT","items_purchased":["DemoMod:GnawedKey","DemoMod:MeltedRock","DemoMod:MonsterBlood"],"campfire_rested":1,"item_purchase_floors":[3,20,20],"current_hp_per_floor":[63,63,63,63,63,63,63,43,43,43,43,43,25,8,29,19,57,40,40,47,20,12,12,0,0],"gold":44,"neow_bonus":"THREE_ENEMY_KILL","is_daily":false,"chose_seed":false,"campfire_upgraded":0,"win_rate":0.0,"timestamp":1612928165,"path_taken":["M","?","$","?","M","E","M","E","T","?","?","M","?","E","R","BOSS","M","?","$","?","?","?","M"],"items_purchased_type":["Relic","Relic","Relic"],"build_version":"2020-12-22","purchased_purges":1,"victory":false,"max_hp_per_floor":[70,70,70,70,70,70,70,70,70,70,70,70,70,70,70,70,70,70,70,77,77,77,77,77,77],"card_choices":[{"not_picked":["Setup","Flying Knee"],"picked":"Calculated Gamble","floor":1.0},{"not_picked":["Slice","Sucker Punch"],"picked":"Footwork","floor":5.0},{"not_picked":["Dash","Eviscerate","Noxious Fumes"],"picked":"SKIP","floor":6.0},{"not_picked":["Venomology","Slice"],"picked":"Accuracy","floor":7.0},{"not_picked":["Dash","Concentrate","Dodge and Roll"],"picked":"SKIP","floor":8.0},{"not_picked":["Sucker Punch","Deadly Poison","Heel Hook"],"picked":"SKIP","floor":12.0},{"not_picked":["Deflect","Dagger Throw"],"picked":"Blade Dance","floor":13.0},{"not_picked":["Deadly Poison","A Thousand Cuts"],"picked":"Cloak And Dagger","floor":14.0},{"not_picked":["Die Die Die","Night Terror"],"picked":"Unload","floor":16.0},{"not_picked":["Flying Knee","Dodge and Roll"],"picked":"Prepared+1","floor":18.0},{"not_picked":["Deadly Poison","Prepared"],"picked":"Outmaneuver+1","floor":21.0},{"not_picked":["Deadly Poison","Concentrate+1","Dagger Spray"],"picked":"SKIP","floor":22}],"player_experience":266501,"relics_obtained":[{"floor":6.0,"key":"Ginger"},{"floor":8.0,"key":"Toy Ornithopter"},{"floor":14.0,"key":"The Courier"},{"floor":19.0,"key":"Vajra"}],"event_choices":[{"damage_healed":0.0,"max_hp_gain":0.0,"max_hp_loss":0.0,"gold_gain":175.0,"event_name":"betterThird:BetterSerpent","player_choice":"AGREE","floor":2.0,"gold_loss":0.0,"damage_taken":112.0},{"cards_removed":["Strike_G"],"damage_healed":0.0,"max_hp_gain":0.0,"max_hp_loss":0.0,"gold_gain":0.0,"event_name":"The Cleric","player_choice":"Card Removal","floor":4.0,"gold_loss":50.0,"damage_taken":0.0},{"damage_healed":0.0,"max_hp_gain":0.0,"max_hp_loss":0.0,"gold_gain":0.0,"event_name":"Dead Adventurer","player_choice":"Searched \u00271\u0027 times","floor":10.0,"gold_loss":0.0,"damage_taken":0.0},{"damage_healed":0.0,"max_hp_gain":0.0,"max_hp_loss":0.0,"gold_gain":0.0,"event_name":"The Woman in Blue","player_choice":"Bought 1 Potion","floor":11.0,"gold_loss":0.0,"damage_taken":0.0},{"damage_healed":0,"gold_gain":0,"player_choice":"Trade","damage_taken":0,"relics_obtained":["FaceOfCleric"],"max_hp_gain":0,"max_hp_loss":0,"event_name":"FaceTrader","floor":23,"gold_loss":0}],"is_beta":false,"boss_relics":[{"not_picked":["Astrolabe","energizedSpire:HighHeels"],"picked":"Runic Pyramid"}],"items_purged_floors":[3],"is_endless":false,"potions_floor_spawned":[1,5,8,14,18],"killed_by":"Snecko","ascension_level":8}}