{"host":"m6aaltr68g9tvoay","time":1612920834,"event":{"mods":["AchievementEnabler","BaseMod","Colored Map","Downfall","Minty Spire (QoL Compilation)","Slay the Relics Exporter","StSLib"],"gold_per_floor":[199,218,236,246,32,46,72,72,84,84,84,115,15,0,16,121,121,121,154,154,172,189,189,266,266,278,306,319,338,338,338,354,354,354,354],"floor_reached":33,"language":"ENG","playtime":2163,"items_purged":[],"score":417,"play_id":"92316ef1-c78f-44cf-90c7-ea0b61145b76","local_time":"20210209173354","is_ascension_mode":true,"campfire_choices":[{"floor":1,"key":"RECALL"},{"data":"bronze:Branch","floor":8,"key":"SMITH"},{"floor":13,"key":"REST"},{"data":"bronze:AlphaBuild","floor":18,"key":"SMITH"},{"floor":23,"key":"REST"},{"floor":25,"key":"REST"},{"floor":30,"key":"REST"}],"circlet_count":0,"master_deck":["AscendersBane","bronze:Strike","bronze:Defend","bronze:Defend","bronze:Defend","bronze:Replicate","bronze:Goto","bronze:Branch","bronze:ClassDefault","bronze:Branch+1","bronze:OilSpill","bronze:DelayedSlice","bronze:Overload","bronze:Terminator","bronze:AlphaBuild+1","bronze:Optimize","bronze:Iterate","bronze:AlphaBuild","bronze:Repulsor+1","bronze:CloningBeam+1","bronze:ForLoop+1","bronze:Shield","bronze:Turbo","bronze:BronzeOrb+1","bronze:Repair+1","bronze:RecursiveStrike"],"relics":["bronze:BronzeCore","MealTicket","hexamod:BolsterEngine","Oddly Smooth Stone","downfall:HeartBlessingRed","Astrolabe","Red Mask","Nilry\u0027s Codex","Matryoshka","Toy Ornithopter"],"acts_visited":["Exordium","TheCity"],"potions_floor_usage":[16,16,22,29,33],"damage_taken":[{"damage":1,"enemies":"Cultist","floor":2,"turns":4},{"damage":0,"enemies":"2 Louse","floor":3,"turns":3},{"damage":0,"enemies":"Small Slimes","floor":4,"turns":2},{"damage":0,"enemies":"downfall:FleeingMerchant","floor":5,"turns":4},{"damage":7,"enemies":"Exordium Wildlife","floor":6,"turns":3},{"damage":15,"enemies":"3 Louse","floor":9,"turns":2},{"damage":23,"enemies":"Gremlin Nob","floor":12,"turns":4},{"damage":0,"enemies":"downfall:FleeingMerchant","floor":14,"turns":4},{"damage":2,"enemies":"Exordium Thugs","floor":15,"turns":3},{"damage":14,"enemies":"SI_SHIV_ARCHETYPE","floor":16,"turns":10},{"damage":19,"enemies":"Masked Bandits","floor":19,"turns":4},{"damage":6,"enemies":"Shell Parasite","floor":21,"turns":3},{"damage":0,"enemies":"Snake Plant","floor":22,"turns":3},{"damage":21,"enemies":"Snecko","floor":26,"turns":6},{"damage":27,"enemies":"Slavers","floor":27,"turns":5},{"damage":0,"enemies":"Cultist and Chosen","floor":28,"turns":2},{"damage":0,"enemies":"Shelled Parasite and Fungi","floor":29,"turns":4},{"damage":12,"enemies":"Chosen and Byrds","floor":32,"turns":5},{"damage":47,"enemies":"DF_ARCHETYPE_CLAW","floor":33,"turns":5}],"seed_played":"-2912673054007408449","potions_obtained":[{"floor":3,"key":"SteroidPotion"},{"floor":6,"key":"hexamod:SoulburnPotion"},{"floor":9,"key":"Block Potion"},{"floor":19,"key":"PowerPotion"},{"floor":21,"key":"Guardian:BlockOnCardUsePotion"},{"floor":28,"key":"SpeedPotion"}],"is_trial":false,"path_per_floor":["R","M","M","M","$","M","T","R","M","?","?","E","R","$","M","B",null,"R","?","?","M","M","R","T","R","M","E","M","M","R","?","M","B"],"character_chosen":"THE_AUTOMATON","items_purchased":["MealTicket","bronze:DelayedSlice"],"campfire_rested":4,"item_purchase_floors":[5,5],"current_hp_per_floor":[63,62,62,62,62,55,55,55,40,40,40,17,38,53,51,37,62,62,43,27,21,21,42,42,63,42,15,15,20,41,41,29,0,0,0],"gold":354,"neow_bonus":"HUNDRED_GOLD","is_daily":false,"chose_seed":false,"campfire_upgraded":2,"win_rate":0.0,"timestamp":1612920834,"path_taken":["R","M","M","M","$","M","T","R","M","?","?","E","R","$","M","BOSS","R","?","?","M","M","R","T","R","M","E","M","M","R","?","M","BOSS"],"items_purchased_type":["Relic","Card"],"build_version":"2020-12-22","purchased_purges":0,"victory":false,"max_hp_per_floor":[70,70,70,70,70,70,70,70,70,70,70,70,70,70,70,70,70,70,70,70,70,70,70,70,70,70,70,70,70,70,70,70,70,70,70],"card_choices":[{"not_picked":["bronze:Frontload","bronze:Philosophize"],"picked":"bronze:Branch","floor":2},{"not_picked":["bronze:ForceShield","bronze:Refactor"],"picked":"bronze:ClassDefault","floor":3},{"not_picked":["bronze:WildBeam","bronze:Invalidate"],"picked":"bronze:Branch","floor":4},{"not_picked":["bronze:Terminator","bronze:MaxOutput"],"picked":"bronze:OilSpill","floor":5},{"not_picked":["bronze:Invalidate","bronze:MaxOutput"],"picked":"bronze:Overload","floor":6},{"not_picked":["bronze:DelayedGuard","bronze:BuggyMess"],"picked":"bronze:Terminator","floor":9},{"not_picked":["bronze:Repulsor","bronze:Branch"],"picked":"bronze:AlphaBuild","floor":12},{"not_picked":["bronze:ItsAFeature","bronze:DarkDash"],"picked":"bronze:Optimize","floor":14},{"not_picked":["bronze:ChildClass","bronze:Branch"],"picked":"bronze:Iterate","floor":15},{"not_picked":["bronze:Library","bronze:CleanCode"],"picked":"bronze:AlphaBuild","floor":16},{"not_picked":["bronze:Deprecate+1","bronze:ForLoop"],"picked":"bronze:Shield","floor":19},{"not_picked":["bronze:Invalidate","bronze:BitShift","bronze:Branch+1"],"picked":"SKIP","floor":21},{"not_picked":["bronze:Branch","bronze:Repulsor"],"picked":"bronze:Turbo","floor":22},{"not_picked":["bronze:Constructor+1","bronze:Deprecate"],"picked":"bronze:BronzeOrb+1","floor":26},{"not_picked":["bronze:Refactor","bronze:Terminator","bronze:Separator"],"picked":"SKIP","floor":27},{"not_picked":["bronze:Backtrace","bronze:Iterate","bronze:Overheat"],"picked":"SKIP","floor":28},{"not_picked":["bronze:Shield","bronze:ForLoop"],"picked":"bronze:Repair+1","floor":29},{"not_picked":["bronze:Branch+1","bronze:FineTuning"],"picked":"bronze:RecursiveStrike","floor":32}],"player_experience":1890273,"relics_obtained":[{"floor":7,"key":"hexamod:BolsterEngine"},{"floor":12,"key":"Oddly Smooth Stone"},{"floor":19,"key":"Red Mask"},{"floor":20,"key":"Nilry\u0027s Codex"},{"floor":24,"key":"Matryoshka"},{"floor":27,"key":"Toy Ornithopter"}],"event_choices":[{"damage_healed":0,"gold_gain":0,"player_choice":"Fought Bandits","damage_taken":0,"max_hp_gain":0,"max_hp_loss":0,"event_name":"Masked Bandits","floor":19,"gold_loss":0},{"damage_healed":0,"gold_gain":0,"player_choice":"Ignored","damage_taken":0,"max_hp_gain":0,"max_hp_loss":0,"event_name":"Vampires","floor":31,"gold_loss":0}],"is_beta":false,"boss_relics":[{"not_picked":["Coffee Dripper","Empty Cage"],"picked":"Astrolabe"}],"items_purged_floors":[],"is_endless":false,"potions_floor_spawned":[3,6,9,12,15,19,21,28],"killed_by":"DF_ARCHETYPE_CLAW","ascension_level":11}}