{"host":"050ensmz1fh1c58u","time":1612968602,"event":{"mods":["BaseMod","Downfall","Gremlin Mod","Minty Spire (QoL Compilation)","READ ME - Guardian Mod","StSLib","The Animator","The Bug Knight","The Cursed","The Disciple","The Servant 0.9.4"],"gold_per_floor":[99,117,128,38,48,48,48,63,63,119,152,152,252,280,292,388,388,388,404,404,421,521,531,580,612,625,635,335,347,447,332,348,449,449,449,459,8,19,19,19,45,81,81,94,112,137,169,185,199,199,199,233,108,108,108,108],"floor_reached":57,"language":"ENG","playtime":5638,"items_purged":["champ:Strike","champ:Strike","champ:SwordThrow"],"score":1452,"play_id":"fdbb8eda-dafc-4363-ba1b-c60493a907a1","local_time":"20210210155002","is_ascension_mode":true,"campfire_choices":[{"data":"champ:Lariat","floor":1,"key":"SMITH"},{"data":"champ:Taunt","floor":6,"key":"SMITH"},{"floor":12,"key":"REST"},{"floor":18,"key":"RECALL"},{"data":"champ:SkillfulDodge","floor":28,"key":"SMITH"},{"data":"champ:ShieldThrow","floor":35,"key":"SMITH"},{"floor":40,"key":"REST"},{"data":"champ:FalseCounter","floor":54,"key":"SMITH"}],"circlet_count":0,"master_deck":["champ:Strike","champ:Defend","champ:Defend","champ:Taunt+1","champ:HeavySlash","champ:Lariat+1","champ:SwordSigil","champ:RisingSlash","champ:SkillfulDodge+1","champ:BringItOn","champ:FalseCounter+1","champ:ShieldWall+1","champ:GladiatorForm+1","champ:StanceDance","champ:RisingSlash","champ:FocusedDefense+1","champ:FlashCut","champ:ShieldThrow+1","champ:RapidStrikes+1","champ:Improvising+1"],"relics":["champ:ChampionCrown","Frozen Egg 2","Eternal Feather","Mummified Hand","Bird Faced Urn","Busted Crown","InkBottle","downfall:HeartBlessingGreen","downfall:HeartBlessingRed","downfall:HeartBlessingBlue","MutagenicStrength","Black Star","Chemical X","Calipers","Guardian:PocketSentry","CeramicFish","Toxic Egg 2","Blue Candle","Regal Pillow","champ:GladiatorsBookOfMartialProwess","Oddly Smooth Stone","Bag of Marbles","Ornamental Fan"],"acts_visited":["Exordium","TheCity","TheBeyond","TheEnding"],"potions_floor_usage":[10,14,16,23,25,25,30,33,37,42,42,48,56],"damage_taken":[{"damage":10,"enemies":"Jaw Worm","floor":2,"turns":3},{"damage":10,"enemies":"2 Louse","floor":3,"turns":2},{"damage":10,"enemies":"downfall:FleeingMerchant","floor":4,"turns":4},{"damage":50,"enemies":"Small Slimes","floor":5,"turns":4},{"damage":8,"enemies":"Red Slaver","floor":8,"turns":3},{"damage":28,"enemies":"Lagavulin Event","floor":10,"turns":3},{"damage":11,"enemies":"Gremlin Nob","floor":11,"turns":4},{"damage":16,"enemies":"HollowMod:MossKnight","floor":14,"turns":11},{"damage":0,"enemies":"2 Fungi Beasts","floor":15,"turns":4},{"damage":13,"enemies":"SI_SHIV_ARCHETYPE","floor":16,"turns":5},{"damage":30,"enemies":"Spheric Guardian","floor":19,"turns":6},{"damage":2,"enemies":"Snake Plant","floor":21,"turns":3},{"damage":6,"enemies":"Centurion and Healer","floor":23,"turns":7},{"damage":26,"enemies":"Slavers","floor":25,"turns":6},{"damage":0,"enemies":"Chosen and Byrds","floor":26,"turns":4},{"damage":1,"enemies":"Shelled Parasite and Fungi","floor":27,"turns":4},{"damage":35,"enemies":"Cultist and Chosen","floor":29,"turns":6},{"damage":13,"enemies":"downfall:Augmenter","floor":30,"turns":6},{"damage":0,"enemies":"downfall:FleeingMerchant","floor":31,"turns":4},{"damage":0,"enemies":"Snecko","floor":32,"turns":3},{"damage":0,"enemies":"WA_ARCHETYPE_CALM","floor":33,"turns":7},{"damage":0,"enemies":"Orb Walker","floor":36,"turns":2},{"damage":0,"enemies":"downfall:FleeingMerchant","floor":37,"turns":4},{"damage":46,"enemies":"3 Shapes","floor":38,"turns":6},{"damage":0,"enemies":"Reptomancer","floor":42,"turns":4},{"damage":6,"enemies":"Spire Growth","floor":44,"turns":3},{"damage":0,"enemies":"Transient","floor":45,"turns":5},{"damage":0,"enemies":"Giant Head","floor":47,"turns":5},{"damage":14,"enemies":"Sphere and 2 Shapes","floor":48,"turns":4},{"damage":1,"enemies":"4 Shapes","floor":49,"turns":4},{"damage":0,"enemies":"IC_BLOCK_ARCHETYPE","floor":50,"turns":7},{"damage":0,"enemies":"downfall:CharBossMerchant","floor":52,"turns":4},{"damage":2,"enemies":"downfall:NeowBoss","floor":55,"turns":8},{"damage":4,"enemies":"downfall:NeowBossFinal","floor":56,"turns":9}],"seed_played":"9075723542464705329","potions_obtained":[{"floor":3,"key":"LiquidMemories"},{"floor":5,"key":"hexamod:SoulburnPotion"},{"floor":11,"key":"Swift Potion"},{"floor":14,"key":"SpeedPotion"},{"floor":15,"key":"AttackPotion"},{"floor":16,"key":"Guardian:BlockOnCardUsePotion"},{"floor":21,"key":"hexamod:SoulburnPotion"},{"floor":27,"key":"Dexterity Potion"},{"floor":29,"key":"sneckomod:MuddlingPotion"},{"floor":30,"key":"ColorlessPotion"},{"floor":32,"key":"EssenceOfSteel"},{"floor":33,"key":"champ:OpenerPotion"},{"floor":38,"key":"Explosive Potion"},{"floor":45,"key":"Explosive Potion"},{"floor":49,"key":"AttackPotion"}],"is_trial":false,"path_per_floor":["R","M","M","$","M","R","T","M","?","?","E","R","?","E","M","B",null,"R","M","?","M","?","M","T","E","M","M","R","M","?","$","M","B",null,"R","M","$","M","?","R","T","E","?","M","M","?","E","M","M","B",null,"E","$","R","B","B",null],"character_chosen":"THE_CHAMP","items_purchased":["Chemical X","Calipers"],"campfire_rested":2,"item_purchase_floors":[37,37],"current_hp_per_floor":[63,63,63,63,53,53,53,45,45,27,16,49,49,33,33,32,90,90,64,64,64,64,62,62,50,54,57,76,45,36,40,44,48,100,100,100,100,58,58,100,100,100,95,95,99,99,100,90,95,100,100,100,100,100,100,100],"gold":108,"neow_bonus":"TRANSFORM_TWO_CARDS","is_daily":false,"chose_seed":false,"campfire_upgraded":5,"win_rate":0.0,"timestamp":1612968602,"path_taken":["R","M","M","$","M","R","T","M","?","?","E","R","?","E","M","BOSS","R","M","?","M","?","M","T","E","M","?","R","M","?","$","M","BOSS","R","M","$","M","?","R","T","E","?","M","M","?","E","M","M","BOSS","E","$","R","BOSS","BOSS"],"items_purchased_type":["Relic","Relic"],"build_version":"2020-12-22","purchased_purges":3,"victory":true,"max_hp_per_floor":[90,90,90,90,90,90,90,90,90,90,90,90,90,90,90,90,90,90,90,90,90,90,90,90,90,90,90,100,100,100,100,100,100,100,100,100,100,100,100,100,100,100,100,100,100,100,100,100,100,100,100,100,100,100,100,100],"card_choices":[{"not_picked":["champ:BladeFlurry","champ:CrownThrow","champ:PreciseThrust"],"picked":"SKIP","floor":2},{"not_picked":["champ:FocusedBerserking","champ:CalledShot"],"picked":"champ:SwordSigil","floor":3},{"not_picked":["champ:VampiricStrike","champ:BerserkerStyle"],"picked":"champ:RisingSlash","floor":4},{"not_picked":["champ:BladeFlurry","champ:SwordSigil"],"picked":"champ:SkillfulDodge","floor":5},{"not_picked":["champ:BerserkersShout","champ:SetATrap","champ:FanOfKnives"],"picked":"SKIP","floor":8},{"not_picked":["champ:PerfectedStrike","champ:StanceDance"],"picked":"champ:BringItOn","floor":11},{"not_picked":["champ:Encircle","champ:Shatter"],"picked":"champ:FalseCounter","floor":14},{"not_picked":["champ:CrownThrow","champ:MurderStrike"],"picked":"champ:ShieldWall+1","floor":15},{"not_picked":["champ:HoldFirm","champ:CheapShot"],"picked":"champ:GladiatorForm+1","floor":16},{"not_picked":[],"picked":"champ:StanceDance","floor":19},{"not_picked":["champ:StanceDance"],"picked":"SKIP","floor":21},{"not_picked":["champ:AdrenalArmor"],"picked":"SKIP","floor":23},{"not_picked":["champ:CalledShot"],"picked":"SKIP","floor":25},{"not_picked":["champ:CrownThrow"],"picked":"SKIP","floor":26},{"not_picked":["champ:DeathBlow"],"picked":"SKIP","floor":27},{"not_picked":["champ:PerfectedStrike"],"picked":"SKIP","floor":29},{"not_picked":[],"picked":"champ:FocusedDefense+1","floor":30},{"not_picked":["champ:BringItOn"],"picked":"SKIP","floor":31},{"not_picked":[],"picked":"champ:FlashCut","floor":32},{"not_picked":[],"picked":"champ:ShieldThrow","floor":33},{"not_picked":["champ:BringItOn+1"],"picked":"SKIP","floor":36},{"not_picked":[],"picked":"champ:RapidStrikes+1","floor":37},{"not_picked":["champ:BerserkersShout+1"],"picked":"SKIP","floor":38},{"not_picked":[],"picked":"champ:Improvising+1","floor":42},{"not_picked":["champ:BladeFlurry+1"],"picked":"SKIP","floor":44},{"not_picked":["champ:FanOfKnives"],"picked":"SKIP","floor":45},{"not_picked":["champ:FalseCounter+1"],"picked":"SKIP","floor":47},{"not_picked":["champ:Backstep+1"],"picked":"SKIP","floor":48},{"not_picked":["champ:Circumvent+1"],"picked":"SKIP","floor":49},{"not_picked":["champ:FlashCut+1"],"picked":"SKIP","floor":52}],"player_experience":1572376,"relics_obtained":[{"floor":7,"key":"Frozen Egg 2"},{"floor":10,"key":"Eternal Feather"},{"floor":11,"key":"Mummified Hand"},{"floor":14,"key":"Bird Faced Urn"},{"floor":25,"key":"InkBottle"},{"floor":30,"key":"MutagenicStrength"},{"floor":41,"key":"Guardian:PocketSentry"},{"floor":42,"key":"CeramicFish"},{"floor":42,"key":"Toxic Egg 2"},{"floor":46,"key":"Regal Pillow"},{"floor":47,"key":"champ:GladiatorsBookOfMartialProwess"},{"floor":47,"key":"Oddly Smooth Stone"},{"floor":52,"key":"Bag of Marbles"},{"floor":52,"key":"Ornamental Fan"}],"event_choices":[],"is_beta":false,"boss_relics":[{"not_picked":["Snecko Eye","SlaversCollar"],"picked":"Busted Crown"},{"not_picked":["Astrolabe","Coffee Dripper"],"picked":"Black Star"}],"items_purged_floors":[4,31,53],"is_endless":false,"potions_floor_spawned":[3,5,11,14,15,16,21,27,29,30,32,33,38,45,49],"ascension_level":1}}