{"host":"t75twhtg6c476ygg","time":1612980207,"event":{"mods":["AchievementEnabler","BaseMod","Colored Powertips","Minty Spire (QoL Compilation)","Quick Restart","Relic Stats","StSLib","SuperFastMode"],"gold_per_floor":[118,91,91,266,266,266,292,292,292,242,254,267,286,286,286,391,391,403,465,61,76,126,161,211,211,235,285,260,310,337,347,347,458,458,482,532,582,632,648,682,698,240,264,314,331,331,406,533,533,533,542,542,930,964,964],"floor_reached":56,"language":"ENG","playtime":1682,"items_purged":["Strike_R","Strike_R+1"],"score":1901,"play_id":"f8b37c66-232f-4759-8e4f-eda61342b2b9","local_time":"20210210180327","is_ascension_mode":true,"campfire_choices":[{"data":"Berserk","floor":6,"key":"SMITH"},{"data":"Flex","floor":8,"key":"SMITH"},{"data":"Thunderclap","floor":15,"key":"SMITH"},{"data":"Limit Break","floor":25,"key":"SMITH"},{"data":"Headbutt","floor":32,"key":"SMITH"},{"data":"Defend_R","floor":46,"key":"PURGE"},{"data":"Strike_R","floor":49,"key":"PURGE"},{"data":"Defend_R","floor":52,"key":"PURGE"}],"circlet_count":0,"master_deck":["AscendersBane","Defend_R+1","Bash","Twin Strike","Flex+1","Feed","Flex+1","Berserk+1","Shrug It Off","Cleave","Thunderclap+1","Limit Break+1","Headbutt+1","Double Tap+1","Heavy Blade","Panacea+1","Panacea+1","Flex+1","Whirlwind+1"],"relics":["Burning Blood","NeowsBlessing","Torii","Charon\u0027s Ashes","TheAbacus","Nunchaku","Akabeko","Brimstone","Kunai","Dream Catcher","Orichalcum","SsserpentHead","Calling Bell","Smiling Mask","HornCleat","Turnip","CeramicFish","Self Forming Clay","Vajra","Peace Pipe","Juzu Bracelet","Meat on the Bone","Mummified Hand","Philosopher\u0027s Stone","Pear","Thread and Needle","Bottled Tornado","Pen Nib","Anchor","Oddly Smooth Stone","ClockworkSouvenir","Dead Branch","Ice Cream","Chemical X","Shuriken","Blood Vial","War Paint","TungstenRod"],"acts_visited":["Exordium","TheCity","TheBeyond","TheEnding"],"potions_floor_usage":[2,16,21,50,50,50,54,55,55,55,55],"damage_taken":[{"damage":0,"enemies":"Small Slimes","floor":1,"turns":1},{"damage":0,"enemies":"Lagavulin","floor":7,"turns":1},{"damage":0,"enemies":"2 Louse","floor":11,"turns":1},{"damage":0,"enemies":"Jaw Worm","floor":12,"turns":1},{"damage":1,"enemies":"Looter","floor":13,"turns":2},{"damage":26,"enemies":"The Guardian","floor":16,"turns":5},{"damage":0,"enemies":"Spheric Guardian","floor":18,"turns":3},{"damage":29,"enemies":"Shell Parasite","floor":19,"turns":6},{"damage":2,"enemies":"Cultist and Chosen","floor":21,"turns":4},{"damage":24,"enemies":"Slavers","floor":23,"turns":4},{"damage":6,"enemies":"Gremlin Leader","floor":30,"turns":4},{"damage":19,"enemies":"Snake Plant","floor":31,"turns":2},{"damage":35,"enemies":"Champ","floor":33,"turns":7},{"damage":8,"enemies":"Orb Walker","floor":35,"turns":2},{"damage":9,"enemies":"3 Shapes","floor":39,"turns":2},{"damage":16,"enemies":"Nemesis","floor":40,"turns":5},{"damage":0,"enemies":"Transient","floor":41,"turns":5},{"damage":1,"enemies":"Spire Growth","floor":45,"turns":5},{"damage":34,"enemies":"2 Orb Walkers","floor":48,"turns":4},{"damage":41,"enemies":"Awakened One","floor":50,"turns":5},{"damage":1,"enemies":"Shield and Spear","floor":54,"turns":2},{"damage":45,"enemies":"The Heart","floor":55,"turns":6}],"seed_played":"-6349684059247998103","potions_obtained":[{"floor":1,"key":"LiquidMemories"},{"floor":16,"key":"LiquidBronze"},{"floor":23,"key":"Ancient Potion"},{"floor":33,"key":"SteroidPotion"},{"floor":35,"key":"CultistPotion"}],"is_trial":false,"path_per_floor":["M","$","?","$","?","R","E","R","T","?","M","M","M","?","R","B",null,"M","M","$","M","?","E","?","R","T","?","?","T","E","M","R","B",null,"M","?","T","?","M","E","M","$","T","?","M","R","T","?","R","B",null,"R","$","E","B",null],"character_chosen":"IRONCLAD","items_purchased":["Flex","Torii","Fruit Juice","DistilledChaos","Charon\u0027s Ashes","TheAbacus","Energy Potion","Nunchaku","Akabeko","Brimstone","Feed","Flex","Berserk","Shrug It Off","CeramicFish","Self Forming Clay","Bottled Tornado","Pen Nib","Chemical X","Shuriken","Blood Vial"],"campfire_rested":0,"item_purchase_floors":[2,2,2,2,2,2,2,4,4,4,4,4,4,4,20,20,42,42,53,53,53],"current_hp_per_floor":[78,83,66,66,63,63,69,69,69,69,78,84,88,88,88,68,83,88,68,68,75,75,60,60,60,60,41,41,41,53,52,52,35,85,83,83,93,93,90,80,86,86,86,86,94,94,94,69,69,46,96,96,96,103,66],"gold":964,"neow_bonus":"THREE_ENEMY_KILL","is_daily":false,"chose_seed":false,"campfire_upgraded":5,"win_rate":0.0,"timestamp":1612980207,"path_taken":["M","$","?","$","?","R","E","R","T","?","M","?","M","?","R","BOSS","M","?","$","M","?","E","?","R","T","?","?","?","E","M","R","BOSS","M","?","?","?","M","E","M","$","T","?","M","R","?","?","R","BOSS","R","$","E","BOSS"],"items_purchased_type":["Card","Relic","Potion","Potion","Relic","Relic","Potion","Relic","Relic","Relic","Card","Card","Card","Card","Relic","Relic","Relic","Relic","Relic","Relic","Relic"],"build_version":"2020-12-22","purchased_purges":2,"victory":true,"max_hp_per_floor":[80,85,85,85,85,85,85,85,85,85,88,88,88,88,88,88,88,88,91,91,94,94,97,97,97,97,102,102,102,102,102,102,102,102,102,102,112,112,112,112,112,112,112,106,109,109,109,112,112,112,112,112,112,112,112],"relic_stats":{"Torii":22,"CeramicFish":63,"Juzu Bracelet":2,"Smiling Mask":75,"Burning Blood":130,"Blood Vial":4,"SsserpentHead":600,"Nunchaku":[13],"Dream Catcher":0,"TheAbacus":[60],"Mummified Hand":[11],"Kunai":[21],"Chemical X":[4],"counters":[22,77],"Self Forming Clay":[87],"Dead Branch":[13],"Charon\u0027s Ashes":[74],"Pen Nib":[4],"Orichalcum":[72],"War Paint":["Double Tap","Defend_R"],"Peace Pipe":3,"Shuriken":[2],"Turnip":[9],"obtain_stats":[{"Ice Cream":51,"Torii":2,"CeramicFish":20,"Vajra":23,"Juzu Bracelet":26,"Bottled Tornado":42,"Smiling Mask":17,"Burning Blood":0,"ClockworkSouvenir":48,"Blood Vial":53,"SsserpentHead":14,"Nunchaku":4,"Dream Catcher":7,"TheAbacus":2,"HornCleat":17,"Mummified Hand":30,"Philosopher\u0027s Stone":34,"Kunai":5,"Chemical X":53,"Pear":37,"NeowsBlessing":0,"Self Forming Clay":20,"Dead Branch":48,"Oddly Smooth Stone":47,"Thread and Needle":40,"Charon\u0027s Ashes":2,"Pen Nib":42,"Orichalcum":9,"War Paint":54,"Akabeko":4,"Calling Bell":17,"Peace Pipe":24,"Anchor":43,"Brimstone":4,"Shuriken":53,"CultistMask":14,"Turnip":17,"TungstenRod":55,"Meat on the Bone":29},{"Ice Cream":20,"Torii":1,"CeramicFish":8,"Vajra":10,"Juzu Bracelet":10,"Bottled Tornado":17,"Smiling Mask":6,"Burning Blood":0,"ClockworkSouvenir":19,"Blood Vial":20,"SsserpentHead":5,"Nunchaku":1,"Dream Catcher":2,"TheAbacus":1,"HornCleat":6,"Mummified Hand":11,"Philosopher\u0027s Stone":13,"Kunai":1,"Chemical X":20,"Pear":14,"NeowsBlessing":0,"Self Forming Clay":8,"Dead Branch":19,"Oddly Smooth Stone":18,"Thread and Needle":16,"Charon\u0027s Ashes":1,"Pen Nib":17,"Orichalcum":2,"War Paint":21,"Akabeko":1,"Calling Bell":6,"Peace Pipe":10,"Anchor":17,"Brimstone":1,"Shuriken":20,"CultistMask":5,"Turnip":6,"TungstenRod":22,"Meat on the Bone":10},{"Ice Cream":69,"Torii":1,"CeramicFish":20,"Vajra":28,"Juzu Bracelet":28,"Bottled Tornado":55,"Smiling Mask":11,"Burning Blood":0,"ClockworkSouvenir":61,"Blood Vial":69,"SsserpentHead":6,"Nunchaku":1,"Dream Catcher":2,"TheAbacus":1,"HornCleat":11,"Mummified Hand":32,"Philosopher\u0027s Stone":41,"Kunai":1,"Chemical X":69,"Pear":43,"NeowsBlessing":0,"Self Forming Clay":20,"Dead Branch":64,"Oddly Smooth Stone":60,"Thread and Needle":50,"Charon\u0027s Ashes":1,"Pen Nib":55,"Orichalcum":2,"War Paint":71,"Akabeko":1,"Calling Bell":11,"Peace Pipe":28,"Anchor":55,"Brimstone":1,"Shuriken":69,"CultistMask":6,"Turnip":11,"TungstenRod":74,"Meat on the Bone":28}],"TungstenRod":2,"Meat on the Bone":48},"card_choices":[{"not_picked":["Anger","Shockwave"],"picked":"Twin Strike","floor":1},{"not_picked":["Armaments","Wild Strike"],"picked":"Cleave","floor":7},{"not_picked":["Juggernaut","Shockwave"],"picked":"Thunderclap","floor":11},{"not_picked":["Ghostly Armor","Sever Soul","Wild Strike"],"picked":"SKIP","floor":12},{"not_picked":["Thunderclap","Perfected Strike","Hemokinesis"],"picked":"SKIP","floor":13},{"not_picked":["Bludgeon","Feed"],"picked":"Limit Break","floor":16},{"not_picked":["Perfected Strike+1","Rage","Sword Boomerang"],"picked":"SKIP","floor":18},{"not_picked":["Sword Boomerang","Ghostly Armor","Sentinel"],"picked":"SKIP","floor":19},{"not_picked":["Thunderclap","Bloodletting","Ghostly Armor"],"picked":"SKIP","floor":21},{"not_picked":["Flame Barrier+1","Body Slam"],"picked":"Headbutt","floor":23},{"not_picked":["Clash+1","Warcry","Sever Soul"],"picked":"SKIP","floor":30},{"not_picked":["Wild Strike+1","Flame Barrier","Rampage"],"picked":"SKIP","floor":31},{"not_picked":["Bludgeon","Fiend Fire"],"picked":"Double Tap","floor":33},{"not_picked":["Body Slam","Burning Pact"],"picked":"Heavy Blade","floor":35},{"not_picked":["Metallicize","Sentinel","True Grit+1"],"picked":"SKIP","floor":39},{"not_picked":["Reckless Charge+1","Infernal Blade+1","Combust"],"picked":"SKIP","floor":40},{"not_picked":["Shrug It Off+1","Iron Wave","Clothesline+1"],"picked":"SKIP","floor":41},{"not_picked":["Combust+1","Thunderclap","Perfected Strike+1"],"picked":"SKIP","floor":45},{"not_picked":["Twin Strike","Entrench"],"picked":"Flex+1","floor":48},{"not_picked":["Ghostly Armor+1","Sword Boomerang+1","Dropkick"],"picked":"SKIP","floor":54}],"player_experience":370173,"relics_obtained":[{"floor":7,"key":"Dream Catcher"},{"floor":9,"key":"Orichalcum"},{"floor":17,"key":"Smiling Mask"},{"floor":17,"key":"HornCleat"},{"floor":17,"key":"Turnip"},{"floor":23,"key":"Vajra"},{"floor":26,"key":"Juzu Bracelet"},{"floor":29,"key":"Meat on the Bone"},{"floor":30,"key":"Mummified Hand"},{"floor":37,"key":"Pear"},{"floor":40,"key":"Thread and Needle"},{"floor":43,"key":"Anchor"},{"floor":47,"key":"Oddly Smooth Stone"},{"floor":48,"key":"Dead Branch"},{"floor":54,"key":"War Paint"}],"event_choices":[{"damage_healed":0,"gold_gain":0,"player_choice":"Entered Light","damage_taken":17,"max_hp_gain":0,"max_hp_loss":0,"event_name":"Shining Light","floor":3,"gold_loss":0,"cards_upgraded":["Strike_R","Flex"]},{"damage_healed":0,"gold_gain":0,"player_choice":"Success","damage_taken":3,"relics_obtained":["Kunai"],"max_hp_gain":0,"max_hp_loss":0,"event_name":"Scrap Ooze","floor":5,"gold_loss":0},{"cards_removed":["Strike_R"],"damage_healed":0,"gold_gain":0,"player_choice":"Card Removal","damage_taken":0,"max_hp_gain":0,"max_hp_loss":0,"event_name":"The Cleric","floor":10,"gold_loss":50},{"damage_healed":0,"gold_gain":0,"player_choice":"Trade","damage_taken":0,"relics_obtained":["CultistMask"],"max_hp_gain":0,"max_hp_loss":0,"event_name":"FaceTrader","floor":14,"gold_loss":0},{"damage_healed":0,"gold_gain":0,"player_choice":"Ignored","damage_taken":0,"max_hp_gain":0,"max_hp_loss":0,"event_name":"Ghosts","floor":22,"gold_loss":0},{"damage_healed":0,"gold_gain":0,"player_choice":"Gave Potion","damage_taken":0,"relics_obtained":["Peace Pipe"],"max_hp_gain":0,"max_hp_loss":0,"event_name":"WeMeetAgain","floor":24,"gold_loss":0},{"damage_healed":0,"gold_gain":0,"player_choice":"Shed Blood","damage_taken":24,"max_hp_gain":5,"max_hp_loss":0,"event_name":"Forgotten Altar","floor":27,"gold_loss":0},{"cards_removed":["Strike_R"],"damage_healed":0,"gold_gain":0,"player_choice":"Gave Gold","damage_taken":0,"max_hp_gain":0,"max_hp_loss":0,"event_name":"Beggar","floor":28,"gold_loss":75},{"damage_healed":0,"gold_gain":0,"player_choice":"Ignored","damage_taken":0,"max_hp_gain":0,"max_hp_loss":0,"event_name":"Tomb of Lord Red Mask","floor":36,"gold_loss":0},{"cards_removed":["Defend_R"],"damage_healed":0,"gold_gain":0,"player_choice":"Removed Skill","damage_taken":0,"max_hp_gain":0,"max_hp_loss":0,"event_name":"Falling","floor":38,"gold_loss":0},{"damage_healed":0,"gold_gain":0,"player_choice":"Max HP","damage_taken":0,"max_hp_gain":0,"max_hp_loss":6,"event_name":"Winding Halls","floor":44,"gold_loss":0},{"damage_healed":0,"gold_gain":0,"player_choice":"Fight","damage_taken":0,"max_hp_gain":0,"max_hp_loss":0,"event_name":"Mysterious Sphere","floor":48,"gold_loss":0}],"is_beta":false,"boss_relics":[{"not_picked":["Runic Cube","Ectoplasm"],"picked":"Calling Bell"},{"not_picked":["Coffee Dripper","Snecko Eye"],"picked":"Philosopher\u0027s Stone"}],"items_purged_floors":[42,53],"is_endless":false,"potions_floor_spawned":[1,12,16,19,23,33,35,41],"ascension_level":10}}