{"host":"w9njud19qyl0lpz1","time":1612993245,"event":{"mods":["BaseMod","Hubris","Infinite Spire","Minty Spire (QoL Compilation)","StSLib"],"gold_per_floor":[110,110,120,136,154,154,154,154,206,222,222,235,248,294,294,416,416,431,431,381,393,417,417,435,454,478,492,123,142,158,68,68,176,176,195,195,213,227,249,284,296,321,348,370,385,60,74,105,105,115],"floor_reached":51,"language":"ENG","playtime":7485,"items_purged":["Strike_R","Strike_R","Defend_R"],"score":698,"play_id":"d051729e-a0a2-4932-a5a5-8906161f5b3e","local_time":"20210210164045","is_ascension_mode":false,"campfire_choices":[{"data":"infinitespire:OneForAll","floor":6.0,"key":"SMITH"},{"data":"Flame Barrier","floor":8.0,"key":"SMITH"},{"floor":15.0,"key":"REST"},{"data":"Body Slam","floor":23.0,"key":"SMITH"},{"data":"Heavy Blade","floor":32.0,"key":"SMITH"},{"data":"Limit Break","floor":49,"key":"SMITH"}],"circlet_count":0,"master_deck":["Strike_R","Strike_R","Defend_R+1","Defend_R","Defend_R","Bash","Flame Barrier+1","infinitespire:OneForAll+1","hubris:SharpeningStone","Clothesline","Ghostly Armor","Seeing Red","Body Slam+1","Bludgeon","hubris:CleavingFinish","Dual Wield","Shrug It Off","Carnage","Heavy Blade+1","Anger","Shrug It Off","Anger+1","Shrug It Off+1","Battle Trance+1","Limit Break+1","Inflame"],"relics":["Burning Blood","hubris:64BitClover","hubris:Icosahedron","Omamori","Smiling Mask","infinitespire:Midas Blood","hubris:Metronome","Busted Crown","hubris:Towel","Dream Catcher","Happy Flower","Lee\u0027s Waffle","Runic Cube","hubris:Zylophone","Strawberry","Kunai","Regal Pillow","Lantern"],"acts_visited":["Exordium","TheCity","TheBeyond"],"potions_floor_usage":[47,50,50],"damage_taken":[{"damage":6.0,"enemies":"2 Louse","floor":1.0,"turns":3.0},{"damage":0.0,"enemies":"Small Slimes","floor":3.0,"turns":5.0},{"damage":11.0,"enemies":"Jaw Worm","floor":4.0,"turns":5.0},{"damage":8.0,"enemies":"2 Fungi Beasts","floor":5.0,"turns":4.0},{"damage":0.0,"enemies":"Large Slime","floor":10.0,"turns":4.0},{"damage":0.0,"enemies":"Red Slaver","floor":12.0,"turns":5.0},{"damage":3.0,"enemies":"3 Louse","floor":13.0,"turns":3.0},{"damage":47.0,"enemies":"3 Sentries","floor":14.0,"turns":13.0},{"damage":68.0,"enemies":"Slime Boss","floor":16.0,"turns":18.0},{"damage":10.0,"enemies":"Spheric Guardian","floor":18.0,"turns":4.0},{"damage":0.0,"enemies":"Chosen","floor":21.0,"turns":3.0},{"damage":12.0,"enemies":"3 Cultists","floor":22.0,"turns":3.0},{"damage":19.0,"enemies":"Shelled Parasite and Fungi","floor":24.0,"turns":5.0},{"damage":0.0,"enemies":"Snake Plant","floor":25.0,"turns":3.0},{"damage":4.0,"enemies":"Centurion and Healer","floor":27.0,"turns":4.0},{"damage":10.0,"enemies":"Sentry and Sphere","floor":29.0,"turns":3.0},{"damage":10.0,"enemies":"Cultist and Chosen","floor":30.0,"turns":3.0},{"damage":93.0,"enemies":"Champ","floor":33.0,"turns":12.0},{"damage":0.0,"enemies":"3 Shapes","floor":35.0,"turns":4.0},{"damage":11.0,"enemies":"Orb Walker","floor":37.0,"turns":4.0},{"damage":5.0,"enemies":"Sphere and 2 Shapes","floor":38.0,"turns":6.0},{"damage":8.0,"enemies":"Transient","floor":39.0,"turns":5.0},{"damage":4.0,"enemies":"Reptomancer","floor":40.0,"turns":2.0},{"damage":0.0,"enemies":"Spire Growth","floor":41.0,"turns":1.0},{"damage":21.0,"enemies":"3 Darklings","floor":42.0,"turns":5.0},{"damage":9,"enemies":"4 Shapes","floor":44,"turns":8},{"damage":0,"enemies":"Writhing Mass","floor":45,"turns":3},{"damage":6,"enemies":"Jaw Worm Horde","floor":47,"turns":4},{"damage":1,"enemies":"Giant Head","floor":48,"turns":5},{"damage":25,"enemies":"Time Eater","floor":50,"turns":4}],"seed_played":"-5486871869375328815","potions_obtained":[{"floor":5.0,"key":"LiquidMemories"},{"floor":12.0,"key":"SteroidPotion"},{"floor":13.0,"key":"BloodPotion"},{"floor":14.0,"key":"ColorlessPotion"},{"floor":16.0,"key":"SteroidPotion"},{"floor":21.0,"key":"SteroidPotion"},{"floor":24.0,"key":"LiquidBronze"},{"floor":27.0,"key":"Energy Potion"},{"floor":29.0,"key":"FairyPotion"},{"floor":33.0,"key":"ElixirPotion"},{"floor":35.0,"key":"SkillPotion"},{"floor":39.0,"key":"Energy Potion"},{"floor":41.0,"key":"GamblersBrew"},{"floor":45,"key":"Regen Potion"},{"floor":47,"key":"Block Potion"},{"floor":48,"key":"BloodPotion"}],"is_trial":false,"path_per_floor":["M","?","M","M","M","R","?","R","T","M","?","M","M","E","R","B",null,"M","?","?","M","M","R","M","M","T","M","$","M","M","?","R","B",null,"M","AVR","M","M","M","E","M","M","T","M","M","$","M","E","R","B",null],"character_chosen":"IRONCLAD","items_purchased":["Lee\u0027s Waffle","Heavy Blade","Anger","LiquidMemories","AttackPotion","Limit Break","Inflame"],"campfire_rested":1,"item_purchase_floors":[28,28,28,28,46,46,46],"current_hp_per_floor":[56,56,62,57,55,55,55,55,55,61,61,67,70,29,53,7,80,76,76,76,80,74,74,61,67,67,69,87,83,79,79,79,18,87,87,87,82,83,88,90,94,79,79,76,82,82,82,87,87,77],"gold":115,"neow_bonus":"ONE_RARE_RELIC","is_daily":false,"chose_seed":false,"campfire_upgraded":5,"win_rate":0.0,"timestamp":1612993245,"path_taken":["M","?","M","M","M","R","?","R","T","M","?","M","M","E","R","BOSS","M","?","?","M","?","R","M","M","T","M","$","M","M","?","R","BOSS","M","AVR","M","M","M","E","M","M","T","M","M","$","M","E","R","BOSS"],"items_purchased_type":["Relic","Card","Card","Potion","Potion","Card","Card"],"build_version":"2020-12-22","purchased_purges":3,"victory":true,"max_hp_per_floor":[80,80,80,80,80,80,80,80,80,80,80,80,80,80,80,80,80,80,80,80,80,80,80,80,80,80,80,87,87,87,87,87,87,87,87,87,87,87,94,94,94,94,94,94,94,94,94,94,94,94],"card_choices":[{"not_picked":["Body Slam","Headbutt"],"picked":"Flame Barrier","floor":1.0},{"not_picked":["Iron Wave","Flame Barrier"],"picked":"hubris:SharpeningStone","floor":3.0},{"not_picked":["Heavy Blade","Shockwave"],"picked":"Clothesline","floor":4.0},{"not_picked":["Armaments","Cleave"],"picked":"Ghostly Armor","floor":5.0},{"not_picked":["Iron Wave","Offering"],"picked":"Seeing Red","floor":10.0},{"not_picked":["Ghostly Armor","Wild Strike","Seeing Red"],"picked":"SKIP","floor":12.0},{"not_picked":["Entrench","Dual Wield"],"picked":"Body Slam","floor":13.0},{"not_picked":["Iron Wave","True Grit","Clothesline"],"picked":"SKIP","floor":14.0},{"not_picked":["Reaper","hubris:StunningStrike"],"picked":"Bludgeon","floor":16.0},{"not_picked":[],"picked":"hubris:CleavingFinish","floor":18.0},{"not_picked":["Blood for Blood"],"picked":"SKIP","floor":21.0},{"not_picked":[],"picked":"Dual Wield","floor":22.0},{"not_picked":[],"picked":"Shrug It Off","floor":24.0},{"not_picked":["Cleave"],"picked":"SKIP","floor":25.0},{"not_picked":[],"picked":"Carnage","floor":27.0},{"not_picked":[],"picked":"Shrug It Off","floor":29.0},{"not_picked":["Burning Pact+1"],"picked":"SKIP","floor":30.0},{"not_picked":["Second Wind"],"picked":"SKIP","floor":35.0},{"not_picked":["Heavy Blade"],"picked":"SKIP","floor":37.0},{"not_picked":["Sword Boomerang+1"],"picked":"SKIP","floor":38.0},{"not_picked":["Havoc+1"],"picked":"SKIP","floor":39.0},{"not_picked":[],"picked":"Anger+1","floor":40.0},{"not_picked":[],"picked":"Shrug It Off+1","floor":41.0},{"not_picked":[],"picked":"Battle Trance+1","floor":42.0},{"not_picked":["Dark Embrace+1"],"picked":"SKIP","floor":44},{"not_picked":["True Grit+1"],"picked":"SKIP","floor":45},{"not_picked":["Whirlwind"],"picked":"SKIP","floor":47},{"not_picked":["Evolve"],"picked":"SKIP","floor":48}],"player_experience":2456226,"relics_obtained":[{"floor":9.0,"key":"Omamori"},{"floor":13.0,"key":"infinitespire:Midas Blood"},{"floor":14.0,"key":"hubris:Metronome"},{"floor":26.0,"key":"Dream Catcher"},{"floor":27.0,"key":"Happy Flower"},{"floor":39.0,"key":"Strawberry"},{"floor":40.0,"key":"Kunai"},{"floor":43.0,"key":"Regal Pillow"},{"floor":48,"key":"Lantern"}],"event_choices":[{"damage_healed":0.0,"max_hp_gain":0.0,"max_hp_loss":0.0,"gold_gain":0.0,"event_name":"Dead Adventurer","player_choice":"Searched \u00272\u0027 times","floor":11.0,"gold_loss":0.0,"damage_taken":0.0,"relics_obtained":["Smiling Mask"]},{"damage_healed":0.0,"max_hp_gain":0.0,"max_hp_loss":0.0,"gold_gain":0.0,"event_name":"The Joust","player_choice":"Bet on Murderer","floor":20.0,"gold_loss":50.0,"damage_taken":0.0},{"cards_removed":["Strike_R"],"damage_healed":0.0,"max_hp_gain":0.0,"max_hp_loss":0.0,"gold_gain":0.0,"event_name":"Designer","player_choice":"Upgrade and Remove","floor":31.0,"gold_loss":90.0,"damage_taken":0.0,"cards_upgraded":["Defend_R"]}],"is_beta":false,"boss_relics":[{"not_picked":["hubris:CrackedHourglass","Snecko Eye"],"picked":"Busted Crown"},{"not_picked":["hubris:BlackHole","Runic Dome"],"picked":"Runic Cube"}],"items_purged_floors":[28,36,46],"is_endless":false,"potions_floor_spawned":[5,12,13,14,16,21,24,27,29,33,35,39,41,45,47,48],"ascension_level":0}}