{"host":"si6a1ixj09zwrub4","time":1612942575,"event":{"mods":["2.2 Compatiblity","A Magickal Journey","AchievementEnabler","Act Like it!","Aspiration","Bard","BaseMod","Beaked The Cultist","BetterRewards","Colored Powertips","Conspire","Defuse TimeMaze Blight","Dio Mod","Downfall","Elementarium","Energized Spire","GifTheSpireLib","Hallownest","Hermit","HololiveMod","Hubris","Infinite Spire","Jorbs\u0027s Wanderer Trilogy","Lobotomy","Melee Mod","Minty Spire (QoL Compilation)","Permanent Neow","Potionbrewer","QueenMod","READ ME - Guardian Mod","READ ME - Snecko Mod","Railgun Mod","Random Character Button","Remilia（蕾米莉亚）","Shade Mod","Shop Mod","Slumbering Mod","StSLib","The Accelerator","The Animator","The Bladedancer","The Bug Knight","The Construct","The Cursed","The Death Knight","The Disciple","The Exalted","The Florist","The Forsaken","The Gatherer","The Hierophant","The Judge","The Kombatant","The Runesmith","The Senshi","The Servant 0.9.4","The Wild Card","TheBandit","TheFirefly","TheHero","Waifu the Spire","Wandering Minibosses"],"gold_per_floor":[99,119,119,119,139,151,200,192,192,229,245,260,260,279,295,392,392,392,412,412,412,429,429,429,442,462,462,562,577,606,624,624,624,624],"floor_reached":32,"language":"ENG","playtime":2910,"items_purged":[],"score":266,"play_id":"a8ed7b5e-12f8-43d7-b45f-461fdbb19840","local_time":"20210210143615","is_ascension_mode":false,"campfire_choices":[{"data":"hexamod:Sear","floor":1,"key":"SMITH"},{"data":"hexamod:PhantomFireball","floor":9,"key":"SMITH"},{"floor":13,"key":"REST"},{"data":"hexamod:RetreatToShadows","floor":18,"key":"SMITH"},{"data":"hexamod:ParanormalForm","floor":27,"key":"SMITH"}],"circlet_count":0,"master_deck":["hexamod:Strike","hexamod:Strike","hexamod:Strike","hexamod:Strike","hexamod:Defend","hexamod:Defend+1","hexamod:Defend+1","hexamod:Defend","hexamod:Sear+1","hexamod:Float","hexamod:PhantomFireball+1","hexamod:CatchUp","hexamod:Hexaguard","hexamod:FlamesFromBeyond+1","hexamod:ThermalTransfer","hexamod:RecurringNightmare","hexamod:RetreatToShadows+1","hexamod:StepThrough","hexamod:GhostOfSpireFuture","hexamod:FirstSeal","hexamod:ParanormalForm+1","hexamod:PowerFromBeyond+1","hexamod:HauntingEcho","hexamod:RetreatToShadows+1"],"relics":["hexamod:SpiritBrand","Bronze Scales","Bromod:ArcaneConsequence","conspire:RoyalGoblet","hexamod:TheBrokenSeal","aspiration:RitualStick","Ice Cream","infinitespire:Lucky Rock"],"acts_visited":["Exordium","TheCity"],"potions_floor_usage":[10,11,11,11,15,15,16,16,25,31,31],"damage_taken":[{"damage":15,"enemies":"2 Louse","floor":2,"turns":6},{"damage":6,"enemies":"Jaw Worm","floor":5,"turns":2},{"damage":0,"enemies":"Cultist","floor":6,"turns":3},{"damage":41,"enemies":"Lagavulin","floor":10,"turns":7},{"damage":2,"enemies":"Blue Slaver","floor":11,"turns":2},{"damage":3,"enemies":"Large Slime","floor":12,"turns":5},{"damage":0,"enemies":"2 Fungi Beasts","floor":14,"turns":4},{"damage":0,"enemies":"Blue Slaver","floor":15,"turns":6},{"damage":53,"enemies":"DF_ARCHETYPE_STREAMLINE","floor":16,"turns":8},{"damage":21,"enemies":"conspire:FuzzyDice","floor":19,"turns":6},{"damage":3,"enemies":"Shell Parasite","floor":22,"turns":3},{"damage":3,"enemies":"3 Cultists","floor":25,"turns":6},{"damage":27,"enemies":"Sentry and Sphere","floor":26,"turns":5},{"damage":23,"enemies":"Snake Plant","floor":29,"turns":4},{"damage":21,"enemies":"Book of Stabbing","floor":30,"turns":5},{"damage":9,"enemies":"Snecko","floor":31,"turns":4},{"damage":34,"enemies":"Sentry and Sphere","floor":32,"turns":3}],"seed_played":"-4849533557137436779","potions_obtained":[{"floor":2,"key":"Swift Potion"},{"floor":5,"key":"GamblersBrew"},{"floor":6,"key":"potionbrewer:AcidPotion"},{"floor":10,"key":"BlessingOfTheForge"},{"floor":10,"key":"DeathKnight:BottledBloodEchoes"},{"floor":11,"key":"potionbrewer:AcidPotion"},{"floor":14,"key":"SkillPotion"},{"floor":14,"key":"PowerPotion"},{"floor":15,"key":"hexamod:SoulburnPotion"},{"floor":16,"key":"DeathKnight:BottledBloodEchoes"},{"floor":22,"key":"Block Potion"},{"floor":26,"key":"Energy Potion"},{"floor":29,"key":"ColorlessPotion"}],"is_trial":false,"path_per_floor":["R","M","?","?","M","M","T","?","R","E","M","M","R","M","M","B",null,"R","M","?","?","M","?","T","M","M","R","?","M","E","M","M"],"character_chosen":"THE_SPIRIT","items_purchased":[],"campfire_rested":1,"item_purchase_floors":[],"current_hp_per_floor":[70,55,58,58,52,52,52,45,45,11,9,13,34,34,41,15,73,73,77,60,60,57,57,57,54,34,34,34,18,34,32,0,0,0],"gold":624,"neow_bonus":"THREE_CARDS","is_daily":false,"chose_seed":false,"campfire_upgraded":4,"win_rate":0.0,"timestamp":1612942575,"path_taken":["R","M","?","?","M","M","T","?","R","E","M","M","R","?","M","BOSS","R","M","?","?","M","?","T","M","M","R","?","?","E","?","M"],"items_purchased_type":[],"build_version":"2020-12-22","purchased_purges":0,"victory":false,"max_hp_per_floor":[70,70,73,73,73,73,73,73,73,73,73,73,73,73,73,73,73,73,83,83,83,83,83,83,83,83,83,83,83,83,83,83,83,83],"card_choices":[{"not_picked":["hexamod:HeatMetal","hexamod:NightmareStrike"],"picked":"hexamod:FourthSeal","floor":0},{"not_picked":["hexamod:BurningTouch","hexamod:Hexaguard"],"picked":"hexamod:PhantomFireball","floor":2},{"not_picked":["hexamod:PhantomCloak","hexamod:HeatMetal"],"picked":"hexamod:BurningTouch","floor":5},{"not_picked":["hexamod:BurningTouch","hexamod:SwordOfDarkness"],"picked":"hexamod:CatchUp","floor":6},{"not_picked":["hexamod:NecessarySacrifice","hexamod:SecondSeal"],"picked":"hexamod:Hexaguard","floor":10},{"not_picked":["hexamod:SecondSeal","hexamod:GhostShield"],"picked":"hexamod:FlamesFromBeyond","floor":10},{"not_picked":["hexamod:HeatMetal","hexamod:NecessarySacrifice"],"picked":"hexamod:ThermalTransfer","floor":11},{"not_picked":["hexamod:PhantomFireball","hexamod:EmpoweredFlame"],"picked":"hexamod:SixthSeal","floor":12},{"not_picked":["hexamod:GhostLash","hexamod:NecessarySacrifice","hexamod:FastForward"],"picked":"SKIP","floor":12},{"not_picked":["hexamod:BacktrackSmack","hexamod:Hexaguard"],"picked":"hexamod:RecurringNightmare","floor":14},{"not_picked":["hexamod:ShieldOfDarkness","hexamod:BacktrackSmack"],"picked":"hexamod:RetreatToShadows","floor":15},{"not_picked":["hexamod:BacktrackSmack","hexamod:ThermalTransfer"],"picked":"hexamod:StepThrough","floor":15},{"not_picked":["hexamod:ParanormalForm","hexamod:TurnItUp"],"picked":"hexamod:FifthSeal","floor":16},{"not_picked":["hexamod:ShieldOfDarkness","hexamod:PhantomFireball","hexamod:GhostShield"],"picked":"SKIP","floor":19},{"not_picked":["hexamod:Hexaguard+1","hexamod:HauntingEcho"],"picked":"hexamod:GhostOfSpireFuture","floor":22},{"not_picked":["hexamod:FastForward","hexamod:NightmareStrike"],"picked":"hexamod:FirstSeal","floor":25},{"not_picked":["hexamod:PhantomCloak","hexamod:NightmareStrike"],"picked":"hexamod:ParanormalForm","floor":26},{"not_picked":["hexamod:BurningTouch","hexamod:Firestarter"],"picked":"hexamod:PowerFromBeyond+1","floor":29},{"not_picked":["hexamod:ShieldOfDarkness","hexamod:GhostOfSpireFuture"],"picked":"hexamod:HauntingEcho","floor":30},{"not_picked":["hexamod:Hexaguard","hexamod:ShieldOfDarkness"],"picked":"hexamod:RetreatToShadows+1","floor":31}],"player_experience":385959,"relics_obtained":[{"floor":7,"key":"Bronze Scales"},{"floor":10,"key":"Bromod:ArcaneConsequence"},{"floor":24,"key":"Ice Cream"},{"floor":30,"key":"infinitespire:Lucky Rock"}],"event_choices":[{"damage_healed":0,"gold_gain":0,"player_choice":"Leave","damage_taken":0,"max_hp_gain":0,"max_hp_loss":0,"event_name":"conspire:Investor","floor":21,"gold_loss":0}],"is_beta":false,"boss_relics":[{"not_picked":["infinitespire:Cupcake","aspiration:SilentSkillbook"],"picked":"conspire:RoyalGoblet"}],"items_purged_floors":[],"is_endless":false,"potions_floor_spawned":[10,11,14,15,16,22,26,29],"killed_by":"Sentry and Sphere","ascension_level":0}}