{"host":"vumwfieg2b2mnrfl","time":1612996675,"event":{"mods":["AchievementEnabler","BaseMod","Minty Spire (QoL Compilation)","Rare Cards Sparkle","Relic Stats"],"gold_per_floor":[119,137,137,137,157,157,184,109,132,132,144,173,196,38,38,110,110,130,220,231,231,231],"floor_reached":21,"language":"ENG","playtime":504,"items_purged":["Strike_R"],"score":374,"play_id":"d79a1e8d-d257-4614-84bc-81884e1dfa54","local_time":"20210210163755","is_ascension_mode":true,"campfire_choices":[{"data":"Bash","floor":6,"key":"SMITH"},{"data":"Uppercut","floor":10,"key":"SMITH"},{"data":"Metallicize","floor":15,"key":"SMITH"}],"circlet_count":0,"master_deck":["AscendersBane","Strike_R","Strike_R","Strike_R","Defend_R","Defend_R","Defend_R","Defend_R","Bash+1","Sword Boomerang","Clash","Cleave","Uppercut+1","Bludgeon","Metallicize+1","Metallicize","Barricade","Power Through","Spot Weakness"],"relics":["Burning Blood","NeowsBlessing","Pen Nib","Bronze Scales","MealTicket","Nunchaku","Mark of Pain"],"acts_visited":["Exordium","TheCity"],"potions_floor_usage":[12,21],"damage_taken":[{"damage":0,"enemies":"Cultist","floor":1,"turns":1},{"damage":0,"enemies":"Small Slimes","floor":2,"turns":1},{"damage":0,"enemies":"Jaw Worm","floor":5,"turns":1},{"damage":39,"enemies":"Lagavulin","floor":7,"turns":7},{"damage":26,"enemies":"Exordium Thugs","floor":11,"turns":4},{"damage":6,"enemies":"Gremlin Nob","floor":12,"turns":3},{"damage":15,"enemies":"The Guardian","floor":16,"turns":11},{"damage":6,"enemies":"3 Byrds","floor":18,"turns":3},{"damage":17,"enemies":"2 Thieves","floor":20,"turns":5},{"damage":41,"enemies":"Snake Plant","floor":21,"turns":4}],"seed_played":"8093351282239933982","potions_obtained":[{"floor":5,"key":"FearPotion"},{"floor":20,"key":"SkillPotion"}],"is_trial":false,"path_per_floor":["M","M","$","?","M","R","E","?","T","R","M","E","T","$","R","B",null,"M","?","M","M"],"character_chosen":"IRONCLAD","items_purchased":["Metallicize"],"campfire_rested":0,"item_purchase_floors":[14],"current_hp_per_floor":[74,75,75,71,75,75,42,42,42,42,22,22,22,37,37,28,63,63,51,40,0,0],"gold":231,"neow_bonus":"THREE_ENEMY_KILL","is_daily":false,"chose_seed":false,"campfire_upgraded":3,"win_rate":0.0,"timestamp":1612996675,"path_taken":["M","M","$","?","?","R","E","?","T","R","M","E","?","$","R","BOSS","M","?","M","?"],"items_purchased_type":["Card"],"build_version":"2020-12-22","purchased_purges":1,"victory":false,"max_hp_per_floor":[75,75,75,75,75,75,75,75,75,75,75,75,75,75,75,75,75,75,75,75,75,75],"relic_stats":{"Nunchaku":[2],"counters":[10,40],"Bronze Scales":[150],"MealTicket":15,"Pen Nib":[3],"obtain_stats":[{"Nunchaku":13,"NeowsBlessing":0,"Bronze Scales":9,"MealTicket":12,"Pen Nib":7,"Mark of Pain":17,"Burning Blood":0},{"Nunchaku":6,"NeowsBlessing":0,"Bronze Scales":4,"MealTicket":6,"Pen Nib":4,"Mark of Pain":7,"Burning Blood":0},{"Nunchaku":17,"NeowsBlessing":0,"Bronze Scales":10,"MealTicket":17,"Pen Nib":10,"Mark of Pain":28,"Burning Blood":0}],"Burning Blood":47},"card_choices":[{"not_picked":["Warcry","Feel No Pain"],"picked":"Sword Boomerang","floor":1},{"not_picked":["Wild Strike","Perfected Strike"],"picked":"Clash","floor":2},{"not_picked":["Burning Pact","Wild Strike"],"picked":"Cleave","floor":5},{"not_picked":["Cleave","Heavy Blade"],"picked":"Uppercut","floor":7},{"not_picked":["Sentinel","True Grit"],"picked":"Bludgeon","floor":11},{"not_picked":["Twin Strike","Rage"],"picked":"Metallicize","floor":12},{"not_picked":["Fiend Fire","Double Tap"],"picked":"Barricade","floor":16},{"not_picked":["Rage","Sword Boomerang+1"],"picked":"Power Through","floor":18},{"not_picked":["Carnage","Havoc"],"picked":"Spot Weakness","floor":20}],"player_experience":544229,"relics_obtained":[{"floor":7,"key":"Pen Nib"},{"floor":9,"key":"Bronze Scales"},{"floor":12,"key":"MealTicket"},{"floor":13,"key":"Nunchaku"}],"event_choices":[{"damage_healed":0,"gold_gain":0,"player_choice":"Bought 0 Potions","damage_taken":0,"max_hp_gain":0,"max_hp_loss":0,"event_name":"The Woman in Blue","floor":4,"gold_loss":0},{"cards_removed":["Strike_R"],"damage_healed":0,"gold_gain":0,"player_choice":"Card Removal","damage_taken":0,"max_hp_gain":0,"max_hp_loss":0,"event_name":"The Cleric","floor":8,"gold_loss":75},{"damage_healed":0,"gold_gain":90,"player_choice":"GOLD ","damage_taken":12,"max_hp_gain":0,"max_hp_loss":0,"event_name":"Knowing Skull","floor":19,"potions_obtained":[],"gold_loss":0,"cards_obtained":[]}],"is_beta":false,"boss_relics":[{"not_picked":["SacredBark","Runic Cube"],"picked":"Mark of Pain"}],"items_purged_floors":[14],"is_endless":false,"potions_floor_spawned":[5,20],"killed_by":"Snake Plant","ascension_level":20}}