{"host":"uv5ws9rdk87e8i5k","time":1612930124,"event":{"mods":["AchievementEnabler","BaseMod","Colored Map","Minty Spire (QoL Compilation)","Permanent Neow","Quick Restart","StSLib","SuperFastMode","The Necromancer"],"gold_per_floor":[417,432,452,45,120,149,162,162,239,253,269,324,324,336,336,440,440,455,57,72,82,82,114,114,114,114],"floor_reached":25,"language":"ENG","playtime":734,"items_purged":["Strike_G","Strike_G"],"score":225,"play_id":"8b2c2a99-e0b0-46ba-a805-2ab4029cf1d1","local_time":"20210209220844","is_ascension_mode":false,"campfire_choices":[{"data":"Venomology","floor":8,"key":"SMITH"},{"data":"Venomology","floor":13,"key":"SMITH"},{"data":"Bullet Time","floor":15,"key":"SMITH"},{"data":"Venomology","floor":24,"key":"SMITH"}],"circlet_count":0,"master_deck":["Strike_G","Strike_G","Defend_G","Defend_G","Defend_G","Defend_G","Defend_G","Survivor","Neutralize","Quick Slash","PiercingWail","Prepared","Venomology+1","Poisoned Stab","Dash","Quick Slash","Venomology+1","Deadly Poison","Leg Sweep","PiercingWail","Bullet Time+1","Adrenaline","Outmaneuver","Quick Slash","Catalyst","Prepared+1","Strike_G+1","Venomology+1"],"relics":["Ring of the Snake","Old Coin","Membership Card","Snake Skull","Ice Cream","Mummified Hand","MealTicket","Philosopher\u0027s Stone","Sling","Pantograph","Sundial","White Beast Statue"],"acts_visited":["Exordium","TheCity"],"potions_floor_usage":[6,7,10,11,12,12,14,14,16,16,16,16,16,18,20,20,21,23,23,23,23,23,25,25,25],"damage_taken":[{"damage":5.0,"enemies":"Jaw Worm","floor":1.0,"turns":7.0},{"damage":0.0,"enemies":"Cultist","floor":2.0,"turns":3.0},{"damage":0.0,"enemies":"2 Louse","floor":3.0,"turns":3.0},{"damage":12,"enemies":"3 Sentries","floor":6,"turns":12},{"damage":4,"enemies":"Large Slime","floor":7,"turns":6},{"damage":0,"enemies":"Blue Slaver","floor":10,"turns":1},{"damage":2,"enemies":"2 Fungi Beasts","floor":11,"turns":4},{"damage":11,"enemies":"Lagavulin Event","floor":12,"turns":5},{"damage":0,"enemies":"3 Louse","floor":14,"turns":2},{"damage":2,"enemies":"Slime Boss","floor":16,"turns":10},{"damage":0,"enemies":"2 Thieves","floor":18,"turns":3},{"damage":0,"enemies":"Chosen","floor":20,"turns":4},{"damage":18,"enemies":"Snake Plant","floor":21,"turns":5},{"damage":5,"enemies":"Gremlin Leader","floor":23,"turns":5},{"damage":50,"enemies":"Book of Stabbing","floor":25,"turns":6}],"seed_played":"3435733950676385534","potions_obtained":[{"floor":3.0,"key":"EntropicBrew"},{"floor":12,"key":"PowerPotion"},{"floor":14,"key":"Weak Potion"},{"floor":16,"key":"SkillPotion"}],"is_trial":false,"path_per_floor":["M","M","M","$","?","E","M","R","T","M","M","?","R","M","R","B",null,"M","$","M","M","?","E","R","E"],"character_chosen":"THE_SILENT","items_purchased":["Membership Card","Snake Skull","Venomology","Poisoned Stab","DuplicationPotion","Dash","Sling","Pantograph","Sundial","Quick Slash"],"campfire_rested":0,"item_purchase_floors":[4,4,4,4,4,4,19,19,19,19],"current_hp_per_floor":[58,58,58,58,47,35,31,31,31,31,41,30,30,30,30,28,63,63,63,63,45,45,40,40,0,0],"gold":114,"neow_bonus":"ONE_RARE_RELIC","is_daily":false,"chose_seed":false,"campfire_upgraded":4,"win_rate":0.0,"timestamp":1612930124,"path_taken":["M","M","M","$","?","E","M","R","T","M","M","?","R","M","R","BOSS","M","$","M","M","?","E","R","E"],"items_purchased_type":["Relic","Relic","Card","Card","Potion","Card","Relic","Relic","Relic","Card"],"build_version":"2020-12-22","purchased_purges":2,"victory":false,"max_hp_per_floor":[63,63,63,63,63,63,63,63,63,63,63,63,63,63,63,63,63,63,63,63,63,63,63,63,63,63],"card_choices":[{"not_picked":["Bane","Terror"],"picked":"Quick Slash","floor":1.0},{"not_picked":["Bane","Reflex"],"picked":"PiercingWail","floor":2.0},{"not_picked":["Underhanded Strike","Distraction"],"picked":"Prepared","floor":3.0},{"not_picked":["Bane","Slice"],"picked":"Quick Slash","floor":6},{"not_picked":["Cloak And Dagger","PiercingWail"],"picked":"Venomology","floor":7},{"not_picked":["Heel Hook","Dodge and Roll"],"picked":"Deadly Poison","floor":10},{"not_picked":["Flechettes","Escape Plan"],"picked":"Leg Sweep","floor":11},{"not_picked":["Cloak And Dagger","Accuracy"],"picked":"PiercingWail","floor":12},{"not_picked":["Deflect","Footwork"],"picked":"Bullet Time","floor":14},{"not_picked":["Storm of Steel","Malaise"],"picked":"Adrenaline","floor":16},{"not_picked":["Cloak And Dagger","Backstab"],"picked":"Outmaneuver","floor":18},{"not_picked":["Infinite Blades","Reflex+1"],"picked":"Catalyst","floor":20},{"not_picked":["Underhanded Strike+1","Distraction"],"picked":"Prepared+1","floor":21},{"not_picked":["Bane","Blur"],"picked":"Venomology","floor":23}],"player_experience":151178,"relics_obtained":[{"floor":6,"key":"Ice Cream"},{"floor":9,"key":"Mummified Hand"},{"floor":12,"key":"MealTicket"},{"floor":23,"key":"White Beast Statue"}],"event_choices":[{"damage_healed":0.0,"max_hp_gain":0.0,"max_hp_loss":0.0,"gold_gain":75.0,"event_name":"World of Goop","player_choice":"Gather Gold","floor":5.0,"gold_loss":0.0,"damage_taken":11.0},{"damage_healed":0,"gold_gain":0,"player_choice":"Searched \u00271\u0027 times","damage_taken":0,"max_hp_gain":0,"max_hp_loss":0,"event_name":"Dead Adventurer","floor":12,"gold_loss":0},{"cards_removed":["Strike_G"],"damage_healed":0,"gold_gain":0,"player_choice":"Took Card","damage_taken":0,"max_hp_gain":0,"max_hp_loss":0,"event_name":"NoteForYourself","floor":22,"gold_loss":0,"cards_obtained":["Strike_G"]}],"is_beta":false,"boss_relics":[{"not_picked":["Astrolabe","Fusion Hammer"],"picked":"Philosopher\u0027s Stone"}],"items_purged_floors":[4,19],"is_endless":false,"potions_floor_spawned":[3,11,12,14,16,21],"killed_by":"Book of Stabbing","ascension_level":0}}