{"host":"9slw7l0ws16384qq","time":1612982761,"event":{"mods":["A Penny For Your Troubles","BaseMod","Colored Map","Downfall","Evolution","Hubris","Minty Spire (QoL Compilation)","Replay The Spire","StS++","StSLib"],"gold_per_floor":[99,112,112,126,276,276,276,307,320,336,336,355,255,289,301,301,301,301],"floor_reached":16,"language":"FRA","playtime":660,"items_purged":[],"score":185,"play_id":"9cef46bb-55bc-43d3-9587-d3e6cb12bfd4","local_time":"20210210194601","is_ascension_mode":true,"campfire_choices":[{"data":"Guardian:Strike_Guardian","floor":1,"key":"PURGE"},{"floor":11,"key":"RECALL"},{"data":"Guardian:HyperBeam_Guardian","floor":13,"key":"SMITH"}],"circlet_count":0,"master_deck":["AscendersBane","Guardian:ChargeCore","Guardian:ChargeCore","Guardian:Strike_Guardian","Guardian:Defend_Guardian","Guardian:Defend_Guardian","Guardian:CurlUp","Guardian:TwinSlam","Sickly","Guardian:HyperBeam_Guardian+1"],"relics":["Guardian:ModeShifter","EVO:Axolotl","Replay:Rubber Ducky","Ring of Peace","Ring of Panic","Meat on the Bone","Sundial","downfall:HeartBlessingRed","Orichalcum"],"acts_visited":["Exordium"],"potions_floor_usage":[14,16,16],"damage_taken":[{"damage":3,"enemies":"2 Louse","floor":2,"turns":3},{"damage":0,"enemies":"Small Slimes","floor":4,"turns":5},{"damage":44,"enemies":"3 Sentries","floor":8,"turns":16},{"damage":0,"enemies":"Cultist","floor":9,"turns":3},{"damage":0,"enemies":"Gremlin Gang","floor":10,"turns":1},{"damage":4,"enemies":"Red Slaver","floor":12,"turns":3},{"damage":23,"enemies":"Lagavulin","floor":14,"turns":8},{"damage":0,"enemies":"Blue Slaver","floor":15,"turns":2},{"damage":56,"enemies":"DF_ARCHETYPE_STREAMLINE","floor":16,"turns":11}],"seed_played":"-5791795451198520516","potions_obtained":[{"floor":4,"key":"sneckomod:MuddlingPotion"},{"floor":9,"key":"EssenceOfSteel"},{"floor":10,"key":"SkillPotion"},{"floor":14,"key":"LifebloodPotion"}],"is_trial":false,"path_per_floor":["R_BF","M","?","M","?","?","T","E","M","M","R","M","R","E","M","B"],"character_chosen":"GUARDIAN","items_purchased":[],"campfire_rested":0,"item_purchase_floors":[],"current_hp_per_floor":[72,69,69,69,69,69,69,37,49,49,49,45,45,34,46,0,0,0],"gold":301,"neow_bonus":"RANDOM_COMMON_RELIC","is_daily":false,"chose_seed":false,"campfire_upgraded":1,"win_rate":0.0,"timestamp":1612982761,"path_taken":["R_BF","M","?","M","?","?","T","E","?","?","R","M","R","E","M","BOSS"],"items_purchased_type":[],"build_version":"2020-12-22","purchased_purges":0,"victory":false,"max_hp_per_floor":[80,80,80,80,80,80,80,80,80,80,80,80,80,80,80,80,80,80],"card_choices":[{"not_picked":["Guardian:PiercingHide","Guardian:ChargeCore","Guardian:WalkerClaw"],"picked":"SKIP","floor":2},{"not_picked":["Guardian:EvasiveProtocol","Guardian:ChargeCore","Guardian:Gem_Purple"],"picked":"SKIP","floor":4},{"not_picked":["Guardian:SpikerProtocol","Guardian:RollAttack"],"picked":"Guardian:HyperBeam_Guardian","floor":8},{"not_picked":["Guardian:RollAttack","Guardian:Gem_Red","Guardian:FloatingOrbs"],"picked":"SKIP","floor":9},{"not_picked":["Guardian:Reroute","Guardian:ShieldCharger","Guardian:Incinerate"],"picked":"SKIP","floor":10},{"not_picked":["Guardian:Reroute","Guardian:ChargeCore","Guardian:Gem_Lightblue"],"picked":"SKIP","floor":12},{"not_picked":["Guardian:WalkerClaw","Guardian:RollAttack","Guardian:Gem_Yellow"],"picked":"SKIP","floor":14},{"not_picked":["Guardian:PrismaticBeam","Guardian:PrismaticBarrier","Guardian:Harden"],"picked":"SKIP","floor":15}],"player_experience":1689321,"relics_obtained":[{"floor":3,"key":"Ring of Peace"},{"floor":3,"key":"Ring of Panic"},{"floor":7,"key":"Meat on the Bone"},{"floor":8,"key":"Sundial"},{"floor":14,"key":"Orichalcum"}],"event_choices":[],"is_beta":false,"boss_relics":[],"items_purged_floors":[],"is_endless":false,"potions_floor_spawned":[4,9,10,14],"killed_by":"DF_ARCHETYPE_STREAMLINE","ascension_level":13}}