{"host":"fff5e1uasnm04x18","time":1612998656,"event":{"mods":["BaseMod","Highlight Path","Minty Spire (QoL Compilation)","StSLib"],"gold_per_floor":[117,35,45,64,364,364,391,391,391,426,426,426,445,12,12,111,111,130,141,167,167,195,207,219,219],"floor_reached":24,"language":"ENG","playtime":1225,"items_purged":[],"score":260,"play_id":"9381011d-c427-498e-a79d-be60f9817d7e","local_time":"20210210181056","is_ascension_mode":true,"campfire_choices":[{"data":"Genetic Algorithm","floor":6,"key":"SMITH"},{"floor":8,"key":"REST"},{"floor":12,"key":"REST"},{"floor":15,"key":"REST"}],"circlet_count":0,"master_deck":["Strike_B","Strike_B","Strike_B","Defend_B","Defend_B","Defend_B","Defend_B","Dualcast","Rebound","Genetic Algorithm+1","White Noise","Defragment","Cold Snap","Hyperbeam","Cold Snap","Blizzard","Cold Snap","Seek","Blizzard","Echo Form","Amplify","Cold Snap+1","Glacier"],"relics":["FrozenCore","Old Coin","Bronze Scales","StoneCalendar","Oddly Smooth Stone","TungstenRod","Orrery","Red Mask","MawBank"],"acts_visited":["Exordium","TheCity"],"potions_floor_usage":[20,24],"damage_taken":[{"damage":0,"enemies":"Cultist","floor":1,"turns":3},{"damage":0,"enemies":"2 Louse","floor":3,"turns":3},{"damage":0,"enemies":"Small Slimes","floor":4,"turns":3},{"damage":44,"enemies":"Gremlin Nob","floor":7,"turns":5},{"damage":32,"enemies":"3 Sentries","floor":10,"turns":6},{"damage":5,"enemies":"Looter","floor":13,"turns":3},{"damage":32,"enemies":"Slime Boss","floor":16,"turns":7},{"damage":10,"enemies":"Spheric Guardian","floor":18,"turns":6},{"damage":28,"enemies":"Chosen","floor":19,"turns":7},{"damage":30,"enemies":"Masked Bandits","floor":20,"turns":6},{"damage":13,"enemies":"Sentry and Sphere","floor":22,"turns":7},{"damage":1,"enemies":"Gremlin Leader","floor":24,"turns":6}],"seed_played":"-5945130848037855846","potions_obtained":[{"floor":3,"key":"SkillPotion"},{"floor":4,"key":"EssenceOfDarkness"},{"floor":16,"key":"SmokeBomb"},{"floor":22,"key":"Weak Potion"}],"is_trial":false,"path_per_floor":["M","$","M","M","?","R","E","R","T","E","?","R","M","$","R","B",null,"M","M","?","?","M","?","E"],"character_chosen":"DEFECT","items_purchased":["Genetic Algorithm","TungstenRod","Orrery"],"campfire_rested":3,"item_purchase_floors":[2,14,14],"current_hp_per_floor":[82,82,82,82,79,79,35,59,59,27,27,51,46,46,70,38,82,72,44,14,14,1,1,0,0],"gold":219,"neow_bonus":"TEN_PERCENT_HP_BONUS","is_daily":false,"chose_seed":false,"campfire_upgraded":1,"win_rate":0.0,"timestamp":1612998656,"path_taken":["M","$","?","M","?","R","E","R","T","E","?","R","?","$","R","BOSS","M","M","?","?","M","?","E"],"items_purchased_type":["Card","Relic","Relic"],"build_version":"2020-12-22","purchased_purges":0,"victory":false,"max_hp_per_floor":[82,82,82,82,82,82,82,82,82,82,82,82,82,82,82,82,82,82,82,82,82,82,82,82,82],"card_choices":[{"not_picked":["Leap","Steam"],"picked":"Rebound","floor":1},{"not_picked":["Blizzard","Stack","Leap"],"picked":"SKIP","floor":3},{"not_picked":["Reinforced Body","Steam"],"picked":"White Noise","floor":4},{"not_picked":["Go for the Eyes","Blizzard"],"picked":"Defragment","floor":7},{"not_picked":["Consume","Hello World"],"picked":"Cold Snap","floor":10},{"not_picked":["Turbo","Scrape"],"picked":"Cold Snap","floor":13},{"not_picked":["Recycle","Ball Lightning"],"picked":"Blizzard","floor":14},{"not_picked":["Streamline","Blizzard"],"picked":"Cold Snap","floor":14},{"not_picked":["Multi-Cast","Turbo"],"picked":"Seek","floor":14},{"not_picked":["Streamline","Redo"],"picked":"Blizzard","floor":14},{"not_picked":["Stack","Lockon"],"picked":"Echo Form","floor":14},{"not_picked":["Machine Learning","Biased Cognition"],"picked":"Amplify","floor":16},{"not_picked":["Aggregate+1","Steam"],"picked":"Cold Snap+1","floor":18},{"not_picked":["Redo","Rip and Tear+1"],"picked":"Glacier","floor":19},{"not_picked":["Hello World+1","Hologram","Coolheaded"],"picked":"SKIP","floor":22}],"player_experience":570743,"relics_obtained":[{"floor":7,"key":"Bronze Scales"},{"floor":9,"key":"StoneCalendar"},{"floor":10,"key":"Oddly Smooth Stone"},{"floor":20,"key":"Red Mask"}],"event_choices":[{"damage_healed":0,"gold_gain":0,"player_choice":"Success","damage_taken":3,"relics_obtained":["Old Coin"],"max_hp_gain":0,"max_hp_loss":0,"event_name":"Scrap Ooze","floor":5,"gold_loss":0},{"damage_healed":0,"gold_gain":0,"cards_transformed":["Zap"],"player_choice":"Transformed","damage_taken":0,"max_hp_gain":0,"max_hp_loss":0,"event_name":"Transmorgrifier","floor":11,"gold_loss":0,"cards_obtained":["Hyperbeam"]},{"damage_healed":0,"gold_gain":0,"player_choice":"Fought Bandits","damage_taken":0,"max_hp_gain":0,"max_hp_loss":0,"event_name":"Masked Bandits","floor":20,"gold_loss":0},{"damage_healed":0,"gold_gain":0,"player_choice":"Opened","damage_taken":0,"relics_obtained":["MawBank"],"max_hp_gain":0,"max_hp_loss":0,"event_name":"The Mausoleum","floor":21,"gold_loss":0},{"cards_removed":["Strike_B"],"damage_healed":0,"gold_gain":0,"player_choice":"Elegance","damage_taken":0,"max_hp_gain":0,"max_hp_loss":0,"event_name":"Back to Basics","floor":23,"gold_loss":0}],"is_beta":false,"boss_relics":[{"not_picked":["Fusion Hammer","Runic Dome"],"picked":"FrozenCore"}],"items_purged_floors":[],"is_endless":false,"potions_floor_spawned":[3,4,16,22],"killed_by":"Gremlin Leader","ascension_level":3}}