{"host":"ve5hox67eka4rdnb","time":1612946796,"event":{"mods":["ATMod(∞¢Ë™Mod)","AchievementEnabler","Act Like it!","BaseMod","Downfall","Gensokyo","Hermit","Koishi","Lobotomy","LobotomyExtend","Marisa£®ÏF”Í°°ƒß¿Ì…≥£©","Minty Spire (QoL Compilation)","Reimu£®≤©¿ˆ¡È√Œ£©","Remilia£®¿Ÿ√◊¿Ú—«£©","Replay The Spire","Shop Mod","StSLib","The Construct","The Cursed","The Servant 0.9.4"],"gold_per_floor":[109,128,138,172,183,218,218,248,248,273,253,266,284,384,384,487,487,500,7,7,24,44,71,71,100,100,0,0,26,40,40,40,143,143,153,153,153,223,68,101,101,134,134,164,39,50,50,50,50,50,50,50,50,50,82,107],"floor_reached":57,"language":"ZHS","playtime":1489,"items_purged":["Strike_B","Strike_B","Strike_B"],"score":1908,"play_id":"5532f496-d7f4-4bb6-ae88-a91e0aafcd44","local_time":"20210210164636","is_ascension_mode":true,"campfire_choices":[{"data":"AT_EmpoweredMortalDraw","floor":7.0,"key":"SMITH"},{"floor":15.0,"key":"DIG"},{"data":"AT_FamilyPortrait","floor":24.0,"key":"SMITH"},{"floor":32.0,"key":"RECALL"},{"data":"Strike_B","floor":41.0,"key":"PURGE"},{"data":"Coolheaded","floor":47.0,"key":"SMITH"},{"data":"Zap","floor":49.0,"key":"SMITH"},{"data":"Skim","floor":53.0,"key":"SMITH"}],"circlet_count":0,"master_deck":["Defend_B","Defend_B","Defend_B","Zap+1","Dualcast","AT_EmpoweredMortalDraw+1","AT_FamilyPortrait+1","Genetic Algorithm","Coolheaded+1","Sweeping Beam","Skim+1","Ball Lightning","Coolheaded","Cold Snap","Cold Snap","AT_DarkMatter","BootSequence","CurseOfTheBell","AT_EmpoweredMortalDraw+1","Core Surge"],"relics":["AT_ATBox","AT_MortalBlade","LetterFromLob","AT_ChloranthyRing","Iron Hammer","Cables","Ancient Tea Set","AT_GoldPhoenixTree","RedLine:ReiMu","RuthlessExorcism:ReiMu","Pear","Art of War","Bronze Scales","Juzu Bracelet","Replay:Grab Bag","Busted Crown","SlaversCollar","Calling Bell","Pen Nib","InkBottle","Peace Pipe","Blue Candle","AntiCross","DollysMirror","Prayer Wheel","Geode","Replay:Baseball","Quantum Egg","Replay:Mystery Machine","AT_MibuBalloonWealth"],"acts_visited":["Exordium","TheCity","TheBeyond","TheEnding"],"potions_floor_usage":[56,56],"damage_taken":[{"damage":0.0,"enemies":"Small Slimes","floor":1.0,"turns":2.0},{"damage":1.0,"enemies":"Cultist","floor":2.0,"turns":3.0},{"damage":0.0,"enemies":"2 Louse","floor":3.0,"turns":2.0},{"damage":8.0,"enemies":"Looter","floor":4.0,"turns":2.0},{"damage":2.0,"enemies":"Blue Slaver","floor":5.0,"turns":3.0},{"damage":0.0,"enemies":"Gremlin Nob","floor":6.0,"turns":3.0},{"damage":0.0,"enemies":"Lagavulin","floor":8.0,"turns":3.0},{"damage":2.0,"enemies":"Gremlin Nob","floor":10.0,"turns":3.0},{"damage":0.0,"enemies":"2 Fungi Beasts","floor":12.0,"turns":1.0},{"damage":0.0,"enemies":"Lots of Slimes","floor":13.0,"turns":1.0},{"damage":15.0,"enemies":"The Guardian","floor":16.0,"turns":6.0},{"damage":0.0,"enemies":"Shell Parasite","floor":18.0,"turns":1.0},{"damage":0.0,"enemies":"Spheric Guardian","floor":21.0,"turns":1.0},{"damage":0.0,"enemies":"Snake Plant","floor":22.0,"turns":1.0},{"damage":0.0,"enemies":"Slavers","floor":23.0,"turns":1.0},{"damage":0.0,"enemies":"Gremlin Leader","floor":25.0,"turns":2.0},{"damage":0.0,"enemies":"Slavers","floor":29.0,"turns":1.0},{"damage":0.0,"enemies":"Sentry and Sphere","floor":30.0,"turns":1.0},{"damage":22.0,"enemies":"Champ","floor":33.0,"turns":9.0},{"damage":0.0,"enemies":"Orb Walker","floor":35.0,"turns":1.0},{"damage":25.0,"enemies":"R_Hoarder","floor":40.0,"turns":4.0},{"damage":15.0,"enemies":"Giant Head","floor":42.0,"turns":5.0},{"damage":10.0,"enemies":"Nemesis","floor":44.0,"turns":2.0},{"damage":0.0,"enemies":"3 Shapes","floor":46.0,"turns":1.0},{"damage":14.0,"enemies":"Donu and Deca","floor":50.0,"turns":3.0},{"damage":3.0,"enemies":"Shield and Spear","floor":55.0,"turns":1.0},{"damage":46,"enemies":"The Heart","floor":56,"turns":5}],"seed_played":"5751315318906376038","potions_obtained":[{"floor":1.0,"key":"LifebloodPotion"},{"floor":2.0,"key":"bronze:BurnAndBuffPotion"},{"floor":4.0,"key":"Fire Potion"},{"floor":6.0,"key":"Block Potion"},{"floor":11.0,"key":"LiquidMemories"},{"floor":12.0,"key":"Cursed Concoction"},{"floor":18.0,"key":"LiquidMemories"},{"floor":23.0,"key":"Energy Potion"},{"floor":40.0,"key":"Elixir"},{"floor":46.0,"key":"BlessingOfTheForge"}],"is_trial":false,"path_per_floor":["M","M","M","M","M","E","R","E","T","E","?","M","M","?","R","B",null,"M","$","$","M","M","E","R","E","T","$","?","E","M","$","R","B",null,"M","?","?","T","$","E","R","E","T","E","$","M","R","?","R","B",null,null,"R","$","E","B",null],"character_chosen":"DEFECT","items_purchased":["Cold Snap","RuthlessExorcism:ReiMu","Pear","DollysMirror"],"campfire_rested":0,"item_purchase_floors":[19,19,19,39],"current_hp_per_floor":[75,74,74,66,64,64,64,64,64,62,62,62,62,62,62,47,75,75,85,85,85,85,85,85,85,85,85,85,85,85,85,85,63,85,85,78,78,78,78,53,53,38,38,28,28,28,28,28,28,14,14,85,85,85,82,36],"gold":107,"neow_bonus":"BOSS_RELIC","is_daily":false,"chose_seed":false,"campfire_upgraded":5,"win_rate":0.0,"timestamp":1612946796,"path_taken":["M","M","M","M","M","E","R","E","T","E","?","?","M","?","R","BOSS","M","?","$","?","M","E","R","E","T","$","?","E","M","$","R","BOSS","M","?","?","?","$","E","R","E","T","E","$","M","R","?","R","BOSS","R","$","E","BOSS"],"items_purchased_type":["Card","Relic","Relic","Relic"],"build_version":"2020-12-22","purchased_purges":3,"victory":true,"max_hp_per_floor":[75,75,75,75,75,75,75,75,75,75,75,75,75,75,75,75,75,75,85,85,85,85,85,85,85,85,85,85,85,85,85,85,85,85,85,85,85,85,85,85,85,85,85,85,85,85,85,85,85,85,85,85,85,85,85,85],"card_choices":[{"not_picked":["Aggregate","Lockon"],"picked":"Genetic Algorithm","floor":1.0},{"not_picked":["AT_HeatAcrobatics","Leap"],"picked":"Coolheaded","floor":2.0},{"not_picked":["Compile Driver","Auto Shields","Scrape"],"picked":"SKIP","floor":3.0},{"not_picked":["Stack","Go for the Eyes"],"picked":"Sweeping Beam","floor":4.0},{"not_picked":["Heatsinks","Undo","Leap"],"picked":"SKIP","floor":5.0},{"not_picked":["Hologram","Go for the Eyes","Conserve Battery"],"picked":"SKIP","floor":6.0},{"not_picked":["Stack","BasicCrystalCard","Steam"],"picked":"SKIP","floor":8.0},{"not_picked":["Streamline","Reinforced Body"],"picked":"Skim","floor":10.0},{"not_picked":["Go for the Eyes","Hyperbeam"],"picked":"Ball Lightning","floor":12.0},{"not_picked":["BasicCrystalCard","AT_HeatAcrobatics"],"picked":"Coolheaded","floor":13.0},{"not_picked":["Creative AI","Biased Cognition"],"picked":"Machine Learning","floor":16.0},{"not_picked":["BasicCrystalCard+1","Compile Driver","Streamline+1"],"picked":"SKIP","floor":18.0},{"not_picked":["Heatsinks+1","Compile Driver"],"picked":"Cold Snap","floor":21.0},{"not_picked":["Crystallizer","ReplayTheSpireMod:System Scan+1","Darkness"],"picked":"SKIP","floor":22.0},{"not_picked":["Streamline","Gash","Cold Snap"],"picked":"SKIP","floor":23.0},{"not_picked":["Sweeping Beam","Cold Snap+1"],"picked":"AT_DarkMatter","floor":25.0},{"not_picked":["BasicCrystalCard","AT_ThunderBolt+1","ReplayTheSpireMod:GoodbyeWorld"],"picked":"SKIP","floor":29.0},{"not_picked":["Skim","AT_HeatAcrobatics"],"picked":"BootSequence","floor":30.0},{"not_picked":["Mirror Shield","ReplayRNGCard"],"picked":"ReplayTheSpireMod:Fabricate Wheel","floor":33.0},{"not_picked":["Leap+1"],"picked":"SKIP","floor":35.0},{"not_picked":["Genetic Algorithm"],"picked":"SKIP","floor":40.0},{"not_picked":["Sweeping Beam"],"picked":"SKIP","floor":42.0},{"not_picked":["Conserve Battery"],"picked":"SKIP","floor":44.0},{"not_picked":["Scrape+1"],"picked":"SKIP","floor":46.0},{"not_picked":["Hello World+1"],"picked":"SKIP","floor":46.0},{"not_picked":["Redo"],"picked":"SKIP","floor":55.0}],"player_experience":205988,"relics_obtained":[{"floor":1.0,"key":"LetterFromLob"},{"floor":6.0,"key":"AT_ChloranthyRing"},{"floor":8.0,"key":"Iron Hammer"},{"floor":9.0,"key":"Cables"},{"floor":10.0,"key":"Ancient Tea Set"},{"floor":15.0,"key":"AT_GoldPhoenixTree"},{"floor":23.0,"key":"Art of War"},{"floor":25.0,"key":"Bronze Scales"},{"floor":29.0,"key":"Juzu Bracelet"},{"floor":34.0,"key":"Pen Nib"},{"floor":34.0,"key":"InkBottle"},{"floor":34.0,"key":"Peace Pipe"},{"floor":38.0,"key":"AntiCross"},{"floor":40.0,"key":"Geode"},{"floor":42.0,"key":"Replay:Baseball"},{"floor":43.0,"key":"Quantum Egg"},{"floor":44.0,"key":"Replay:Mystery Machine"},{"floor":55.0,"key":"AT_MibuBalloonWealth"}],"event_choices":[{"damage_healed":0.0,"max_hp_gain":0.0,"max_hp_loss":0.0,"gold_gain":0.0,"event_name":"The Woman in Blue","player_choice":"Bought 1 Potion","floor":11.0,"gold_loss":0.0,"damage_taken":0.0},{"damage_healed":0.0,"max_hp_gain":0.0,"max_hp_loss":0.0,"gold_gain":100.0,"event_name":"Golden Shrine","player_choice":"Pray","floor":14.0,"gold_loss":0.0,"damage_taken":0.0},{"damage_healed":0.0,"max_hp_gain":0.0,"max_hp_loss":0.0,"gold_gain":0.0,"event_name":"Ghosts","player_choice":"Ignored","floor":28.0,"gold_loss":0.0,"damage_taken":0.0},{"cards_removed":["Machine Learning"],"damage_healed":0.0,"max_hp_gain":0.0,"max_hp_loss":0.0,"gold_gain":0.0,"event_name":"Falling","player_choice":"Removed Power","floor":37.0,"gold_loss":0.0,"damage_taken":0.0},{"cards_removed":["Defend_B"],"damage_healed":0.0,"max_hp_gain":0.0,"max_hp_loss":0.0,"gold_gain":0.0,"event_name":"Purifier","player_choice":"Purged","floor":48.0,"gold_loss":0.0,"damage_taken":0.0}],"is_beta":false,"boss_relics":[{"not_picked":["bronze:MakeshiftBattery","Ring of Chaos"],"picked":"RedLine:ReiMu"},{"not_picked":["ReplayTheSpireMod:DimensionalGlitch","Snecko Eye"],"picked":"Replay:Grab Bag"},{"not_picked":["Sozu","Runic Dome"],"picked":"Busted Crown"},{"not_picked":["Fusion Hammer","Cursed Key"],"picked":"SlaversCollar"},{"not_picked":["Black Star","construct:WeddingRing"],"picked":"Calling Bell"}],"items_purged_floors":[19,27,45],"is_endless":false,"potions_floor_spawned":[1,2,4,6,12,18,21,23,40,46],"ascension_level":2}}