{"host":"qhn6g0owdgjb77rz","time":1612961171,"event":{"mods":["BaseMod","BetterRewards","Colored Map","Downfall","Minty Spire (QoL Compilation)","Relic Sorter","Reliquary","Spire Arcade","StSLib"],"gold_per_floor":[131,171,225,284,335,335,391,391,469,137,198,198,242,242,242,320,320,359,423,8,21,21,21,75,75,75,250,287,322,322,336,336,436,436,481,521,521,1520,686,741,785,839,839,851,851,886,931,950,950,950],"floor_reached":51,"language":"ENG","playtime":4636,"items_purged":["Normality"],"score":2303,"play_id":"d60f5879-0c83-4b14-a401-24085035eec9","local_time":"20210210214611","is_ascension_mode":true,"campfire_choices":[{"data":"HandOfGreed","floor":6.0,"key":"SMITH"},{"data":"Accuracy","floor":8.0,"key":"SMITH"},{"data":"Infinite Blades","floor":12.0,"key":"SMITH"},{"data":"Neutralize","floor":15.0,"key":"SMITH"},{"data":"Footwork","floor":23.0,"key":"SMITH"},{"data":"Adrenaline","floor":25.0,"key":"SMITH"},{"data":"Burst","floor":30.0,"key":"SMITH"},{"data":"Cloak And Dagger","floor":32.0,"key":"SMITH"},{"data":"A Thousand Cuts","floor":45,"key":"SMITH"},{"data":"Footwork","floor":49,"key":"SMITH"}],"circlet_count":0,"master_deck":["AscendersBane","Defend_G","Defend_G","Defend_G","Defend_G","Defend_G","Survivor","Neutralize+1","Accuracy+1","Blade Dance+1","Cloak And Dagger+1","HandOfGreed+1","Backstab","Footwork+1","Infinite Blades+1","Dodge and Roll","Burst+1","Adrenaline+1","Footwork+1","Slimebound:Tackle+1","Slimebound:Tackle+1","Slimebound:Tackle+1","A Thousand Cuts+1","Cloak And Dagger+1","Blade Dance","Infinite Blades","Leg Sweep+1","Dodge and Roll+1","Normality","Backstab","Footwork+1","Prepared","Deflect","All Out Attack+1"],"relics":["Ring of the Snake","Tough Bandages","HandDrill","FossilizedHelix","Bag of Preparation","Mummified Hand","Oddly Smooth Stone","reliquary:Buckler","Runic Pyramid","Bag of Marbles","reliquary:OuijaBoard","Meat on the Bone","Lizard Tail","reliquary:NewFriend","HoveringKite","Bottled Lightning","Frozen Eye","reliquary:HotPoker","Lantern","Art of War","reliquary:QuartzCube","reliquary:PurpleTingedLeaf","Mango"],"acts_visited":["Exordium","TheCity","TheBeyond"],"potions_floor_usage":[41,50,50],"damage_taken":[{"damage":1.0,"enemies":"Cultist","floor":1.0,"turns":5.0},{"damage":0.0,"enemies":"Jaw Worm","floor":2.0,"turns":2.0},{"damage":1.0,"enemies":"Small Slimes","floor":3.0,"turns":4.0},{"damage":0.0,"enemies":"Exordium Wildlife","floor":4.0,"turns":4.0},{"damage":0.0,"enemies":"3 Louse","floor":5.0,"turns":5.0},{"damage":10.0,"enemies":"Gremlin Nob","floor":7.0,"turns":6.0},{"damage":0.0,"enemies":"Large Slime","floor":11.0,"turns":7.0},{"damage":0.0,"enemies":"Looter","floor":13.0,"turns":2.0},{"damage":0.0,"enemies":"The Guardian","floor":16.0,"turns":11.0},{"damage":1.0,"enemies":"2 Thieves","floor":18.0,"turns":4.0},{"damage":2.0,"enemies":"3 Byrds","floor":19.0,"turns":6.0},{"damage":0.0,"enemies":"Snake Plant","floor":21.0,"turns":3.0},{"damage":0.0,"enemies":"Gremlin Leader","floor":24.0,"turns":5.0},{"damage":0.0,"enemies":"Colosseum Slavers","floor":27.0,"turns":3.0},{"damage":0.0,"enemies":"Colosseum Nobs","floor":27.0,"turns":6.0},{"damage":0.0,"enemies":"Sentry and Sphere","floor":28.0,"turns":5.0},{"damage":0.0,"enemies":"Centurion and Healer","floor":29.0,"turns":4.0},{"damage":0.0,"enemies":"Snecko","floor":31.0,"turns":3.0},{"damage":0.0,"enemies":"Collector","floor":33.0,"turns":7.0},{"damage":0.0,"enemies":"Orb Walker","floor":35.0,"turns":4.0},{"damage":0.0,"enemies":"3 Shapes","floor":36.0,"turns":4.0},{"damage":1,"enemies":"Reptomancer","floor":40,"turns":4},{"damage":17,"enemies":"Jaw Worm Horde","floor":41,"turns":5},{"damage":0,"enemies":"Nemesis","floor":42,"turns":5},{"damage":0,"enemies":"4 Shapes","floor":44,"turns":3},{"damage":25,"enemies":"Reptomancer","floor":46,"turns":5},{"damage":0,"enemies":"2 Orb Walkers","floor":47,"turns":4},{"damage":0,"enemies":"Maw","floor":48,"turns":7},{"damage":0,"enemies":"Awakened One","floor":50,"turns":16}],"seed_played":"3598081107623921885","potions_obtained":[{"floor":1.0,"key":"Dexterity Potion"},{"floor":2.0,"key":"Block Potion"},{"floor":7.0,"key":"SkillPotion"},{"floor":19.0,"key":"EssenceOfSteel"},{"floor":27.0,"key":"EssenceOfSteel"},{"floor":41,"key":"PowerPotion"}],"is_trial":false,"path_per_floor":["M","M","M","M","M","R","E","R","T","$","M","R","M","?","R","B",null,"M","M","$","M","?","R","E","R","T","?","M","M","R","M","R","B",null,"M","M","?","?","$","E","M","E","T","M","R","E","?","M","R","B",null],"character_chosen":"THE_SILENT","items_purchased":["Accuracy","Blade Dance","HandDrill","FossilizedHelix","Cloak And Dagger","HandOfGreed","Oddly Smooth Stone","reliquary:Buckler","Adrenaline","Bag of Marbles","Footwork","Bottled Lightning","Frozen Eye","reliquary:HotPoker","Backstab"],"campfire_rested":0,"item_purchase_floors":[0,0,0,0,0,0,10,10,20,20,20,39,39,39,39],"current_hp_per_floor":[58,58,57,57,57,57,47,47,47,47,47,47,47,47,47,47,61,60,58,58,58,58,58,58,58,58,58,58,58,58,58,58,58,64,64,64,64,64,64,63,46,46,46,46,46,33,48,50,50,54],"gold":950,"neow_bonus":"","is_daily":false,"chose_seed":false,"campfire_upgraded":10,"win_rate":0.0,"timestamp":1612961171,"path_taken":["M","?","M","M","M","R","E","R","T","$","M","R","M","?","R","BOSS","M","?","$","M","?","R","E","R","T","?","M","M","R","M","R","BOSS","M","M","?","?","$","E","M","E","T","M","R","E","?","M","R","BOSS"],"items_purchased_type":["Card","Card","Relic","Relic","Card","Card","Relic","Relic","Card","Relic","Card","Relic","Relic","Relic","Card"],"build_version":"2020-12-22","purchased_purges":1,"victory":true,"max_hp_per_floor":[66,66,66,66,66,66,66,66,66,66,66,66,66,66,66,66,66,66,66,66,66,66,66,66,66,66,66,66,66,66,66,66,66,66,66,66,66,66,66,66,66,66,66,66,66,66,80,80,80,80],"card_choices":[{"not_picked":["Slice","Prepared","Backflip"],"picked":"SKIP","floor":1.0},{"not_picked":["Skewer","Slice","Unload"],"picked":"SKIP","floor":2.0},{"not_picked":["Masterful Stab","Blur"],"picked":"Backstab","floor":3.0},{"not_picked":["Bane","Quick Slash","Escape Plan"],"picked":"SKIP","floor":4.0},{"not_picked":["Cloak And Dagger","Flying Knee"],"picked":"Footwork","floor":5.0},{"not_picked":["Dagger Spray","Dodge and Roll"],"picked":"Infinite Blades","floor":7.0},{"not_picked":["Prepared","Distraction","Dodge and Roll"],"picked":"SKIP","floor":11.0},{"not_picked":["Prepared","Distraction"],"picked":"Dodge and Roll","floor":11.0},{"not_picked":["Dash","Backflip","Skewer"],"picked":"SKIP","floor":13.0},{"not_picked":["Wraith Form v2","Adrenaline"],"picked":"Burst","floor":16.0},{"not_picked":["Underhanded Strike","Dodge and Roll","Heel Hook"],"picked":"SKIP","floor":18.0},{"not_picked":["Outmaneuver","Sucker Punch","Dagger Spray"],"picked":"SKIP","floor":19.0},{"not_picked":["Flying Knee","PiercingWail","Noxious Fumes"],"picked":"SKIP","floor":21.0},{"not_picked":["Calculated Gamble","Underhanded Strike"],"picked":"A Thousand Cuts","floor":24.0},{"not_picked":["Distraction","Outmaneuver"],"picked":"Cloak And Dagger","floor":27.0},{"not_picked":["Crippling Poison","Quick Slash"],"picked":"Blade Dance","floor":28.0},{"not_picked":["Bane","Deadly Poison"],"picked":"Infinite Blades","floor":29.0},{"not_picked":["Catalyst","Blur"],"picked":"Leg Sweep+1","floor":31.0},{"not_picked":["Dagger Spray","Outmaneuver","Underhanded Strike+1"],"picked":"SKIP","floor":35.0},{"not_picked":["Sucker Punch","Deadly Poison+1"],"picked":"Dodge and Roll+1","floor":36.0},{"not_picked":["Blade Dance","Catalyst"],"picked":"Footwork","floor":40},{"not_picked":["Dash","Acrobatics"],"picked":"Prepared","floor":41},{"not_picked":["Backflip","Quick Slash","Backstab"],"picked":"SKIP","floor":42},{"not_picked":["Dagger Spray","Deadly Poison"],"picked":"Deflect","floor":44},{"not_picked":["Backflip+1","Choke","Malaise"],"picked":"SKIP","floor":46},{"not_picked":["Bane","Poisoned Stab"],"picked":"All Out Attack+1","floor":48}],"player_experience":688288,"relics_obtained":[{"floor":7.0,"key":"Bag of Preparation"},{"floor":9.0,"key":"Mummified Hand"},{"floor":24.0,"key":"reliquary:OuijaBoard"},{"floor":26.0,"key":"Meat on the Bone"},{"floor":27.0,"key":"Lizard Tail"},{"floor":27.0,"key":"reliquary:NewFriend"},{"floor":40,"key":"Lantern"},{"floor":42,"key":"Art of War"},{"floor":43,"key":"reliquary:QuartzCube"},{"floor":46,"key":"reliquary:PurpleTingedLeaf"},{"floor":47,"key":"Mango"}],"event_choices":[{"damage_healed":0.0,"max_hp_gain":0.0,"max_hp_loss":0.0,"gold_gain":0.0,"event_name":"Upgrade Shrine","player_choice":"Upgraded","floor":14.0,"gold_loss":0.0,"damage_taken":0.0,"cards_upgraded":["Cloak And Dagger"]},{"damage_healed":0.0,"max_hp_gain":0.0,"max_hp_loss":0.0,"gold_gain":0.0,"event_name":"Colosseum","player_choice":"Fight","floor":27.0,"gold_loss":0.0,"damage_taken":0.0},{"damage_healed":0.0,"max_hp_gain":0.0,"max_hp_loss":0.0,"gold_gain":0.0,"event_name":"Colosseum","player_choice":"Fought Nobs","floor":27.0,"gold_loss":0.0,"damage_taken":0.0},{"damage_healed":0.0,"max_hp_gain":0.0,"max_hp_loss":0.0,"gold_gain":0.0,"event_name":"Tomb of Lord Red Mask","player_choice":"Ignored","floor":37.0,"gold_loss":0.0,"damage_taken":0.0},{"damage_healed":0.0,"max_hp_gain":0.0,"max_hp_loss":0.0,"gold_gain":999.0,"event_name":"MindBloom","player_choice":"Gold","floor":38.0,"gold_loss":0.0,"damage_taken":0.0,"cards_obtained":["Normality","Normality"]},{"damage_healed":0,"gold_gain":0,"player_choice":"Fight","damage_taken":0,"max_hp_gain":0,"max_hp_loss":0,"event_name":"Mysterious Sphere","floor":47,"gold_loss":0}],"is_beta":false,"boss_relics":[{"not_picked":["SacredBark","reliquary:Craggleroot"],"picked":"Runic Pyramid"},{"not_picked":["Cursed Key","Empty Cage"],"picked":"HoveringKite"}],"items_purged_floors":[39],"is_endless":false,"potions_floor_spawned":[1,2,4,7,13,19,27,27,29,35,41,47,48],"ascension_level":18}}