{"host":"ow66nzv2xecjoor3","time":1612935866,"event":{"mods":["BaseMod","Bestiary","Block Reminder","Colored Powertips","Curses Come First","Highlight Path","Keyboard Shortcuts","Minty Spire (QoL Compilation)","Permanent Neow","Relic Stats","StSLib","UnlockEverythingMod"],"gold_per_floor":[114,114,114,133,133,133,149,177,177,20,20,20,48,65,65,139,139,158,158,174,174,8,39,39,66,66,66,66,92,92,106,106,179,179,193,15,30,47,47,79,79,104,104,133,133,143,160,195,195,195,195,195,195,19,46,46,46],"floor_reached":56,"language":"ENG","playtime":3081,"items_purged":["Strike_B","Strike_B"],"score":2583,"play_id":"909b3062-5e4e-4304-b652-e92615bc528f","local_time":"20210209234426","is_ascension_mode":true,"campfire_choices":[{"data":"Barrage","floor":6.0,"key":"SMITH"},{"data":"Loop","floor":15.0,"key":"SMITH"},{"floor":24.0,"key":"REST"},{"floor":27.0,"key":"REST"},{"data":"Defragment","floor":30.0,"key":"SMITH"},{"floor":32.0,"key":"REST"},{"floor":49.0,"key":"RECALL"},{"data":"Loop","floor":53.0,"key":"SMITH"}],"circlet_count":0,"master_deck":["AscendersBane","Strike_B","Defend_B","Defend_B","Defend_B","Defend_B","Zap","Dualcast+1","Rainbow+1","Barrage+1","Compile Driver","Conserve Battery+1","Core Surge","Aggregate+1","Loop+1","Multi-Cast","Redo","Defragment+1","Stack+1","Turbo+1","Undo+1","All For One","Coolheaded+1","Meteor Strike","Conserve Battery+1","Conserve Battery+1","Coolheaded+1","Double Energy+1","Recycle+1","Doom and Gloom","Conserve Battery+1","Loop+1","Echo Form","Stack+1"],"relics":["Cracked Core","Meat on the Bone","Bottled Lightning","Lee\u0027s Waffle","Pen Nib","Darkstone Periapt","Ice Cream","Snecko Eye","Membership Card","Toxic Egg 2","Letter Opener","Mercury Hourglass","Happy Flower","Nuclear Battery","Frozen Eye","TungstenRod","FossilizedHelix","Vajra","Blood Vial","War Paint","Bag of Preparation","Anchor"],"acts_visited":["Exordium","TheCity","TheBeyond","TheEnding"],"potions_floor_usage":[56,56],"damage_taken":[{"damage":0.0,"enemies":"Cultist","floor":1.0,"turns":4.0},{"damage":0.0,"enemies":"2 Louse","floor":4.0,"turns":2.0},{"damage":7.0,"enemies":"Jaw Worm","floor":7.0,"turns":3.0},{"damage":8.0,"enemies":"Lagavulin","floor":8.0,"turns":5.0},{"damage":40.0,"enemies":"Gremlin Nob","floor":13.0,"turns":4.0},{"damage":14.0,"enemies":"Blue Slaver","floor":14.0,"turns":4.0},{"damage":2.0,"enemies":"Slime Boss","floor":16.0,"turns":6.0},{"damage":29.0,"enemies":"2 Thieves","floor":18.0,"turns":3.0},{"damage":33.0,"enemies":"Chosen","floor":20.0,"turns":4.0},{"damage":52.0,"enemies":"Slavers","floor":23.0,"turns":6.0},{"damage":26.0,"enemies":"Book of Stabbing","floor":25.0,"turns":3.0},{"damage":34.0,"enemies":"Slavers","floor":29.0,"turns":4.0},{"damage":20.0,"enemies":"Snake Plant","floor":31.0,"turns":3.0},{"damage":4.0,"enemies":"Champ","floor":33.0,"turns":8.0},{"damage":0.0,"enemies":"3 Darklings","floor":35.0,"turns":3.0},{"damage":0.0,"enemies":"3 Shapes","floor":37.0,"turns":3.0},{"damage":3.0,"enemies":"Writhing Mass","floor":38.0,"turns":6.0},{"damage":13.0,"enemies":"Nemesis","floor":40.0,"turns":9.0},{"damage":3.0,"enemies":"Reptomancer","floor":42.0,"turns":6.0},{"damage":0.0,"enemies":"Nemesis","floor":44.0,"turns":5.0},{"damage":0.0,"enemies":"Spire Growth","floor":46.0,"turns":3.0},{"damage":0.0,"enemies":"4 Shapes","floor":47.0,"turns":2.0},{"damage":0.0,"enemies":"Reptomancer","floor":48.0,"turns":4.0},{"damage":0.0,"enemies":"Awakened One","floor":50.0,"turns":9.0},{"damage":0.0,"enemies":"Time Eater","floor":51.0,"turns":9.0},{"damage":9.0,"enemies":"Shield and Spear","floor":55.0,"turns":7.0},{"damage":82,"enemies":"The Heart","floor":56,"turns":5}],"seed_played":"-425240319706657166","potions_obtained":[{"floor":13.0,"key":"CultistPotion"},{"floor":14.0,"key":"PowerPotion"},{"floor":20.0,"key":"FairyPotion"},{"floor":23.0,"key":"Dexterity Potion"},{"floor":29.0,"key":"Strength Potion"},{"floor":33.0,"key":"Weak Potion"},{"floor":38.0,"key":"PowerPotion"}],"is_trial":false,"path_per_floor":["M","?","?","M","T","R","M","E","T","$","?","T","E","M","R","B",null,"M","?","M","?","$","E","R","E","T","R","?","E","R","M","R","B",null,"M","$","M","M","?","E","?","E","T","E","?","M","M","E","R","B","B",null,"R","$","E","B"],"character_chosen":"DEFECT","items_purchased":["Lee\u0027s Waffle","Membership Card","Frozen Eye","Conserve Battery+1","Coolheaded+1","PotionOfCapacity","Bag of Preparation"],"campfire_rested":3,"item_purchase_floors":[10,22,36,36,36,54,54],"current_hp_per_floor":[46,46,39,39,39,39,44,36,36,78,78,78,50,48,48,46,70,41,41,20,26,26,15,40,26,26,51,51,29,29,21,46,54,77,77,77,77,74,74,61,61,58,58,58,58,60,62,64,64,66,68,77,77,77,70,0,0],"gold":46,"neow_bonus":"THREE_RARE_CARDS","is_daily":false,"chose_seed":false,"campfire_upgraded":4,"win_rate":0.0,"timestamp":1612935866,"path_taken":["M","?","?","M","?","R","M","E","T","?","?","?","E","M","R","BOSS","M","?","M","?","$","E","R","E","T","R","?","E","R","M","R","BOSS","M","$","M","M","?","E","?","E","T","E","?","M","M","E","R","BOSS","BOSS","R","$","E","BOSS"],"items_purchased_type":["Relic","Relic","Relic","Card","Card","Potion","Relic"],"build_version":"2020-12-22","purchased_purges":2,"victory":false,"max_hp_per_floor":[71,71,71,71,71,71,71,71,71,78,78,78,78,78,78,78,78,78,78,78,84,84,84,84,84,84,84,84,84,84,84,84,84,84,84,84,84,84,84,84,80,80,80,80,80,80,80,80,80,80,80,80,80,80,80,80,80],"relic_stats":{"Darkstone Periapt":6,"Lee\u0027s Waffle":42,"Happy Flower":[27],"counters":[27,127],"Pen Nib":[17],"Bag of Preparation":[4],"Letter Opener":[492],"War Paint":["Aggregate","Dualcast"],"Mercury Hourglass":[300],"Blood Vial":14,"Snecko Eye":[200,165,172,161],"obtain_stats":[{"Darkstone Periapt":12,"Ice Cream":13,"Lee\u0027s Waffle":10,"Happy Flower":29,"Vajra":43,"Pen Nib":11,"Bag of Preparation":54,"Letter Opener":25,"War Paint":48,"Mercury Hourglass":26,"Nuclear Battery":34,"Blood Vial":44,"Frozen Eye":36,"Anchor":55,"Snecko Eye":17,"Bottled Lightning":8,"Membership Card":22,"Toxic Egg 2":23,"Cracked Core":0,"TungstenRod":40,"FossilizedHelix":42,"Meat on the Bone":5},{"Darkstone Periapt":4,"Ice Cream":5,"Lee\u0027s Waffle":4,"Happy Flower":12,"Vajra":19,"Pen Nib":4,"Bag of Preparation":25,"Letter Opener":11,"War Paint":23,"Mercury Hourglass":11,"Nuclear Battery":14,"Blood Vial":20,"Frozen Eye":15,"Anchor":26,"Snecko Eye":7,"Bottled Lightning":4,"Membership Card":9,"Toxic Egg 2":10,"Cracked Core":0,"TungstenRod":18,"FossilizedHelix":19,"Meat on the Bone":2},{"Darkstone Periapt":14,"Ice Cream":18,"Lee\u0027s Waffle":14,"Happy Flower":47,"Vajra":83,"Pen Nib":14,"Bag of Preparation":115,"Letter Opener":43,"War Paint":97,"Mercury Hourglass":43,"Nuclear Battery":58,"Blood Vial":88,"Frozen Eye":60,"Anchor":122,"Snecko Eye":27,"Bottled Lightning":14,"Membership Card":34,"Toxic Egg 2":40,"Cracked Core":0,"TungstenRod":77,"FossilizedHelix":83,"Meat on the Bone":6}],"TungstenRod":19,"Meat on the Bone":108},"card_choices":[{"not_picked":["Creative AI","Reboot"],"picked":"Rainbow","floor":0.0},{"not_picked":["Gash","Leap"],"picked":"Barrage","floor":1.0},{"not_picked":["Sweeping Beam","Beam Cell"],"picked":"Compile Driver","floor":4.0},{"not_picked":["Sweeping Beam","Beam Cell"],"picked":"Conserve Battery","floor":7.0},{"not_picked":["Rebound","Go for the Eyes"],"picked":"Core Surge","floor":8.0},{"not_picked":["Leap","Turbo"],"picked":"Aggregate","floor":13.0},{"not_picked":["Cold Snap","Conserve Battery"],"picked":"Loop","floor":14.0},{"not_picked":["Thunder Strike","Hyperbeam"],"picked":"Multi-Cast","floor":16.0},{"not_picked":["Sweeping Beam","Ball Lightning"],"picked":"Redo","floor":18.0},{"not_picked":["Beam Cell","Cold Snap"],"picked":"Stack+1","floor":20.0},{"not_picked":["Compile Driver","Gash"],"picked":"Turbo+1","floor":23.0},{"not_picked":["Streamline","Meteor Strike"],"picked":"Undo+1","floor":25.0},{"not_picked":["White Noise+1","Turbo+1"],"picked":"All For One","floor":29.0},{"not_picked":["Defragment","Turbo+1"],"picked":"Coolheaded+1","floor":31.0},{"not_picked":["Rainbow+1","Machine Learning"],"picked":"Meteor Strike","floor":33.0},{"not_picked":["Leap+1","Sweeping Beam"],"picked":"Conserve Battery+1","floor":35.0},{"not_picked":["Streamline","Rebound","Steam Power+1"],"picked":"SKIP","floor":37.0},{"not_picked":["Redo+1","Go for the Eyes"],"picked":"Double Energy+1","floor":38.0},{"not_picked":["Gash","Barrage"],"picked":"Recycle+1","floor":40.0},{"not_picked":["Sweeping Beam","Barrage"],"picked":"Doom and Gloom","floor":42.0},{"not_picked":["Chill+1","Streamline","FTL"],"picked":"SKIP","floor":44.0},{"not_picked":["Rebound+1","Sweeping Beam"],"picked":"Conserve Battery+1","floor":46.0},{"not_picked":["Turbo+1","Gash"],"picked":"Loop","floor":47.0},{"not_picked":["Sunder+1","Streamline"],"picked":"Echo Form","floor":48.0},{"not_picked":["Redo+1","Static Discharge"],"picked":"Stack+1","floor":55.0}],"player_experience":2828344,"relics_obtained":[{"floor":5.0,"key":"Meat on the Bone"},{"floor":8.0,"key":"Bottled Lightning"},{"floor":12.0,"key":"Darkstone Periapt"},{"floor":13.0,"key":"Ice Cream"},{"floor":23.0,"key":"Toxic Egg 2"},{"floor":25.0,"key":"Letter Opener"},{"floor":26.0,"key":"Mercury Hourglass"},{"floor":29.0,"key":"Happy Flower"},{"floor":40.0,"key":"TungstenRod"},{"floor":42.0,"key":"FossilizedHelix"},{"floor":43.0,"key":"Vajra"},{"floor":44.0,"key":"Blood Vial"},{"floor":48.0,"key":"War Paint"},{"floor":55.0,"key":"Anchor"}],"event_choices":[{"damage_healed":0.0,"max_hp_gain":0.0,"max_hp_loss":0.0,"gold_gain":0.0,"event_name":"Living Wall","player_choice":"Grow","floor":2.0,"gold_loss":0.0,"damage_taken":0.0,"cards_upgraded":["Rainbow"]},{"cards_removed":["Strike_B"],"damage_healed":0.0,"max_hp_gain":0.0,"max_hp_loss":0.0,"gold_gain":0.0,"event_name":"Golden Wing","player_choice":"Card Removal","floor":3.0,"gold_loss":0.0,"damage_taken":7.0},{"damage_healed":0.0,"max_hp_gain":0.0,"max_hp_loss":0.0,"gold_gain":0.0,"event_name":"Big Fish","player_choice":"Box","floor":11.0,"gold_loss":0.0,"damage_taken":0.0,"relics_obtained":["Pen Nib"],"cards_obtained":["Regret"]},{"damage_healed":0.0,"max_hp_gain":0.0,"max_hp_loss":0.0,"gold_gain":0.0,"event_name":"The Library","player_choice":"Read","floor":19.0,"gold_loss":0.0,"damage_taken":0.0,"cards_obtained":["Defragment"]},{"damage_healed":0.0,"max_hp_gain":0.0,"max_hp_loss":0.0,"gold_gain":0.0,"event_name":"Forgotten Altar","player_choice":"Smashed Altar","floor":21.0,"gold_loss":0.0,"damage_taken":0.0,"cards_obtained":["Decay"]},{"cards_removed":["Decay","Regret"],"damage_healed":0.0,"max_hp_gain":0.0,"max_hp_loss":0.0,"gold_gain":0.0,"event_name":"Fountain of Cleansing","player_choice":"Removed Curses","floor":28.0,"gold_loss":0.0,"damage_taken":0.0},{"damage_healed":0.0,"max_hp_gain":0.0,"max_hp_loss":0.0,"gold_gain":0.0,"event_name":"SensoryStone","player_choice":"Memory 1","floor":39.0,"gold_loss":0.0,"damage_taken":0.0},{"damage_healed":0.0,"max_hp_gain":0.0,"max_hp_loss":4.0,"gold_gain":0.0,"event_name":"Winding Halls","player_choice":"Max HP","floor":41.0,"gold_loss":0.0,"damage_taken":0.0},{"damage_healed":0.0,"max_hp_gain":0.0,"max_hp_loss":0.0,"gold_gain":0.0,"event_name":"Accursed Blacksmith","player_choice":"Forge","floor":45.0,"gold_loss":0.0,"damage_taken":0.0,"cards_upgraded":["Conserve Battery"]}],"is_beta":false,"boss_relics":[{"not_picked":["Calling Bell","Fusion Hammer"],"picked":"Snecko Eye"},{"not_picked":["Coffee Dripper","SacredBark"],"picked":"Nuclear Battery"}],"items_purged_floors":[36,54],"is_endless":false,"potions_floor_spawned":[13,14,20,23,29,33,35,38,42,47,55],"killed_by":"The Heart","ascension_level":20}}