{"host":"5rycm1ajjg5acc5q","time":1612917237,"event":{"mods":["BaseMod","Better Third Choice","Downfall","Highlight Path","Minty Spire (QoL Compilation)","Replay The Spire","StSLib"],"gold_per_floor":[99,117,128,128,145,145,172,97,110,129,79,64,14,33,47,149,149,99,119,129,129,129,139,184,244,244,244,244],"floor_reached":26,"language":"ENG","playtime":4223,"items_purged":["Regret"],"score":200,"play_id":"4bcee14b-af4b-44f8-97d5-62f9519ed1d6","local_time":"20210209183357","is_ascension_mode":false,"campfire_choices":[{"data":"Slimebound:Split","floor":1,"key":"SMITH"},{"data":"Slimebound:MassRepurpose","floor":6,"key":"SMITH"},{"data":"Slimebound:Overexert","floor":11,"key":"SMITH"},{"data":"Slimebound:ProtectTheBoss","floor":13,"key":"SMITH"},{"data":"Slimebound:Overexert","floor":18,"key":"SMITH"}],"circlet_count":0,"master_deck":["Slimebound:Strike_Slimebound","Slimebound:Tackle","Slimebound:Defend_Slimebound","Slimebound:Defend_Slimebound","Slimebound:Defend_Slimebound","Slimebound:Defend_Slimebound","Slimebound:Split+1","Slimebound:CorrosiveSpit","Slimebound:Overexert+1","Slimebound:SplitMire","Slimebound:SplitBruiser","Slimebound:MassRepurpose+1","Slimebound:SlimeTap","Slimebound:ProtectTheBoss+1","Slimebound:OozeBath","Slimebound:ServeAndProtect","Slimebound:SlimeBarrage+1","Slimebound:Overexert+1","Slimebound:SplitMire","Slimebound:Dissolve+1","Slimebound:DuplicatedForm","Slimebound:Schlurp","Slimebound:LevelUp","Slimebound:Teamwork","ReplayTheSpireMod:Restless Dread"],"relics":["Slimebound:AbsorbEndCombat","Torii","Slimebound:GreedOozeRelic","Black Star","ReplayTheSpireMod:TigerMarble","ReplayTheSpireMod:CursedCoin"],"acts_visited":["Exordium","TheCity"],"potions_floor_usage":[12,12,16,26],"damage_taken":[{"damage":10,"enemies":"Cultist","floor":2,"turns":4},{"damage":1,"enemies":"Jaw Worm","floor":3,"turns":3},{"damage":0,"enemies":"2 Louse","floor":5,"turns":2},{"damage":11,"enemies":"Gremlin Gang","floor":9,"turns":2},{"damage":1,"enemies":"2 Fungi Beasts","floor":10,"turns":3},{"damage":4,"enemies":"downfall:FleeingMerchant","floor":12,"turns":4},{"damage":0,"enemies":"Exordium Wildlife","floor":14,"turns":2},{"damage":7,"enemies":"Blue Slaver","floor":15,"turns":3},{"damage":51,"enemies":"WA_ARCHETYPE_RETAIN","floor":16,"turns":8},{"damage":11,"enemies":"Shell Parasite","floor":19,"turns":5},{"damage":0,"enemies":"Spheric Guardian","floor":20,"turns":3},{"damage":14,"enemies":"3 Cultists","floor":23,"turns":3},{"damage":6,"enemies":"downfall:FleeingMerchant","floor":25,"turns":4},{"damage":43,"enemies":"Book of Stabbing","floor":26,"turns":3}],"seed_played":"1454980952519641857","potions_obtained":[{"floor":3,"key":"DistilledChaos"},{"floor":10,"key":"Energy Potion"},{"floor":14,"key":"Languid Potion"},{"floor":20,"key":"Dexterity Potion"}],"is_trial":false,"path_per_floor":["R","M","M","?","M","R","T","?","M","M","R","$","R","M","M","B",null,"R","M","M","?","?","M","T","$","E"],"character_chosen":"SLIMEBOUND","items_purchased":["ReplayTheSpireMod:CursedCoin"],"campfire_rested":0,"item_purchase_floors":[25],"current_hp_per_floor":[65,58,59,59,61,61,61,61,50,49,49,51,51,51,46,3,65,65,56,56,56,56,42,42,40,0,0,0],"gold":244,"neow_bonus":"ONE_RANDOM_RARE_CARD","is_daily":false,"chose_seed":false,"campfire_upgraded":5,"win_rate":0.0,"timestamp":1612917237,"path_taken":["R","M","M","?","M","R","T","?","M","M","R","$","R","M","M","BOSS","R","M","M","?","?","?","T","$","E"],"items_purchased_type":["Relic"],"build_version":"2020-12-22","purchased_purges":1,"victory":false,"max_hp_per_floor":[65,65,65,65,65,65,65,65,65,65,65,65,65,65,65,65,65,65,65,65,65,65,65,65,65,65,65,65],"card_choices":[{"not_picked":["Slimebound:FinishingTackle","Slimebound:RejuvenatingLick"],"picked":"Slimebound:SplitMire","floor":2},{"not_picked":["Slimebound:Prepare","Slimebound:LivingWall"],"picked":"Slimebound:SplitBruiser","floor":3},{"not_picked":["Slimebound:GoopSpray","Slimebound:Equalize"],"picked":"Slimebound:MassRepurpose","floor":5},{"not_picked":["Slimebound:ComboTackle","Slimebound:ViciousTackle"],"picked":"Slimebound:SlimeTap","floor":9},{"not_picked":["Slimebound:GoopSpray","Slimebound:DisruptingSlam"],"picked":"Slimebound:ProtectTheBoss","floor":10},{"not_picked":["Slimebound:SamplingLick","Slimebound:HauntingLick"],"picked":"Slimebound:OozeBath","floor":12},{"not_picked":["Slimebound:FinishingTackle","Slimebound:HauntingLick"],"picked":"Slimebound:ServeAndProtect","floor":14},{"not_picked":["Slimebound:FormOfPuddle","Slimebound:GoopTackle"],"picked":"Slimebound:SlimeBarrage","floor":15},{"not_picked":["Slimebound:OneTwoCombo","Slimebound:OozeBath"],"picked":"Slimebound:Overexert","floor":16},{"not_picked":["Slimebound:SlimeSpikes","Slimebound:LeechEnergy"],"picked":"Slimebound:SplitMire","floor":19},{"not_picked":["Slimebound:SlimeSpikes","Slimebound:DisruptingSlam+1"],"picked":"Slimebound:Dissolve+1","floor":20},{"not_picked":["Slimebound:ComboTackle+1","Slimebound:DisruptingSlam"],"picked":"Slimebound:LevelUp","floor":23},{"not_picked":["Slimebound:SpikyOuterGoop","Slimebound:LevelUp"],"picked":"Slimebound:Teamwork","floor":25}],"player_experience":376033,"relics_obtained":[{"floor":24,"key":"ReplayTheSpireMod:TigerMarble"}],"event_choices":[{"damage_healed":0,"gold_gain":0,"player_choice":"Box","damage_taken":0,"relics_obtained":["Torii"],"max_hp_gain":0,"max_hp_loss":0,"event_name":"Big Fish","floor":4,"gold_loss":0,"cards_obtained":["Regret"]},{"damage_healed":0,"gold_gain":0,"cards_transformed":["Slimebound:Strike_Slimebound","Slimebound:Strike_Slimebound"],"player_choice":"Became Test Subject","damage_taken":0,"max_hp_gain":0,"max_hp_loss":0,"event_name":"Drug Dealer","floor":21,"gold_loss":0,"cards_obtained":["Slimebound:DuplicatedForm","Slimebound:Schlurp"]}],"is_beta":false,"boss_relics":[{"not_picked":["Runic Pyramid","Snecko Eye"],"picked":"Black Star"}],"items_purged_floors":[25],"is_endless":false,"potions_floor_spawned":[3,10,14,20],"killed_by":"Book of Stabbing","ascension_level":0}}