{"host":"cy3pd5cut10e7v8y","time":1612996484,"event":{"mods":["AchievementEnabler","Act Like it!","BaseMod","Colored Map","Colored Powertips","Koishi","Minty Spire (QoL Compilation)","StSLib","The Animator","Waifu the Spire"],"gold_per_floor":[121,308,339,451,463,475,512,524,584,609,621,647,659,388,388,490,490,480,507,524,524,524,524,539,558,605,377,396,239,254,265,265,265,265],"floor_reached":33,"language":"ENG","playtime":1636,"items_purged":["Doubt"],"score":272,"play_id":"5fd0dd74-cdf8-4290-b9c4-c8254e23ccdc","local_time":"20210210233444","is_ascension_mode":false,"campfire_choices":[{"data":"Neutralize","floor":6,"key":"SMITH"},{"floor":8,"key":"REST"},{"data":"Deadly Poison","floor":11,"key":"SMITH"},{"floor":15,"key":"REST"},{"data":"Burst","floor":23,"key":"SMITH"},{"data":"Phantasmal Killer","floor":32,"key":"SMITH"}],"circlet_count":0,"master_deck":["Defend_G","Defend_G","Defend_G","Defend_G","Survivor","Neutralize+1","Deadly Poison+1","Well Laid Plans","Poisoned Stab","Burst+1","Deadly Poison","Bane","Bite","Bite","Bite","Bite","Bite","Bane+1","Footwork","Blur","Phantasmal Killer+1"],"relics":["Ring of the Snake","MawBank","Mummified Hand","Toy Ornithopter","TwistedFunnel","WristBlade","Red Mask","Bag of Marbles","Orichalcum","Oddly Smooth Stone"],"acts_visited":["Exordium","TheCity"],"potions_floor_usage":[7,18,19,20,25,33,33],"damage_taken":[{"damage":0,"enemies":"Small Slimes","floor":1,"turns":3},{"damage":1,"enemies":"Cultist","floor":3,"turns":4},{"damage":35,"enemies":"3 Sentries","floor":7,"turns":14},{"damage":1,"enemies":"Jaw Worm","floor":10,"turns":5},{"damage":21,"enemies":"Exordium Thugs","floor":12,"turns":6},{"damage":27,"enemies":"The Guardian","floor":16,"turns":9},{"damage":17,"enemies":"2 Thieves","floor":18,"turns":4},{"damage":28,"enemies":"Masked Bandits","floor":19,"turns":5},{"damage":9,"enemies":"3 Byrds","floor":20,"turns":4},{"damage":20,"enemies":"3 Cultists","floor":24,"turns":5},{"damage":10,"enemies":"Snake Plant","floor":25,"turns":3},{"damage":4,"enemies":"Sentry and Sphere","floor":28,"turns":3},{"damage":7,"enemies":"Chosen and Byrds","floor":30,"turns":5},{"damage":8,"enemies":"3 Cultists","floor":31,"turns":5},{"damage":14,"enemies":"Automaton","floor":33,"turns":6}],"seed_played":"4079896217791842901","potions_obtained":[{"floor":1,"key":"FearPotion"},{"floor":7,"key":"Energy Potion"},{"floor":12,"key":"Regen Potion"},{"floor":13,"key":"Weak Potion"},{"floor":13,"key":"Block Potion"},{"floor":19,"key":"SneckoOil"},{"floor":20,"key":"LiquidBronze"},{"floor":25,"key":"SpeedPotion"},{"floor":28,"key":"Swift Potion"},{"floor":30,"key":"SkillPotion"}],"is_trial":false,"path_per_floor":["M","?","M","?","$","R","E","R","T","M","R","M","?","$","R","B",null,"M","?","M","?","?","R","M","M","T","$","M","$","M","M","R","B"],"character_chosen":"THE_SILENT","items_purchased":["TwistedFunnel","Poisoned Stab","Footwork","Orichalcum","Oddly Smooth Stone"],"campfire_rested":2,"item_purchase_floors":[14,14,27,27,29],"current_hp_per_floor":[70,70,69,69,69,69,34,55,55,54,54,33,33,33,54,27,70,53,45,41,41,41,41,29,32,32,32,32,32,35,41,41,37,37],"gold":265,"neow_bonus":"RANDOM_COMMON_RELIC","is_daily":false,"chose_seed":false,"campfire_upgraded":4,"win_rate":0.0,"timestamp":1612996484,"path_taken":["M","?","M","?","$","R","E","R","T","?","R","M","?","?","R","BOSS","M","?","M","?","?","R","?","?","T","$","M","$","M","M","R","BOSS"],"items_purchased_type":["Relic","Card","Card","Relic","Relic"],"build_version":"2020-12-22","purchased_purges":1,"victory":false,"max_hp_per_floor":[70,70,70,70,70,70,70,70,70,70,70,70,70,70,70,70,70,70,70,70,49,49,49,49,49,49,49,49,49,49,49,49,49,49],"card_choices":[{"not_picked":["Eviscerate","Deflect","Finisher"],"picked":"SKIP","floor":1},{"not_picked":["Flying Knee","Well Laid Plans"],"picked":"Deadly Poison","floor":3},{"not_picked":["Outmaneuver","Backflip","Deflect"],"picked":"SKIP","floor":7},{"not_picked":["Infinite Blades","Endless Agony","Tactician"],"picked":"SKIP","floor":10},{"not_picked":["Expertise","Accuracy"],"picked":"Well Laid Plans","floor":12},{"not_picked":["Unload","Wraith Form v2"],"picked":"Burst","floor":16},{"not_picked":["Heel Hook","Acrobatics"],"picked":"Deadly Poison","floor":18},{"not_picked":["Flechettes","Deflect"],"picked":"Bane","floor":20},{"not_picked":["Dagger Throw","Outmaneuver","Reflex"],"picked":"SKIP","floor":24},{"not_picked":["Reflex","Calculated Gamble"],"picked":"Bane+1","floor":25},{"not_picked":["Blade Dance+1","Reflex","Calculated Gamble+1"],"picked":"SKIP","floor":28},{"not_picked":["Sucker Punch","Terror"],"picked":"Blur","floor":30},{"not_picked":["Outmaneuver","Deflect"],"picked":"Phantasmal Killer","floor":31}],"player_experience":181234,"relics_obtained":[{"floor":7,"key":"Mummified Hand"},{"floor":9,"key":"Toy Ornithopter"},{"floor":19,"key":"Red Mask"},{"floor":26,"key":"Bag of Marbles"}],"event_choices":[{"damage_healed":0,"gold_gain":175,"player_choice":"AGREE","damage_taken":0,"max_hp_gain":0,"max_hp_loss":0,"event_name":"Liars Game","floor":2,"gold_loss":0,"cards_obtained":["Doubt"]},{"damage_healed":0,"gold_gain":100,"player_choice":"Pray","damage_taken":0,"max_hp_gain":0,"max_hp_loss":0,"event_name":"Golden Shrine","floor":4,"gold_loss":0},{"damage_healed":0,"gold_gain":0,"player_choice":"Got Potions","damage_taken":0,"max_hp_gain":0,"max_hp_loss":0,"event_name":"Lab","floor":13,"gold_loss":0},{"damage_healed":0,"gold_gain":0,"player_choice":"Fought Bandits","damage_taken":0,"max_hp_gain":0,"max_hp_loss":0,"event_name":"Masked Bandits","floor":19,"gold_loss":0},{"damage_healed":0,"gold_gain":0,"player_choice":"Became a vampire","damage_taken":0,"max_hp_gain":0,"max_hp_loss":21,"event_name":"Vampires","floor":21,"gold_loss":0,"cards_obtained":["Bite","Bite","Bite","Bite","Bite"]},{"cards_removed":["Defend_G"],"damage_healed":0,"gold_gain":0,"player_choice":"Purged","damage_taken":0,"max_hp_gain":0,"max_hp_loss":0,"event_name":"Purifier","floor":22,"gold_loss":0}],"is_beta":false,"boss_relics":[{"not_picked":["Snecko Eye","Ectoplasm"],"picked":"WristBlade"}],"items_purged_floors":[14],"is_endless":false,"potions_floor_spawned":[1,7,12,19,20,25,28,30],"killed_by":"Automaton","ascension_level":0}}