{"host":"l4kdldlios54gl54","time":1612998837,"event":{"mods":["AchievementEnabler","BaseMod","Colored Map","Colored Powertips","Minty Spire (QoL Compilation)","Random Character Button"],"gold_per_floor":[110,125,135,154,173,173,200,216,216,216,64,64,64,89,89,89,89],"floor_reached":16,"language":"ENG","playtime":691,"items_purged":["Strike_R"],"score":224,"play_id":"815537b4-981e-4357-b8e7-699bbc2477fb","local_time":"20210211001357","is_ascension_mode":true,"campfire_choices":[{"data":"Fiend Fire","floor":6,"key":"SMITH"},{"data":"Cleave","floor":10,"key":"SMITH"},{"floor":13,"key":"REST"},{"floor":15,"key":"REST"}],"circlet_count":0,"master_deck":["AscendersBane","Strike_R","Strike_R","Strike_R","Defend_R","Defend_R","Defend_R","Defend_R","Bash","Juggernaut","Cleave+1","Fiend Fire+1","Shrug It Off","Cleave","True Grit","Spot Weakness"],"relics":["Burning Blood","Happy Flower","HornCleat","Self Forming Clay"],"acts_visited":["Exordium"],"potions_floor_usage":[7,8,16],"damage_taken":[{"damage":2,"enemies":"Cultist","floor":1,"turns":4},{"damage":1,"enemies":"2 Louse","floor":2,"turns":3},{"damage":3,"enemies":"Small Slimes","floor":3,"turns":3},{"damage":16,"enemies":"Blue Slaver","floor":4,"turns":4},{"damage":9,"enemies":"Lots of Slimes","floor":5,"turns":3},{"damage":40,"enemies":"Lagavulin","floor":7,"turns":6},{"damage":17,"enemies":"Gremlin Gang","floor":8,"turns":4},{"damage":5,"enemies":"3 Sentries","floor":14,"turns":5},{"damage":73,"enemies":"The Guardian","floor":16,"turns":12}],"seed_played":"1230358983383693976","potions_obtained":[{"floor":3,"key":"SkillPotion"},{"floor":7,"key":"AttackPotion"},{"floor":14,"key":"SkillPotion"}],"is_trial":false,"path_per_floor":["M","M","M","M","M","R","E","M","T","R","$","?","R","E","R","B"],"character_chosen":"IRONCLAD","items_purchased":["Spot Weakness"],"campfire_rested":2,"item_purchase_floors":[11],"current_hp_per_floor":[72,75,75,65,62,62,28,17,17,17,17,17,39,40,62,0,0],"gold":89,"neow_bonus":"ONE_RANDOM_RARE_CARD","is_daily":false,"chose_seed":false,"campfire_upgraded":2,"win_rate":0.0,"timestamp":1612998837,"path_taken":["M","M","M","M","M","R","E","?","T","R","$","?","R","E","R","BOSS"],"items_purchased_type":["Card"],"build_version":"2020-12-22","purchased_purges":1,"victory":false,"max_hp_per_floor":[75,75,75,75,75,75,75,75,75,75,75,75,75,75,75,75,75],"card_choices":[{"not_picked":["Havoc","Thunderclap"],"picked":"Cleave","floor":1},{"not_picked":["Thunderclap","Warcry","Sentinel"],"picked":"SKIP","floor":2},{"not_picked":["Blood for Blood","Wild Strike"],"picked":"Fiend Fire","floor":3},{"not_picked":["Iron Wave","Dual Wield"],"picked":"Shrug It Off","floor":4},{"not_picked":["Clothesline","Pommel Strike","Body Slam"],"picked":"SKIP","floor":5},{"not_picked":["Body Slam","Thunderclap"],"picked":"Cleave","floor":7},{"not_picked":["Blood for Blood","Barricade"],"picked":"True Grit","floor":8},{"not_picked":["Cleave","Sword Boomerang","Second Wind"],"picked":"SKIP","floor":14}],"player_experience":901376,"relics_obtained":[{"floor":7,"key":"Happy Flower"},{"floor":9,"key":"HornCleat"},{"floor":14,"key":"Self Forming Clay"}],"event_choices":[{"cards_removed":["Strike_R"],"damage_healed":0,"gold_gain":0,"player_choice":"Card Removal","damage_taken":0,"max_hp_gain":0,"max_hp_loss":0,"event_name":"Wheel of Change","floor":12,"gold_loss":0}],"is_beta":false,"boss_relics":[],"items_purged_floors":[11],"is_endless":false,"potions_floor_spawned":[3,7,14],"killed_by":"The Guardian","ascension_level":20}}