{"host":"2wfkxmfk74kgfdwc","time":1612977505,"event":{"mods":["BaseMod","Colored Map","Colored Powertips","Minty Spire (QoL Compilation)","Permanent Neow","Quick Restart","Relic Filter Mod","Relic Stats","Reliquary","Spire Arcade","StSLib","óô»ðÖ¸ÄÏ"],"gold_per_floor":[116,126,51,51,51,61,94,109,109,135,135,135,85,109,109,232,232,245,268,268,168,189,189,189],"floor_reached":23,"language":"ZHS","playtime":485,"items_purged":["Strike_R","Strike_R"],"score":281,"play_id":"ece8ecbe-ede5-4c4d-a332-ad036c09473c","local_time":"20210211011825","is_ascension_mode":true,"campfire_choices":[{"floor":11.0,"key":"REST"},{"data":"Fire Breathing","floor":15.0,"key":"SMITH"}],"circlet_count":0,"master_deck":["Defend_R","Defend_R","Defend_R","Defend_R","Bash","Immolate","Fire Breathing+1","Pummel","Shrug It Off","Double Tap","Shrug It Off","True Grit+1"],"relics":["Burning Blood","Matryoshka","Boot","Unceasing Top","reliquary:Firecrackers","Golden Idol","Runic Pyramid","Enchiridion"],"acts_visited":["Exordium","TheCity"],"potions_floor_usage":[23],"damage_taken":[{"damage":2.0,"enemies":"Jaw Worm","floor":1.0,"turns":3.0},{"damage":0.0,"enemies":"Small Slimes","floor":2.0,"turns":2.0},{"damage":0.0,"enemies":"2 Louse","floor":6.0,"turns":1.0},{"damage":49.0,"enemies":"Lagavulin","floor":7.0,"turns":6.0},{"damage":0.0,"enemies":"Large Slime","floor":8.0,"turns":3.0},{"damage":24.0,"enemies":"Gremlin Nob","floor":10.0,"turns":4.0},{"damage":3.0,"enemies":"Looter","floor":14.0,"turns":2.0},{"damage":37.0,"enemies":"Hexaghost","floor":16.0,"turns":10.0},{"damage":6.0,"enemies":"Spheric Guardian","floor":18.0,"turns":3.0},{"damage":26.0,"enemies":"2 Thieves","floor":19.0,"turns":3.0},{"damage":0.0,"enemies":"3 Cultists","floor":22.0,"turns":3.0},{"damage":7,"enemies":"Slavers","floor":23,"turns":2}],"seed_played":"1212809255422340998","potions_obtained":[{"floor":6.0,"key":"BlessingOfTheForge"},{"floor":8.0,"key":"Block Potion"},{"floor":10.0,"key":"Block Potion"},{"floor":19.0,"key":"Block Potion"},{"floor":22.0,"key":"AttackPotion"}],"is_trial":false,"path_per_floor":["M","M","$","?","?","M","E","M","T","E","R","?","?","M","R","B",null,"M","M","?","$","M","E"],"character_chosen":"IRONCLAD","items_purchased":[],"campfire_rested":1,"item_purchase_floors":[],"current_hp_per_floor":[72,72,72,72,65,71,28,34,34,16,37,37,37,40,40,9,53,53,33,17,17,23,16,16],"gold":189,"neow_bonus":"THREE_RARE_CARDS","is_daily":false,"chose_seed":false,"campfire_upgraded":1,"win_rate":0.0,"timestamp":1612977505,"path_taken":["M","M","$","?","?","M","E","M","T","E","R","?","?","M","R","BOSS","M","M","?","$","M","E"],"items_purchased_type":[],"build_version":"2020-12-22","purchased_purges":2,"victory":false,"max_hp_per_floor":[72,72,72,72,72,72,72,72,72,72,72,67,67,67,67,67,67,67,67,67,67,67,67,67],"relic_stats":{"counters":[12,41],"Golden Idol":42,"Boot":[42],"obtain_stats":[{"Matryoshka":7,"Golden Idol":12,"reliquary:Firecrackers":10,"Enchiridion":20,"Boot":9,"Burning Blood":0,"Unceasing Top":9,"Runic Pyramid":17},{"Matryoshka":4,"Golden Idol":6,"reliquary:Firecrackers":6,"Enchiridion":10,"Boot":5,"Burning Blood":0,"Unceasing Top":5,"Runic Pyramid":8},{"Matryoshka":12,"Golden Idol":19,"reliquary:Firecrackers":19,"Enchiridion":37,"Boot":15,"Burning Blood":0,"Unceasing Top":15,"Runic Pyramid":31}],"Burning Blood":56,"Unceasing Top":[0]},"card_choices":[{"not_picked":["Corruption","Feed"],"picked":"Immolate","floor":0.0},{"not_picked":["Twin Strike","Cleave","Dual Wield"],"picked":"SKIP","floor":1.0},{"not_picked":["Cleave","Blood for Blood"],"picked":"Fire Breathing","floor":2.0},{"not_picked":["Thunderclap","Ghostly Armor"],"picked":"Pummel","floor":6.0},{"not_picked":["Twin Strike","Headbutt","Impervious"],"picked":"SKIP","floor":7.0},{"not_picked":["Body Slam","Dark Embrace","Hemokinesis"],"picked":"SKIP","floor":8.0},{"not_picked":["Carnage","Havoc"],"picked":"Shrug It Off","floor":10.0},{"not_picked":["Sword Boomerang","Blood for Blood","Twin Strike"],"picked":"SKIP","floor":14.0},{"not_picked":["Juggernaut","Demon Form"],"picked":"Double Tap","floor":16.0},{"not_picked":["Perfected Strike","Rage","Dual Wield"],"picked":"SKIP","floor":18.0},{"not_picked":["Flex","Pommel Strike"],"picked":"Shrug It Off","floor":19.0},{"not_picked":["Cleave","Flex"],"picked":"True Grit+1","floor":22.0}],"player_experience":20489,"relics_obtained":[{"floor":7.0,"key":"Matryoshka"},{"floor":9.0,"key":"Boot"},{"floor":9.0,"key":"Unceasing Top"},{"floor":10.0,"key":"reliquary:Firecrackers"},{"floor":20.0,"key":"Enchiridion"}],"event_choices":[{"cards_removed":["Strike_R"],"damage_healed":0.0,"max_hp_gain":0.0,"max_hp_loss":0.0,"gold_gain":0.0,"event_name":"Living Wall","player_choice":"Forget","floor":4.0,"gold_loss":0.0,"damage_taken":0.0},{"cards_removed":["Strike_R"],"damage_healed":0.0,"max_hp_gain":0.0,"max_hp_loss":0.0,"gold_gain":0.0,"event_name":"Golden Wing","player_choice":"Card Removal","floor":5.0,"gold_loss":0.0,"damage_taken":7.0},{"damage_healed":0.0,"max_hp_gain":0.0,"max_hp_loss":5.0,"gold_gain":0.0,"event_name":"Golden Idol","player_choice":"Lose Max HP","floor":12.0,"gold_loss":0.0,"damage_taken":0.0,"relics_obtained":["Golden Idol"]},{"cards_removed":["Strike_R"],"damage_healed":0.0,"max_hp_gain":0.0,"max_hp_loss":0.0,"gold_gain":0.0,"event_name":"The Cleric","player_choice":"Card Removal","floor":13.0,"gold_loss":50.0,"damage_taken":0.0},{"damage_healed":0.0,"max_hp_gain":0.0,"max_hp_loss":0.0,"gold_gain":0.0,"event_name":"Cursed Tome","player_choice":"Obtained Book","floor":20.0,"gold_loss":0.0,"damage_taken":16.0}],"is_beta":false,"boss_relics":[{"not_picked":["Calling Bell","reliquary:KinkedSpring"],"picked":"Runic Pyramid"}],"items_purged_floors":[3,21],"is_endless":false,"potions_floor_spawned":[6,8,10,19,22],"killed_by":"Slavers","ascension_level":8}}