{"host":"prxrhpgaxnj4om9r","time":1612955507,"event":{"mods":["AchievementEnabler","BaseMod","DeckTracker","Keyboard Shortcuts","Minty Spire (QoL Compilation)"],"gold_per_floor":[20,20,30,30,46,46,46,46,100,20,60,60,33,33,33,154,154,174,174,193,208,227,227,246,246,297,311,311,85,108,128,128,248,311,330,330,348,348,56,56,56],"floor_reached":40,"language":"KOR","playtime":1782,"items_purged":[],"score":386,"play_id":"9ccf64ef-4fca-4e48-8931-c51741d91f92","local_time":"20210210201147","is_ascension_mode":false,"campfire_choices":[{"floor":6,"key":"RECALL"},{"data":"BowlingBash","floor":8,"key":"SMITH"},{"floor":15,"key":"REST"},{"floor":23,"key":"REST"},{"floor":25,"key":"REST"},{"data":"Scrawl","floor":28,"key":"SMITH"},{"floor":32,"key":"REST"}],"circlet_count":0,"master_deck":["Strike_P","Strike_P","Strike_P","Defend_P","Defend_P","Defend_P+1","Eruption+1","Vigilance","SandsOfTime","BowlingBash+1","Adaptation","SignatureMove","Sanctity","FlyingSleeves","Ragnarok","FearNoEvil+1","Pray","SignatureMove","FollowUp+1","FlurryOfBlows","PathToVictory","JustLucky+1","Scrawl+1","MentalFortress","Meditate+1","SandsOfTime","ReachHeaven","Judgement","Evaluate","ClearTheMind+1","WindmillStrike"],"relics":["PureWater","Incense Burner","Golden Idol","Vajra","Matryoshka","Toy Ornithopter","Omamori","Black Star","Kunai","Orichalcum","Dream Catcher","Tiny House","Frozen Egg 2","Shuriken"],"acts_visited":["Exordium","TheCity","TheBeyond"],"potions_floor_usage":[5,11,16,20,27,30,30,31,37,40],"damage_taken":[{"damage":0,"enemies":"Small Slimes","floor":1,"turns":2},{"damage":0,"enemies":"Cultist","floor":3,"turns":2},{"damage":2,"enemies":"Jaw Worm","floor":5,"turns":3},{"damage":19,"enemies":"3 Sentries","floor":11,"turns":4},{"damage":39,"enemies":"Hexaghost","floor":16,"turns":5},{"damage":11,"enemies":"2 Thieves","floor":18,"turns":3},{"damage":0,"enemies":"Chosen","floor":20,"turns":1},{"damage":23,"enemies":"Snecko","floor":21,"turns":4},{"damage":20,"enemies":"Cultist and Chosen","floor":22,"turns":4},{"damage":33,"enemies":"Centurion and Healer","floor":24,"turns":5},{"damage":0,"enemies":"Snecko","floor":27,"turns":3},{"damage":0,"enemies":"3 Cultists","floor":30,"turns":2},{"damage":18,"enemies":"Centurion and Healer","floor":31,"turns":4},{"damage":59,"enemies":"Collector","floor":33,"turns":9},{"damage":57,"enemies":"3 Shapes","floor":35,"turns":6},{"damage":14,"enemies":"Orb Walker","floor":37,"turns":3},{"damage":25,"enemies":"Reptomancer","floor":40,"turns":2}],"seed_played":"1499832617681534093","potions_obtained":[{"floor":2,"key":"FearPotion"},{"floor":2,"key":"Block Potion"},{"floor":2,"key":"Ambrosia"},{"floor":3,"key":"EssenceOfSteel"},{"floor":5,"key":"Regen Potion"},{"floor":16,"key":"SmokeBomb"},{"floor":18,"key":"LiquidMemories"},{"floor":22,"key":"EssenceOfSteel"},{"floor":24,"key":"BottledMiracle"},{"floor":27,"key":"Strength Potion"},{"floor":34,"key":"Weak Potion"},{"floor":37,"key":"Regen Potion"}],"is_trial":false,"path_per_floor":["M","?","M","?","M","R","?","R","T","$","E","?","$","T","R","B",null,"M","?","M","M","M","R","M","R","T","M","R","$","M","M","R","B",null,"M","?","M","?","$","E"],"character_chosen":"WATCHER","items_purchased":["SignatureMove","FlyingSleeves","Dream Catcher","MentalFortress","Shuriken","PowerPotion"],"campfire_rested":4,"item_purchase_floors":[10,13,29,29,39,39],"current_hp_per_floor":[72,72,72,54,52,52,52,52,52,52,33,33,33,33,54,20,72,61,61,66,43,23,44,11,32,32,46,46,46,56,43,64,5,77,20,20,11,11,11,0,0],"gold":56,"neow_bonus":"ONE_RARE_RELIC","is_daily":false,"chose_seed":false,"campfire_upgraded":2,"win_rate":0.0,"timestamp":1612955507,"path_taken":["M","?","?","?","M","R","?","R","T","?","E","?","$","?","R","BOSS","M","?","M","M","M","R","M","R","T","M","R","$","M","M","R","BOSS","M","?","?","?","?","E"],"items_purchased_type":["Card","Card","Relic","Card","Relic","Potion"],"build_version":"2020-12-22","purchased_purges":0,"victory":false,"max_hp_per_floor":[72,72,72,72,72,72,72,72,72,72,72,72,72,72,72,72,72,72,72,72,72,72,72,72,72,72,72,72,72,72,72,72,72,77,77,77,77,77,77,77,77],"card_choices":[{"not_picked":["Halt","Worship"],"picked":"SandsOfTime","floor":1},{"not_picked":["WheelKick","EmptyBody"],"picked":"BowlingBash","floor":3},{"not_picked":["Protect","FlurryOfBlows"],"picked":"Adaptation","floor":5},{"not_picked":["LikeWater","Consecrate"],"picked":"Sanctity","floor":11},{"not_picked":["Omniscience","DevaForm"],"picked":"Ragnarok","floor":16},{"not_picked":["Halt","CutThroughFate"],"picked":"FearNoEvil+1","floor":18},{"not_picked":["EmptyBody","Halt"],"picked":"FollowUp+1","floor":20},{"not_picked":["Swivel+1","ClearTheMind"],"picked":"FlurryOfBlows","floor":21},{"not_picked":["Nirvana","ClearTheMind"],"picked":"PathToVictory","floor":22},{"not_picked":["Nirvana","EmptyFist"],"picked":"JustLucky+1","floor":24},{"not_picked":["ThirdEye+1","Adaptation"],"picked":"Scrawl","floor":27},{"not_picked":["Perseverance","EmptyBody"],"picked":"Meditate+1","floor":30},{"not_picked":["MentalFortress","EmptyFist"],"picked":"SandsOfTime","floor":31},{"not_picked":["TalkToTheHand","WreathOfFlame+1"],"picked":"ReachHeaven","floor":32},{"not_picked":["Scrawl","DeusExMachina"],"picked":"Judgement","floor":33},{"not_picked":["FlurryOfBlows","BowlingBash"],"picked":"Evaluate","floor":34},{"not_picked":["FollowUp","Nirvana+1"],"picked":"ClearTheMind+1","floor":35},{"not_picked":["FollowUp+1","SashWhip"],"picked":"WindmillStrike","floor":37}],"player_experience":360003,"relics_obtained":[{"floor":9,"key":"Vajra"},{"floor":11,"key":"Matryoshka"},{"floor":14,"key":"Toy Ornithopter"},{"floor":14,"key":"Omamori"},{"floor":26,"key":"Kunai"},{"floor":26,"key":"Orichalcum"}],"event_choices":[{"damage_healed":0,"gold_gain":0,"player_choice":"Got Potions","damage_taken":0,"max_hp_gain":0,"max_hp_loss":0,"event_name":"Lab","floor":2,"gold_loss":0},{"damage_healed":0,"gold_gain":0,"player_choice":"Take Damage","damage_taken":18,"relics_obtained":["Golden Idol"],"max_hp_gain":0,"max_hp_loss":0,"event_name":"Golden Idol","floor":4,"gold_loss":0},{"damage_healed":0,"gold_gain":0,"player_choice":"Grow","damage_taken":0,"max_hp_gain":0,"max_hp_loss":0,"event_name":"Living Wall","floor":7,"gold_loss":0,"cards_upgraded":["Eruption"]},{"damage_healed":0,"gold_gain":0,"player_choice":"Ignored","damage_taken":0,"max_hp_gain":0,"max_hp_loss":0,"event_name":"Liars Game","floor":12,"gold_loss":0},{"damage_healed":0,"gold_gain":0,"cards_transformed":["Defend_P","Strike_P"],"player_choice":"Became Test Subject","damage_taken":0,"max_hp_gain":0,"max_hp_loss":0,"event_name":"Drug Dealer","floor":19,"gold_loss":0,"cards_obtained":["Pray","SignatureMove"]},{"damage_healed":0,"gold_gain":0,"player_choice":"0 cards matched","damage_taken":0,"max_hp_gain":0,"max_hp_loss":0,"event_name":"Match and Keep!","floor":36,"gold_loss":0,"cards_obtained":[]},{"damage_healed":0,"gold_gain":0,"player_choice":"Gave Potion","damage_taken":0,"relics_obtained":["Frozen Egg 2"],"max_hp_gain":0,"max_hp_loss":0,"event_name":"WeMeetAgain","floor":38,"gold_loss":0}],"is_beta":false,"boss_relics":[{"not_picked":["Fusion Hammer","HolyWater"],"picked":"Black Star"},{"not_picked":["Astrolabe","SacredBark"],"picked":"Tiny House"}],"items_purged_floors":[],"is_endless":false,"potions_floor_spawned":[3,5,16,18,22,24,27,37],"killed_by":"Reptomancer","ascension_level":0}}