{"host":"m6aaltr68g9tvoay","time":1612930745,"event":{"mods":["AchievementEnabler","BaseMod","Colored Map","Downfall","Minty Spire (QoL Compilation)","Slay the Relics Exporter","StSLib"],"gold_per_floor":[99,111,124,124,224,224,224,235,68,101,1,15,43,28,39,136,136,36,48,63,163,178,205,205,225,225,255,11,11,11,30,43,43,43,43],"floor_reached":33,"language":"ENG","playtime":2360,"items_purged":["bronze:Defend"],"score":470,"play_id":"1a6d4982-a2b3-482e-bb4e-94f033508eaf","local_time":"20210209201905","is_ascension_mode":true,"campfire_choices":[{"floor":1,"key":"REST"},{"floor":6,"key":"RECALL"},{"data":"bronze:AlphaBuild","floor":11,"key":"SMITH"},{"floor":18,"key":"REST"},{"floor":26,"key":"REST"},{"floor":29,"key":"REST"}],"circlet_count":0,"master_deck":["AscendersBane","bronze:Strike","bronze:Strike","bronze:Strike","bronze:Strike","bronze:Defend","bronze:Defend","bronze:Defend","bronze:Replicate","bronze:Goto","bronze:AlphaBuild+1","bronze:FollowUp","bronze:Shield","bronze:ChildClass","bronze:Separator","bronze:OilSpill","bronze:Iterate","bronze:WhirlingStrike","bronze:InfiniteBeams","bronze:BurnOut","bronze:WildBeam+1","bronze:DecaBeam","bronze:Turbo+1","bronze:FineTuning"],"relics":["bronze:BronzeCore","Boot","Lee\u0027s Waffle","Matryoshka","downfall:HeartBlessingBlue","Odd Mushroom","Fusion Hammer","downfall:HeartBlessingRed","bronze:ProtectiveGoggles","Anchor","Guardian:GemstoneGun","bronze:DecasWashers","Vajra","CultistMask"],"acts_visited":["Exordium","TheCity"],"potions_floor_usage":[12,16,19,23,25],"damage_taken":[{"damage":0,"enemies":"Cultist","floor":2,"turns":3},{"damage":3,"enemies":"Jaw Worm","floor":3,"turns":4},{"damage":0,"enemies":"2 Louse","floor":8,"turns":2},{"damage":0,"enemies":"downfall:FleeingMerchant","floor":9,"turns":4},{"damage":7,"enemies":"Lagavulin","floor":10,"turns":5},{"damage":3,"enemies":"Lots of Slimes","floor":12,"turns":3},{"damage":13,"enemies":"The Mushroom Lair","floor":13,"turns":4},{"damage":0,"enemies":"downfall:FleeingMerchant","floor":14,"turns":4},{"damage":0,"enemies":"2 Fungi Beasts","floor":15,"turns":1},{"damage":36,"enemies":"SI_SHIV_ARCHETYPE","floor":16,"turns":11},{"damage":0,"enemies":"Spheric Guardian","floor":19,"turns":3},{"damage":21,"enemies":"Shell Parasite","floor":20,"turns":4},{"damage":13,"enemies":"Shell Parasite","floor":21,"turns":4},{"damage":3,"enemies":"Sentry and Sphere","floor":22,"turns":3},{"damage":20,"enemies":"Slavers","floor":23,"turns":4},{"damage":0,"enemies":"Snecko","floor":25,"turns":3},{"damage":49,"enemies":"Book of Stabbing","floor":27,"turns":7},{"damage":0,"enemies":"downfall:FleeingMerchant","floor":28,"turns":4},{"damage":0,"enemies":"Centurion and Healer","floor":31,"turns":2},{"damage":0,"enemies":"3 Cultists","floor":32,"turns":2},{"damage":48,"enemies":"IC_MUSHROOM_ARCHETYPE","floor":33,"turns":7}],"seed_played":"-3829531378615825107","potions_obtained":[{"floor":8,"key":"Swift Potion"},{"floor":10,"key":"Block Potion"},{"floor":16,"key":"Fruit Juice"},{"floor":19,"key":"Explosive Potion"},{"floor":21,"key":"GamblersBrew"},{"floor":23,"key":"FearPotion"},{"floor":31,"key":"SpeedPotion"}],"is_trial":false,"path_per_floor":["R","M","M","?","?","R","T","M","$","E","R","M","?","$","M","B",null,"R","M","M","?","M","E","T","M","R","E","$","R","?","M","M","B"],"character_chosen":"THE_AUTOMATON","items_purchased":["Lee\u0027s Waffle","Vajra"],"campfire_rested":4,"item_purchase_floors":[9,28],"current_hp_per_floor":[66,66,63,60,60,60,60,60,77,70,80,77,64,64,64,33,77,92,92,71,58,55,35,35,35,62,13,13,40,40,40,40,0,0,0],"gold":43,"neow_bonus":"THREE_RARE_CARDS","is_daily":false,"chose_seed":false,"campfire_upgraded":1,"win_rate":0.0,"timestamp":1612930745,"path_taken":["R","M","M","?","?","R","T","M","$","E","R","?","?","$","M","BOSS","R","M","M","?","M","E","T","M","R","E","$","R","?","?","M","BOSS"],"items_purchased_type":["Relic","Relic"],"build_version":"2020-12-22","purchased_purges":1,"victory":false,"max_hp_per_floor":[70,70,70,70,70,70,70,70,77,77,87,87,87,87,87,92,92,92,92,92,92,92,92,92,92,92,92,92,92,92,92,92,92,92,92],"card_choices":[{"not_picked":["bronze:HardenedForm","bronze:BurnOut"],"picked":"bronze:AlphaBuild","floor":0},{"not_picked":["bronze:BitShift","bronze:Deprecate"],"picked":"bronze:FollowUp","floor":2},{"not_picked":["bronze:DelayedGuard","bronze:FineTuning"],"picked":"bronze:Shield","floor":3},{"not_picked":["bronze:CleanCode","bronze:NullPointer"],"picked":"bronze:ChildClass","floor":8},{"not_picked":["bronze:BuggyMess","bronze:ForceShield"],"picked":"bronze:Separator","floor":9},{"not_picked":["bronze:Frontload","bronze:Separator"],"picked":"bronze:OilSpill","floor":10},{"not_picked":["bronze:InfiniteBeams","bronze:Backtrace"],"picked":"bronze:Iterate","floor":12},{"not_picked":["bronze:Invalidate","bronze:BitShift"],"picked":"bronze:WhirlingStrike","floor":13},{"not_picked":["bronze:AlphaBuild","bronze:BronzeArmor","bronze:Turbo"],"picked":"SKIP","floor":14},{"not_picked":["bronze:Constructor","bronze:BitShift"],"picked":"bronze:InfiniteBeams","floor":15},{"not_picked":["bronze:ShipIt","bronze:Break"],"picked":"bronze:BurnOut","floor":16},{"not_picked":["bronze:Return","bronze:Overheat","bronze:Deprecate+1"],"picked":"SKIP","floor":19},{"not_picked":["bronze:Turbo","bronze:Terminator"],"picked":"bronze:WildBeam+1","floor":20},{"not_picked":[],"picked":"bronze:DecaBeam","floor":21},{"not_picked":["bronze:Constructor","bronze:Shield"],"picked":"bronze:Turbo+1","floor":21},{"not_picked":["bronze:Separator+1","bronze:Overheat+1","bronze:Frontload"],"picked":"SKIP","floor":22},{"not_picked":["bronze:Invalidate+1","bronze:Frontload","bronze:Refactor"],"picked":"SKIP","floor":23},{"not_picked":["bronze:OilSpill","bronze:WildBeam+1","bronze:Branch"],"picked":"SKIP","floor":25},{"not_picked":["bronze:Shell","bronze:DelayedGuard"],"picked":"bronze:FineTuning","floor":27},{"not_picked":["bronze:DelayedSlice","bronze:Turbo+1","bronze:NullPointer"],"picked":"SKIP","floor":28},{"not_picked":["bronze:DelayedGuard+1","bronze:WildBeam","bronze:CutThrough"],"picked":"SKIP","floor":31},{"not_picked":["bronze:Turbo","bronze:WhirlingStrike","bronze:DelayedSlice"],"picked":"SKIP","floor":32}],"player_experience":1898883,"relics_obtained":[{"floor":10,"key":"Matryoshka"},{"floor":13,"key":"Odd Mushroom"},{"floor":23,"key":"bronze:ProtectiveGoggles"},{"floor":24,"key":"Anchor"},{"floor":24,"key":"Guardian:GemstoneGun"},{"floor":27,"key":"bronze:DecasWashers"}],"event_choices":[{"damage_healed":0,"gold_gain":0,"player_choice":"Success","damage_taken":3,"relics_obtained":["Boot"],"max_hp_gain":0,"max_hp_loss":0,"event_name":"Scrap Ooze","floor":4,"gold_loss":0},{"damage_healed":0,"gold_gain":0,"player_choice":"Fought Mushrooms","damage_taken":0,"max_hp_gain":0,"max_hp_loss":0,"event_name":"Mushrooms","floor":13,"gold_loss":0},{"damage_healed":0,"gold_gain":0,"player_choice":"Trade","damage_taken":0,"relics_obtained":["CultistMask"],"max_hp_gain":0,"max_hp_loss":0,"event_name":"FaceTrader","floor":30,"gold_loss":0}],"is_beta":false,"boss_relics":[{"not_picked":["SlaversCollar","Runic Dome"],"picked":"Fusion Hammer"}],"items_purged_floors":[28],"is_endless":false,"potions_floor_spawned":[8,10,16,19,21,22,23,31],"killed_by":"IC_MUSHROOM_ARCHETYPE","ascension_level":11}}