{"host":"7h05nr6qm89lgkco","time":1612947405,"event":{"mods":["BaseMod","Bestiary","Block Reminder","ChefMod","Colored Powertips","DeckTracker","Dota2Spire","Downfall","Friendly Minions","Minty Spire (QoL Compilation)","Quick Restart","Rare Cards Sparkle","Relic Stats","StSLib","The Cursed","The Poker Player","Unceasing Turn Reminder"],"gold_per_floor":[99,112,112,112,132,42,67,82,13,25,25,36,98,98,110,209,209,209,226,226,111,131,131,155,155,175,193,193,193,212,238,253,352,352,352,362,412,431,431,135,135,165,287,318,18,18,35,47,57,57,57,88,88,88,88,88],"floor_reached":57,"language":"ZHS","playtime":3760,"items_purged":["Parasite","champ:Strike","downfall:Malfunctioning"],"score":1299,"play_id":"4f1eef1b-ab98-4b68-9f26-a1b9d9f99a9d","local_time":"20210210165645","is_ascension_mode":false,"campfire_choices":[{"data":"champ:Execute","floor":1.0,"key":"SMITH"},{"data":"champ:IgnorePain","floor":11.0,"key":"SMITH"},{"data":"champ:Improvising","floor":18.0,"key":"SMITH"},{"data":"champ:RisingSlash","floor":25.0,"key":"SMITH"},{"data":"champ:SkillfulDodge","floor":28.0,"key":"SMITH"},{"floor":35.0,"key":"RECALL"},{"data":"champ:GladiatorForm","floor":45,"key":"SMITH"},{"data":"champ:PreemptiveStrike","floor":54,"key":"SMITH"}],"circlet_count":0,"master_deck":["champ:Strike","champ:Strike","champ:Defend","champ:Defend","champ:Defend","champ:Defend","champ:Execute+1","champ:Taunt+1","champ:ShieldWall+1","champ:RisingSlash+1","champ:CalledShot","champ:IgnorePain+1","champ:ShieldThrow+1","champ:PreemptiveStrike+1","champ:Circumvent+1","champ:ShieldWall+1","champ:Circumvent","champ:ShieldWall","champ:HoldFirm","champ:SkillfulDodge+1","champ:Improvising+1","champ:ArenaPreparation","champ:IgnorePain+1","champ:FocusedDefense","champ:FlashCut+1","champ:DefensiveStyle+1","champ:TripleStrike","champ:EnGarde+1","champ:SteelEdge","champ:PreemptiveStrike+1","champ:GladiatorForm+1","champ:ShieldThrow","champ:TripleStrike","champ:FocusedDefense+1"],"relics":["champ:ChampionCrown","Prayer Wheel","champ:GladiatorsBookOfMartialProwess","SlaversCollar","Letter Opener","Happy Flower","Guardian:PocketSentry","Question Card","Dota2Spire:Bloodstone","Dota2Spire:HeartOfTarrasque","StrikeDummy","Dota2Spire:BattleFury","Dota2Spire:MantaStyle","Juzu Bracelet","downfall:HeartBlessingRed","downfall:HeartBlessingGreen","downfall:HeartBlessingBlue","Toxic Egg 2","Dota2Spire:Desolator"],"acts_visited":["Exordium","TheCity","TheBeyond","TheEnding"],"potions_floor_usage":[55,56,56],"damage_taken":[{"damage":11.0,"enemies":"Cultist","floor":2.0,"turns":3.0},{"damage":0.0,"enemies":"2 Louse","floor":5.0,"turns":2.0},{"damage":10.0,"enemies":"downfall:FleeingMerchant","floor":6.0,"turns":4.0},{"damage":0.0,"enemies":"Jaw Worm","floor":8.0,"turns":4.0},{"damage":0.0,"enemies":"downfall:FleeingMerchant","floor":9.0,"turns":4.0},{"damage":10.0,"enemies":"Exordium Wildlife","floor":10.0,"turns":3.0},{"damage":26.0,"enemies":"Gremlin Gang","floor":12.0,"turns":6.0},{"damage":1.0,"enemies":"Gremlin Nob","floor":13.0,"turns":4.0},{"damage":11.0,"enemies":"Exordium Thugs","floor":15.0,"turns":4.0},{"damage":1.0,"enemies":"IC_STATUS_ARCHETYPE","floor":16.0,"turns":6.0},{"damage":12.0,"enemies":"3 Byrds","floor":19.0,"turns":6.0},{"damage":0.0,"enemies":"downfall:FleeingMerchant","floor":21.0,"turns":4.0},{"damage":2.0,"enemies":"Shell Parasite","floor":22.0,"turns":5.0},{"damage":24.0,"enemies":"Snake Plant","floor":26.0,"turns":4.0},{"damage":10.0,"enemies":"Shelled Parasite and Fungi","floor":27.0,"turns":5.0},{"damage":0.0,"enemies":"Sentry and Sphere","floor":30.0,"turns":3.0},{"damage":6.0,"enemies":"Gremlin Leader","floor":31.0,"turns":6.0},{"damage":0.0,"enemies":"3 Cultists","floor":32.0,"turns":3.0},{"damage":12.0,"enemies":"SI_MIRROR_ARCHETYPE","floor":33.0,"turns":7.0},{"damage":1,"enemies":"3 Shapes","floor":36,"turns":4},{"damage":0,"enemies":"3 Shapes","floor":37,"turns":5},{"damage":0,"enemies":"Orb Walker","floor":38,"turns":3},{"damage":10,"enemies":"downfall:FleeingMerchant","floor":40,"turns":4},{"damage":0,"enemies":"Giant Head","floor":42,"turns":5},{"damage":0,"enemies":"downfall:FleeingMerchant","floor":43,"turns":3},{"damage":0,"enemies":"Reptomancer","floor":44,"turns":5},{"damage":0,"enemies":"Maw","floor":47,"turns":5},{"damage":6,"enemies":"3 Darklings","floor":48,"turns":7},{"damage":6,"enemies":"4 Shapes","floor":49,"turns":3},{"damage":0,"enemies":"WA_ARCHETYPE_DIVINITY","floor":50,"turns":4},{"damage":12,"enemies":"downfall:CharBossMerchant","floor":52,"turns":3},{"damage":10,"enemies":"downfall:NeowBoss","floor":55,"turns":8},{"damage":13,"enemies":"downfall:NeowBossFinal","floor":56,"turns":6}],"seed_played":"-342073699140727105","potions_obtained":[{"floor":2.0,"key":"Energy Potion"},{"floor":5.0,"key":"Fire Potion"},{"floor":8.0,"key":"Regen Potion"},{"floor":12.0,"key":"bronze:BurnAndBuffPotion"},{"floor":13.0,"key":"champ:OpenerPotion"},{"floor":19.0,"key":"FearPotion"},{"floor":31.0,"key":"champ:CounterPotion"},{"floor":33.0,"key":"champ:OpenerPotion"},{"floor":36,"key":"Dexterity Potion"},{"floor":42,"key":"PowerPotion"}],"is_trial":false,"path_per_floor":["R","M","?","?","M","$","T","M","$","M","R","M","?","?","M","B",null,"R","M","?","$","M","T","T","R","M","M","R","?","M","E","M","B",null,"R","M","?","M","?","$","T","E","$","E","R","?","M","M","M","B",null,"E","$","R","B","B",null],"character_chosen":"THE_CHAMP","items_purchased":["champ:Circumvent","champ:ShieldThrow","Dota2Spire:MantaStyle"],"campfire_rested":0,"item_purchase_floors":[9,40,43],"current_hp_per_floor":[81,80,80,80,80,78,78,78,78,68,68,52,63,63,52,51,78,78,66,66,66,64,64,64,64,40,30,30,30,30,24,24,12,78,78,77,85,85,85,86,86,86,86,86,96,96,96,96,90,96,96,84,84,84,96,83],"gold":88,"neow_bonus":"ONE_RARE_RELIC","is_daily":false,"chose_seed":false,"campfire_upgraded":7,"win_rate":0.0,"timestamp":1612947405,"path_taken":["R","M","?","?","M","$","T","?","$","M","R","M","?","?","M","BOSS","R","M","?","$","?","?","T","R","M","M","R","?","?","E","M","BOSS","R","M","?","M","?","?","T","E","$","E","R","?","M","M","M","BOSS","E","$","R","BOSS","BOSS"],"items_purchased_type":["Card","Card","Relic"],"build_version":"2020-12-22","purchased_purges":3,"victory":true,"max_hp_per_floor":[81,81,81,81,81,78,78,78,78,78,78,78,78,78,78,78,78,78,78,78,78,78,78,78,78,78,78,78,78,78,78,78,78,78,78,78,86,86,86,86,86,86,86,86,96,96,96,96,96,96,96,96,96,96,96,96],"relic_stats":{"Happy Flower":[31],"counters":[33,148],"Prayer Wheel":17,"Juzu Bracelet":0,"Letter Opener":[260],"Question Card":19,"obtain_stats":[{"Dota2Spire:MantaStyle":43,"Happy Flower":24,"downfall:HeartBlessingRed":45,"champ:ChampionCrown":0,"downfall:HeartBlessingGreen":45,"Dota2Spire:Bloodstone":34,"Dota2Spire:BattleFury":42,"Guardian:PocketSentry":29,"Dota2Spire:HeartOfTarrasque":37,"Juzu Bracelet":44,"Letter Opener":23,"Question Card":31,"champ:GladiatorsBookOfMartialProwess":13,"SlaversCollar":17,"downfall:BrokenWingStatue":3,"downfall:HeartBlessingBlue":45,"Prayer Wheel":0,"Toxic Egg 2":46,"StrikeDummy":41,"Dota2Spire:Desolator":52},{"Dota2Spire:MantaStyle":25,"Happy Flower":13,"downfall:HeartBlessingRed":26,"champ:ChampionCrown":0,"downfall:HeartBlessingGreen":26,"Dota2Spire:Bloodstone":19,"Dota2Spire:BattleFury":24,"Guardian:PocketSentry":15,"Dota2Spire:HeartOfTarrasque":21,"Juzu Bracelet":26,"Letter Opener":13,"Question Card":17,"champ:GladiatorsBookOfMartialProwess":8,"SlaversCollar":10,"downfall:BrokenWingStatue":1,"downfall:HeartBlessingBlue":26,"Prayer Wheel":0,"Toxic Egg 2":26,"StrikeDummy":23,"Dota2Spire:Desolator":31},{"Dota2Spire:MantaStyle":107,"Happy Flower":55,"downfall:HeartBlessingRed":112,"champ:ChampionCrown":0,"downfall:HeartBlessingGreen":112,"Dota2Spire:Bloodstone":83,"Dota2Spire:BattleFury":104,"Guardian:PocketSentry":64,"Dota2Spire:HeartOfTarrasque":92,"Juzu Bracelet":112,"Letter Opener":55,"Question Card":73,"champ:GladiatorsBookOfMartialProwess":30,"SlaversCollar":40,"downfall:BrokenWingStatue":3,"downfall:HeartBlessingBlue":112,"Prayer Wheel":0,"Toxic Egg 2":112,"StrikeDummy":99,"Dota2Spire:Desolator":134}]},"card_choices":[{"not_picked":["champ:Parry","champ:Haymaker"],"picked":"champ:ShieldWall","floor":2.0},{"not_picked":["champ:StanceDance","champ:PerfectedStrike"],"picked":"champ:RisingSlash","floor":2.0},{"not_picked":["champ:CrownThrow","champ:DefensiveShout"],"picked":"champ:CalledShot","floor":5.0},{"not_picked":["champ:Backstep","champ:Shatter"],"picked":"champ:IgnorePain","floor":5.0},{"not_picked":["champ:FaceSlap","champ:Backstep"],"picked":"champ:ShieldThrow","floor":6.0},{"not_picked":["champ:EndlessRage","champ:BringItOn"],"picked":"champ:PreemptiveStrike","floor":8.0},{"not_picked":["champ:RecklessLeap","champ:BladeFlurry","champ:CrookedStrike"],"picked":"SKIP","floor":8.0},{"not_picked":["champ:TornadoPunch","champ:DeathBlow","champ:HeartStrike"],"picked":"SKIP","floor":9.0},{"not_picked":["champ:StanceDance","champ:FocusedBerserking"],"picked":"champ:ShieldWall","floor":10.0},{"not_picked":["champ:Shatter","champ:AdrenalArmor"],"picked":"champ:Circumvent","floor":10.0},{"not_picked":["champ:Circumvent","champ:FaceSlap"],"picked":"champ:ShieldWall","floor":12.0},{"not_picked":["champ:SetATrap","champ:RecklessLeap","champ:CrownThrow"],"picked":"SKIP","floor":12.0},{"not_picked":["champ:BerserkerStyle","champ:SetATrap"],"picked":"champ:HoldFirm","floor":13.0},{"not_picked":["champ:TornadoPunch","champ:StanceDance"],"picked":"champ:SkillfulDodge","floor":15.0},{"not_picked":["champ:FocusedBerserking","champ:BerserkerStyle","champ:BladeFlurry"],"picked":"SKIP","floor":15.0},{"not_picked":["champ:HeavySlash","champ:MurderStrike"],"picked":"champ:Improvising","floor":16.0},{"not_picked":["champ:PerfectedStrike+1","champ:PreciseThrust"],"picked":"champ:ArenaPreparation","floor":19.0},{"not_picked":["champ:PerfectedStrike","champ:PreemptiveStrike+1","champ:BerserkersShout+1"],"picked":"SKIP","floor":19.0},{"not_picked":["champ:StanceDance","champ:CalledShot"],"picked":"champ:FocusedDefense","floor":21.0},{"not_picked":["champ:BladeFlurry+1","champ:SkillfulDodge"],"picked":"champ:FlashCut+1","floor":22.0},{"not_picked":["champ:EnGarde","champ:DefensiveShout"],"picked":"champ:DefensiveStyle+1","floor":22.0},{"not_picked":["champ:PreciseThrust+1","champ:Backstep"],"picked":"champ:TripleStrike","floor":26.0},{"not_picked":["champ:FaceSlap","champ:HeartStrike","champ:BerserkersShout"],"picked":"SKIP","floor":26.0},{"not_picked":["champ:FaceSlap","champ:HeartStrike","champ:BerserkersShout"],"picked":"SKIP","floor":26.0},{"not_picked":["champ:RisingSlash","champ:FanOfKnives+1"],"picked":"champ:EnGarde+1","floor":27.0},{"not_picked":["champ:BladeFlurry+1","champ:BringItOn","champ:Shatter"],"picked":"SKIP","floor":27.0},{"not_picked":["champ:StanceDance+1","champ:GladiatorStyle","champ:TornadoPunch"],"picked":"SKIP","floor":30.0},{"not_picked":["champ:BerserkerStyle","champ:Circumvent","champ:FlashCut"],"picked":"SKIP","floor":30.0},{"not_picked":["champ:FlashCut","champ:Shatter","champ:SetATrap+1"],"picked":"SKIP","floor":31.0},{"not_picked":["champ:HeartStrike","champ:EnragedBash+1","champ:AdrenalArmor","champ:TornadoPunch"],"picked":"SKIP","floor":32.0},{"not_picked":["champ:EnGarde","champ:RecklessLeap","champ:FlashCut","champ:EnragedBash"],"picked":"SKIP","floor":32.0},{"not_picked":["champ:LastStand","champ:IgnorePain","champ:VampiricStrike"],"picked":"champ:SteelEdge","floor":33.0},{"not_picked":["champ:FlashCut+1","champ:IronFortress","champ:SetATrap+1"],"picked":"champ:PreemptiveStrike+1","floor":36},{"not_picked":["champ:Backstep+1","champ:FanOfKnives+1","champ:FlashCut+1","champ:BladeFlurry+1"],"picked":"SKIP","floor":36},{"not_picked":["champ:FaceSlap","champ:DefensiveShout","champ:Parry+1"],"picked":"champ:GladiatorForm","floor":38},{"not_picked":["champ:FlashCut","champ:Backstep","champ:Shatter","champ:BringItOn"],"picked":"SKIP","floor":38},{"not_picked":["champ:DefensiveShout+1","champ:Haymaker+1","champ:ShieldWall","champ:ShieldSlam+1"],"picked":"SKIP","floor":40},{"not_picked":["champ:FanOfKnives+1","champ:BringItOn+1","champ:Shatter+1"],"picked":"champ:TripleStrike","floor":42},{"not_picked":["champ:DefensiveShout+1","champ:StanceDance+1","champ:EnGarde+1","champ:PreciseThrust"],"picked":"SKIP","floor":43},{"not_picked":["champ:RecklessLeap+1","champ:Backstep","champ:RapidStrikes","champ:SetATrap"],"picked":"SKIP","floor":44},{"not_picked":["champ:ShieldSlam+1","champ:PerfectedStrike+1","champ:HeartStrike","champ:BerserkersShout+1"],"picked":"SKIP","floor":47},{"not_picked":["champ:BerserkerStyle+1","champ:BladeFlurry+1","champ:ShieldSlam+1","champ:TornadoPunch"],"picked":"SKIP","floor":47},{"not_picked":["champ:RecklessLeap+1","champ:FalseCounter+1","champ:PerfectedStrike+1","champ:FlashCut"],"picked":"SKIP","floor":48},{"not_picked":["champ:HeavySlash","champ:AdrenalArmor+1","champ:CrownThrow","champ:BladeFlurry"],"picked":"SKIP","floor":48},{"not_picked":["champ:RecklessLeap+1","champ:FalseCounter+1","champ:PerfectedStrike+1","champ:FlashCut"],"picked":"SKIP","floor":48},{"not_picked":["champ:HeavySlash","champ:AdrenalArmor+1","champ:CrownThrow","champ:BladeFlurry"],"picked":"SKIP","floor":48},{"not_picked":["champ:DefensiveShout+1","champ:CrownThrow","champ:Shatter+1"],"picked":"champ:FocusedDefense+1","floor":49},{"not_picked":["champ:CrownThrow+1","champ:Parry+1","champ:BladeFlurry+1","champ:EnragedBash+1"],"picked":"SKIP","floor":49},{"not_picked":["champ:CrookedStrike","champ:GutPunch+1","champ:EndlessRage","champ:UltimateStance+1"],"picked":"SKIP","floor":52}],"player_experience":907912,"relics_obtained":[{"floor":13.0,"key":"champ:GladiatorsBookOfMartialProwess"},{"floor":23.0,"key":"Letter Opener"},{"floor":24.0,"key":"Happy Flower"},{"floor":29.0,"key":"Guardian:PocketSentry"},{"floor":31.0,"key":"Question Card"},{"floor":37,"key":"Dota2Spire:HeartOfTarrasque"},{"floor":41,"key":"StrikeDummy"},{"floor":42,"key":"Dota2Spire:BattleFury"},{"floor":44,"key":"Juzu Bracelet"},{"floor":46,"key":"Toxic Egg 2"},{"floor":52,"key":"Dota2Spire:Desolator"}],"event_choices":[{"damage_healed":0.0,"max_hp_gain":0.0,"max_hp_loss":0.0,"gold_gain":0.0,"event_name":"Wheel of Change","player_choice":"Relic","floor":29.0,"gold_loss":0.0,"damage_taken":0.0},{"cards_removed":["champ:Strike"],"damage_healed":0,"gold_gain":0,"player_choice":"Removed Attack","damage_taken":0,"max_hp_gain":0,"max_hp_loss":0,"event_name":"Falling","floor":39,"gold_loss":0}],"is_beta":false,"boss_relics":[{"not_picked":["SacredBark","Fusion Hammer"],"picked":"SlaversCollar"},{"not_picked":["Runic Pyramid","Velvet Choker"],"picked":"Dota2Spire:Bloodstone"}],"items_purged_floors":[6,21,40],"is_endless":false,"potions_floor_spawned":[2,5,8,12,13,19,31,33,36,42,44,47,49],"ascension_level":0}}