{"host":"ogz7heqpirojfnr2","time":1612939351,"event":{"mods":["BaseMod","Downfall","KinomotoSakuraMod(木之本樱)","Lobotomy","LobotomyExtend","Marisa（F雨　魔理沙）","Minty Spire (QoL Compilation)","Remilia（蕾米莉亚）","Replay The Spire","RumiaBox-露米娅的神秘盒子","StSLib","The Animator","The Servant 0.9.4","WarShipGirlsR/战舰少女R mod","Youmu（魂魄妖梦）","Yuri Mod","Yuyuko"],"gold_per_floor":[111,330,342,37,53,53,66,66,66,99,99,99,109,125,125,230,230,243,342,216,216,263,263,291,306,381,398,398,417,417,462,462],"floor_reached":31,"language":"ZHS","playtime":1018,"items_purged":["Strike_G","Strike_G"],"score":272,"play_id":"ac545208-7213-4e27-b9a8-c1a0613045fb","local_time":"20210210144231","is_ascension_mode":true,"campfire_choices":[{"data":"Envenom","floor":6.0,"key":"SMITH"},{"floor":8.0,"key":"REST"},{"floor":15.0,"key":"REST"},{"data":"Well Laid Plans","floor":23.0,"key":"SMITH"},{"floor":28,"key":"REST"},{"floor":30,"key":"REST"}],"circlet_count":0,"master_deck":["Strike_G","Strike_G","Strike_G","Defend_G","Defend_G","Defend_G","Defend_G","Defend_G","Survivor","Neutralize","Well Laid Plans+1","Flying Knee","Blade Dance+1","Envenom+1","Deadly Poison","Bane","Toxin Wave","Hidden Blade","Catalyst+1","Hidden Blade","Atom Bomb","Dagger Spray+1","Bullet Time","Poisoned Stab","Backstab","Deadly Poison+1"],"relics":["Ring of the Snake","Baka","Membership Card","CaptainsWheel","StoneCalendar","ReplayTheSpireMod:Ring of Challenge","ReplayTheSpireMod:Ring of Exchange","ReplayTheSpireMod:Onyx Gauntlets","Snake Skull","Bottled Flame","LetterFromLob","Ninja Scroll"],"acts_visited":["Exordium","TheCity"],"potions_floor_usage":[27,31],"damage_taken":[{"damage":0.0,"enemies":"2 Louse","floor":1.0,"turns":2.0},{"damage":0.0,"enemies":"Small Slimes","floor":2.0,"turns":4.0},{"damage":0.0,"enemies":"Cultist","floor":3.0,"turns":3.0},{"damage":12.0,"enemies":"Blue Slaver","floor":5.0,"turns":3.0},{"damage":11.0,"enemies":"Exordium Wildlife","floor":7.0,"turns":3.0},{"damage":15.0,"enemies":"Lagavulin","floor":10.0,"turns":6.0},{"damage":1.0,"enemies":"Red Slaver","floor":13.0,"turns":2.0},{"damage":10.0,"enemies":"Looter","floor":14.0,"turns":2.0},{"damage":25.0,"enemies":"Slime Boss","floor":16.0,"turns":5.0},{"damage":14.0,"enemies":"3 Byrds","floor":18.0,"turns":4.0},{"damage":4.0,"enemies":"Shell Parasite","floor":22.0,"turns":2.0},{"damage":20.0,"enemies":"Book of Stabbing","floor":24.0,"turns":2.0},{"damage":20.0,"enemies":"Shelled Parasite and Fungi","floor":25.0,"turns":4.0},{"damage":7,"enemies":"Snecko","floor":27,"turns":3},{"damage":12,"enemies":"3 Cultists","floor":29,"turns":3},{"damage":51,"enemies":"Snake Plant","floor":31,"turns":4}],"seed_played":"3568282107603612889","potions_obtained":[{"floor":1.0,"key":"Doom Potion"},{"floor":5.0,"key":"bronze:BurnAndBuffPotion"},{"floor":16.0,"key":"BlessingOfTheForge"},{"floor":24.0,"key":"Dexterity Potion"},{"floor":27,"key":"Poison Potion"}],"is_trial":false,"path_per_floor":["M","M","M","$","M","R","M","R","T","E","?","?","M","M","R","B",null,"M","?","$","?","M","R","E","M","T","M","R","M","R","M"],"character_chosen":"THE_SILENT","items_purchased":["Membership Card","Envenom","Deadly Poison","Bane","Snake Skull"],"campfire_rested":4,"item_purchase_floors":[4,4,4,4,20],"current_hp_per_floor":[70,70,70,70,58,58,47,68,68,53,53,53,52,42,63,38,70,70,70,70,70,66,66,46,26,26,19,40,28,49,0,0],"gold":462,"neow_bonus":"THREE_CARDS","is_daily":false,"chose_seed":false,"campfire_upgraded":2,"win_rate":0.0,"timestamp":1612939351,"path_taken":["M","M","M","$","M","R","M","R","T","E","?","?","M","?","R","BOSS","M","?","$","?","?","R","E","M","T","M","R","M","R","M"],"items_purchased_type":["Relic","Card","Card","Card","Relic"],"build_version":"2020-12-22","purchased_purges":2,"victory":false,"max_hp_per_floor":[70,70,70,70,70,70,70,70,70,70,70,70,70,70,70,70,70,70,70,70,70,70,70,70,70,70,70,70,70,70,70,70],"card_choices":[{"not_picked":["Prepared","ReplayTheSpireMod:Shiv Toss"],"picked":"Well Laid Plans","floor":0.0},{"not_picked":["ReplayTheSpireMod:Tripwire","Dagger Spray","Underhanded Strike"],"picked":"SKIP","floor":1.0},{"not_picked":["Blur","Quick Slash"],"picked":"Flying Knee","floor":2.0},{"not_picked":["Setup","Bane"],"picked":"Blade Dance","floor":3.0},{"not_picked":["Bane","Hidden Blade"],"picked":"Toxin Wave","floor":5.0},{"not_picked":["Dagger Throw","Underhanded Strike"],"picked":"Hidden Blade","floor":7.0},{"not_picked":["Replay:Poison Smokescreen","Footwork","Fluid Movement"],"picked":"SKIP","floor":10.0},{"not_picked":["Underhanded Strike","Blur"],"picked":"Catalyst","floor":13.0},{"not_picked":["Replay:Poison Smokescreen","Dodge and Roll"],"picked":"Hidden Blade","floor":14.0},{"not_picked":["Grand Finale","Venomology"],"picked":"Atom Bomb","floor":16.0},{"not_picked":["Quick Slash+1","Slice"],"picked":"Dagger Spray+1","floor":18.0},{"not_picked":["Prepared","Finisher","ReplayTheSpireMod:The Works+1"],"picked":"SKIP","floor":22.0},{"not_picked":["Crippling Poison","Outmaneuver"],"picked":"Bullet Time","floor":24.0},{"not_picked":["Dagger Throw","Dodge and Roll+1"],"picked":"Poisoned Stab","floor":25.0},{"not_picked":["Sucker Punch+1","Slice"],"picked":"Backstab","floor":27},{"not_picked":["Dodge and Roll","ReplayTheSpireMod:The Works"],"picked":"Deadly Poison+1","floor":29}],"player_experience":130046,"relics_obtained":[{"floor":1.0,"key":"Baka"},{"floor":9.0,"key":"CaptainsWheel"},{"floor":10.0,"key":"StoneCalendar"},{"floor":11.0,"key":"ReplayTheSpireMod:Ring of Challenge"},{"floor":11.0,"key":"ReplayTheSpireMod:Ring of Exchange"},{"floor":24.0,"key":"Bottled Flame"},{"floor":25.0,"key":"LetterFromLob"},{"floor":26.0,"key":"Ninja Scroll"}],"event_choices":[{"damage_healed":0.0,"max_hp_gain":0.0,"max_hp_loss":0.0,"gold_gain":0.0,"event_name":"Accursed Blacksmith","player_choice":"Forge","floor":12.0,"gold_loss":0.0,"damage_taken":0.0,"cards_upgraded":["Blade Dance"]},{"damage_healed":0.0,"max_hp_gain":0.0,"max_hp_loss":0.0,"gold_gain":99.0,"event_name":"Nest","player_choice":"Stole From Cult","floor":19.0,"gold_loss":0.0,"damage_taken":0.0},{"damage_healed":0.0,"max_hp_gain":0.0,"max_hp_loss":0.0,"gold_gain":0.0,"event_name":"Upgrade Shrine","player_choice":"Upgraded","floor":21.0,"gold_loss":0.0,"damage_taken":0.0,"cards_upgraded":["Catalyst"]}],"is_beta":false,"boss_relics":[{"not_picked":["Snecko Scales","SacredBark"],"picked":"ReplayTheSpireMod:Onyx Gauntlets"}],"items_purged_floors":[4,20],"is_endless":false,"potions_floor_spawned":[1,5,16,24,25,27],"killed_by":"Snake Plant","ascension_level":1}}