{"host":"85rg8sallz0lemh6","time":1612994703,"event":{"mods":["BaseMod","Bestiary","Colored Powertips","Highlight Path","Minty Spire (QoL Compilation)","Quick Restart"],"gold_per_floor":[114,177,27,40,40,40,40,65,65,83,112,112,112,123,123,226,226,246,246,92,92,108,139,139,22,22,22,55,69,104,124,124,228,228,245,245,260,7,18,18,29,55,106,124,153,153,153,167,167,167],"floor_reached":51,"language":"ENG","playtime":1289,"items_purged":[],"score":1050,"play_id":"79f9aac5-00b9-47ae-bbf0-ea522f1ed43b","local_time":"20210210160503","is_ascension_mode":true,"campfire_choices":[{"data":"Neutralize","floor":6.0,"key":"SMITH"},{"data":"Blade Dance","floor":13.0,"key":"SMITH"},{"data":"Blade Dance","floor":15.0,"key":"SMITH"},{"data":"Dagger Spray","floor":24.0,"key":"SMITH"},{"data":"Blade Dance","floor":27.0,"key":"SMITH"},{"data":"Infinite Blades","floor":32.0,"key":"SMITH"},{"data":"Slice","floor":40.0,"key":"SMITH"},{"floor":46.0,"key":"REST"},{"floor":49.0,"key":"REST"}],"circlet_count":0,"master_deck":["Strike_G","Strike_G","Strike_G","Defend_G","Defend_G","Defend_G","Survivor","Neutralize+1","Choke+1","After Image+1","Adrenaline+1","Terror","Blade Dance+1","Slice+1","Blade Dance+1","Accuracy+1","Dagger Spray+1","Infinite Blades+1","Blade Dance+1","Finisher+1","Dagger Spray+1","Corpse Explosion","Cloak And Dagger+1","Backflip","Endless Agony"],"relics":["Astrolabe","Akabeko","StoneCalendar","Art of War","Mercury Hourglass","Pear","Sozu","Lee\u0027s Waffle","Snake Skull","InkBottle","Sundial","Turnip","SlaversCollar","Shuriken","Ornamental Fan","Oddly Smooth Stone","Juzu Bracelet"],"acts_visited":["Exordium","TheCity","TheBeyond"],"potions_floor_usage":[50],"damage_taken":[{"damage":0.0,"enemies":"2 Louse","floor":1.0,"turns":3.0},{"damage":7.0,"enemies":"Jaw Worm","floor":4.0,"turns":3.0},{"damage":0.0,"enemies":"Lagavulin","floor":8.0,"turns":5.0},{"damage":0.0,"enemies":"Cultist","floor":10.0,"turns":2.0},{"damage":3.0,"enemies":"3 Sentries","floor":11.0,"turns":4.0},{"damage":0.0,"enemies":"Exordium Thugs","floor":14.0,"turns":2.0},{"damage":0.0,"enemies":"Slime Boss","floor":16.0,"turns":3.0},{"damage":0.0,"enemies":"Chosen","floor":18.0,"turns":3.0},{"damage":0.0,"enemies":"Spheric Guardian","floor":22.0,"turns":3.0},{"damage":0.0,"enemies":"Gremlin Leader","floor":23.0,"turns":4.0},{"damage":14.0,"enemies":"Slavers","floor":28.0,"turns":3.0},{"damage":7.0,"enemies":"Cultist and Chosen","floor":29.0,"turns":3.0},{"damage":15.0,"enemies":"Book of Stabbing","floor":30.0,"turns":3.0},{"damage":0.0,"enemies":"Snake Plant","floor":31.0,"turns":3.0},{"damage":15.0,"enemies":"Collector","floor":33.0,"turns":4.0},{"damage":3.0,"enemies":"Orb Walker","floor":35.0,"turns":2.0},{"damage":11.0,"enemies":"3 Shapes","floor":37.0,"turns":1.0},{"damage":9.0,"enemies":"Writhing Mass","floor":39.0,"turns":3.0},{"damage":1.0,"enemies":"Transient","floor":41.0,"turns":5.0},{"damage":0.0,"enemies":"Giant Head","floor":42.0,"turns":4.0},{"damage":24.0,"enemies":"Jaw Worm Horde","floor":44.0,"turns":3.0},{"damage":18.0,"enemies":"Nemesis","floor":45.0,"turns":3.0},{"damage":2.0,"enemies":"4 Shapes","floor":48.0,"turns":7.0},{"damage":42,"enemies":"Time Eater","floor":50,"turns":8}],"seed_played":"5401458119517180847","potions_obtained":[{"floor":1.0,"key":"Poison Potion"},{"floor":10.0,"key":"SteroidPotion"},{"floor":12.0,"key":"ColorlessPotion"},{"floor":12.0,"key":"ColorlessPotion"},{"floor":14.0,"key":"AttackPotion"},{"floor":16.0,"key":"AttackPotion"}],"is_trial":false,"path_per_floor":["M","?","$","M","?","R","$","E","T","M","E","?","R","M","R","B",null,"M","?","$","?","M","E","R","$","T","R","E","M","E","M","R","B",null,"M","?","M","$","M","R","M","E","T","M","E","R","?","M","R","B",null],"character_chosen":"THE_SILENT","items_purchased":["Akabeko","Lee\u0027s Waffle","Infinite Blades","Blade Dance","Shuriken"],"campfire_rested":2,"item_purchase_floors":[3,20,25,25,38],"current_hp_per_floor":[70,70,70,63,51,51,51,51,51,51,58,58,58,58,58,58,80,80,80,87,87,87,87,87,87,87,87,73,66,51,51,51,36,87,84,84,73,73,64,64,63,63,63,39,21,47,47,45,71,29],"gold":167,"neow_bonus":"BOSS_RELIC","is_daily":false,"chose_seed":false,"campfire_upgraded":7,"win_rate":0.0,"timestamp":1612994703,"path_taken":["M","?","$","M","?","R","$","E","T","M","E","?","R","M","R","BOSS","M","?","?","?","M","E","R","$","T","R","E","?","E","M","R","BOSS","M","?","M","$","M","R","M","E","T","M","E","R","?","M","R","BOSS"],"items_purchased_type":["Relic","Relic","Card","Card","Relic"],"build_version":"2020-12-22","purchased_purges":0,"victory":true,"max_hp_per_floor":[70,70,70,70,70,70,70,70,70,70,80,80,80,80,80,80,80,80,80,87,87,87,87,87,87,87,87,87,87,87,87,87,87,87,87,87,87,87,87,87,87,87,87,87,87,87,87,87,87,87],"card_choices":[{"not_picked":["Concentrate","Poisoned Stab","Acrobatics"],"picked":"SKIP","floor":1.0},{"not_picked":["All Out Attack","Acrobatics"],"picked":"Terror","floor":4.0},{"not_picked":["Unload","Dodge and Roll"],"picked":"Blade Dance","floor":8.0},{"not_picked":["Poisoned Stab","Outmaneuver"],"picked":"Slice","floor":10.0},{"not_picked":["Sucker Punch","Tactician","Deadly Poison"],"picked":"SKIP","floor":11.0},{"not_picked":["Deadly Poison","Predator"],"picked":"Blade Dance","floor":14.0},{"not_picked":["Deflect+1","Flying Knee","Riddle With Holes+1"],"picked":"SKIP","floor":18.0},{"not_picked":["Sucker Punch+1","Expertise+1"],"picked":"Accuracy+1","floor":22.0},{"not_picked":["Escape Plan","Bane"],"picked":"Dagger Spray","floor":23.0},{"not_picked":["Predator","Poisoned Stab"],"picked":"Finisher+1","floor":28.0},{"not_picked":["Underhanded Strike","Prepared"],"picked":"Dagger Spray+1","floor":29.0},{"not_picked":["Dagger Throw","Outmaneuver","Night Terror"],"picked":"SKIP","floor":30.0},{"not_picked":["Blade Dance","Caltrops","Deflect"],"picked":"SKIP","floor":31.0},{"not_picked":["Doppelganger","Grand Finale"],"picked":"Corpse Explosion","floor":33.0},{"not_picked":["Acrobatics+1","Dagger Spray+1"],"picked":"Cloak And Dagger","floor":35.0},{"not_picked":["PiercingWail","Acrobatics","Setup"],"picked":"SKIP","floor":37.0},{"not_picked":["Eviscerate","Skewer+1","Dagger Spray+1"],"picked":"SKIP","floor":39.0},{"not_picked":["Sucker Punch","Slice+1","Backflip+1"],"picked":"SKIP","floor":41.0},{"not_picked":["Concentrate","Flying Knee","Crippling Poison"],"picked":"SKIP","floor":42.0},{"not_picked":["Quick Slash+1","Infinite Blades"],"picked":"Backflip","floor":44.0},{"not_picked":["Predator+1","Backflip"],"picked":"Endless Agony","floor":45.0},{"not_picked":["Prepared","Corpse Explosion","Dagger Throw+1"],"picked":"SKIP","floor":48.0}],"player_experience":93848,"relics_obtained":[{"floor":8.0,"key":"Art of War"},{"floor":9.0,"key":"Mercury Hourglass"},{"floor":11.0,"key":"Pear"},{"floor":23.0,"key":"Snake Skull"},{"floor":26.0,"key":"InkBottle"},{"floor":28.0,"key":"Sundial"},{"floor":30.0,"key":"Turnip"},{"floor":42.0,"key":"Ornamental Fan"},{"floor":43.0,"key":"Oddly Smooth Stone"},{"floor":45.0,"key":"Juzu Bracelet"}],"event_choices":[{"damage_healed":0.0,"max_hp_gain":0.0,"max_hp_loss":0.0,"gold_gain":63.0,"event_name":"Golden Wing","player_choice":"Gained Gold","floor":2.0,"gold_loss":0.0,"damage_taken":0.0},{"damage_healed":0.0,"max_hp_gain":0.0,"max_hp_loss":0.0,"gold_gain":0.0,"event_name":"Scrap Ooze","player_choice":"Success","floor":5.0,"gold_loss":0.0,"damage_taken":12.0,"relics_obtained":["StoneCalendar"]},{"damage_healed":0.0,"max_hp_gain":0.0,"max_hp_loss":0.0,"gold_gain":0.0,"event_name":"Lab","player_choice":"Got Potions","floor":12.0,"gold_loss":0.0,"damage_taken":0.0},{"cards_removed":["Strike_G"],"damage_healed":0.0,"max_hp_gain":0.0,"max_hp_loss":0.0,"gold_gain":0.0,"event_name":"Purifier","player_choice":"Purged","floor":19.0,"gold_loss":0.0,"damage_taken":0.0},{"damage_healed":0.0,"max_hp_gain":0.0,"max_hp_loss":0.0,"gold_gain":0.0,"event_name":"The Woman in Blue","player_choice":"Bought 0 Potions","floor":21.0,"gold_loss":0.0,"damage_taken":0.0},{"damage_healed":0.0,"max_hp_gain":0.0,"max_hp_loss":0.0,"gold_gain":0.0,"event_name":"Accursed Blacksmith","player_choice":"Forge","floor":36.0,"gold_loss":0.0,"damage_taken":0.0,"cards_upgraded":["Cloak And Dagger"]},{"damage_healed":0.0,"max_hp_gain":0.0,"max_hp_loss":0.0,"gold_gain":0.0,"event_name":"Mysterious Sphere","player_choice":"Ignored","floor":47.0,"gold_loss":0.0,"damage_taken":0.0}],"is_beta":false,"boss_relics":[{"not_picked":["Pandora\u0027s Box","Empty Cage"],"picked":"Sozu"},{"not_picked":["Snecko Eye","Runic Pyramid"],"picked":"SlaversCollar"}],"items_purged_floors":[],"is_endless":false,"potions_floor_spawned":[1,10,14,16,18,22,28,33,37,41,45,48],"ascension_level":3}}