{"host":"q349ucdsdrgdzjwk","time":1612974104,"event":{"mods":["2.2 Compatiblity","A Penny For Your Troubles","AchievementEnabler","BaseMod","Beaked The Cultist","Better Altar","Better Match","Better Note","Better Skull","Better Third Choice","BetterRewards","Displayed Cursed Tome","Downfall","Friendly Minions","Googly Eyes","Gremlin Mod","Hermit","Hubris","Infinite Spire","Marisa????????","Minty Spire (QoL Compilation)","Permanent Neow","Relic Filter Mod","Reliquary","Replay The Spire","Robot Space Explorer","Shop Mod","Spire Arcade","StSLib","The Construct","The Cursed","The Disciple","The Marked","The Necromancer","The Servant 0.9.4","TheVacant","Transform Curses"],"gold_per_floor":[117,130,130,140,156,181,141,170,170,190,190,190,207,236,236,340,340,355,355,375,386,386,386,399,431,431,431,431,415,440,212,212,212,212],"floor_reached":33,"language":"ENG","playtime":1886,"items_purged":["hermit:Covet"],"score":516,"play_id":"f03513e6-bb23-4de6-b8c6-a6ce2f71ad8a","local_time":"20210210162144","is_ascension_mode":true,"campfire_choices":[{"data":"hermit:Maintenance","floor":12,"key":"SMITH"},{"data":"hermit:Showdown","floor":15,"key":"SMITH"},{"data":"beaked:AwakenedForm","floor":23,"key":"SMITH"},{"data":"beaked:Brace","floor":27,"key":"SMITH"},{"floor":32,"key":"DIG"}],"circlet_count":0,"master_deck":["hermit:Strike_Hermit","hermit:Strike_Hermit","hermit:Strike_Hermit","hermit:Strike_Hermit","hermit:Defend_Hermit","hermit:Defend_Hermit","hermit:Defend_Hermit","hermit:Defend_Hermit","hermit:Snapshot","Discovery+1","hermit:EyeOfTheStorm","beaked:Brace+1","hermit:Showdown+1","hermit:Maintenance+1","hermit:Shortfuse","beaked:AwakenedForm+1","hermit:LuckOfTheDraw+1","hermit:TakeCover","ReplayTheSpireMod:Brewmster"],"relics":["Simple Rune","MerchantsRug","Mango","Membership Card","reliquary:WeakTea","Counterbalance","hubris:FunFungus","hubris:DisguiseKit","reliquary:IridiumChain","reliquary:Firecrackers","Turnip","Potion Belt","beaked:SacredDeck","Mirror","ReplayTheSpireMod:TigerMarble","InkBottle","War Paint","PreservedInsect","Ginger","Bronze Scales"],"acts_visited":["Exordium","TheCity"],"potions_floor_usage":[14,14,14,21,24,25,33],"damage_taken":[{"damage":0,"enemies":"Cultist","floor":1,"turns":3},{"damage":3,"enemies":"2 Louse","floor":2,"turns":3},{"damage":2,"enemies":"Jaw Worm","floor":4,"turns":2},{"damage":0,"enemies":"Exordium Wildlife","floor":5,"turns":4},{"damage":19,"enemies":"Gremlin Nob","floor":6,"turns":4},{"damage":33,"enemies":"3 Sentries","floor":8,"turns":8},{"damage":0,"enemies":"Exordium Thugs","floor":10,"turns":4},{"damage":2,"enemies":"2 Fungi Beasts","floor":13,"turns":2},{"damage":0,"enemies":"Lagavulin","floor":14,"turns":2},{"damage":12,"enemies":"Hexaghost","floor":16,"turns":9},{"damage":9,"enemies":"Shell Parasite","floor":18,"turns":4},{"damage":10,"enemies":"3 Byrds","floor":20,"turns":6},{"damage":12,"enemies":"3 Cultists","floor":21,"turns":4},{"damage":17,"enemies":"Snake Plant","floor":24,"turns":4},{"damage":52,"enemies":"Book of Stabbing","floor":25,"turns":6},{"damage":7,"enemies":"Replay:Snechameleon","floor":30,"turns":4},{"damage":5,"enemies":"hubris:MusketHawk","floor":33,"turns":1}],"seed_played":"-7376040632076561213","potions_obtained":[{"floor":6,"key":"Languid Potion"},{"floor":8,"key":"SteroidPotion"},{"floor":10,"key":"Fire Potion"},{"floor":13,"key":"Dexterity Potion"},{"floor":16,"key":"construct:ShiftPotion"},{"floor":18,"key":"PowerPotion"},{"floor":24,"key":"Toxic Potion"},{"floor":30,"key":"DistilledChaos"}],"is_trial":false,"path_per_floor":["M","M","?","M","M","E","$","E","T","M","T","R","M","E","R","B",null,"M","?","M","M","T","R","M","E","T","R","?","$","E","$","R","B"],"character_chosen":"HERMIT","items_purchased":["Simple Rune","MerchantsRug","Membership Card","reliquary:WeakTea","Discovery","hermit:Showdown","War Paint","ReplayTheSpireMod:Brewmster","Ginger"],"campfire_rested":0,"item_purchase_floors":[0,0,0,0,0,7,29,31,31],"current_hp_per_floor":[89,89,89,87,89,70,70,39,39,39,39,39,39,39,39,30,89,81,81,80,71,71,71,61,9,9,9,9,9,2,2,2,0,0],"gold":212,"neow_bonus":"","is_daily":false,"chose_seed":false,"campfire_upgraded":4,"win_rate":0.0,"timestamp":1612974104,"path_taken":["M","M","?","M","M","E","$","E","T","M","?","R","M","E","R","BOSS","M","?","M","M","?","R","M","E","T","R","?","$","E","$","R","BOSS"],"items_purchased_type":["Relic","Relic","Relic","Relic","Card","Card","Relic","Card","Relic"],"build_version":"2020-12-22","purchased_purges":1,"victory":false,"max_hp_per_floor":[89,89,89,89,89,89,89,89,89,89,89,89,89,89,89,89,89,89,89,89,89,89,89,89,89,89,89,89,89,89,89,89,89,89],"card_choices":[{"not_picked":["hermit:FlashPowder","hermit:BodyArmor"],"picked":"hermit:EyeOfTheStorm","floor":1},{"not_picked":["hermit:LowProfile","hermit:TrackingShot","hermit:Midnight"],"picked":"SKIP","floor":2},{"not_picked":["hermit:Glare","hermit:Manifest","hermit:BodyArmor"],"picked":"beaked:Brace","floor":4},{"not_picked":["hermit:Ricochet","hermit:NoHoldsBarred","hermit:CalledShot","beaked:CursingBlood"],"picked":"SKIP","floor":5},{"not_picked":["hermit:ShadowCloak","hermit:Vantage","hermit:HighCaliber","beaked:BarbedWire"],"picked":"SKIP","floor":6},{"not_picked":["hermit:Gestalt","hermit:HighCaliber","hermit:Snipe","beaked:FakeOut"],"picked":"SKIP","floor":8},{"not_picked":["hermit:BodyArmor","hermit:LoneWolf","beaked:SurvivalInstinct"],"picked":"hermit:Maintenance","floor":10},{"not_picked":["hermit:Determination","hermit:HighCaliber","beaked:Roost"],"picked":"hermit:Shortfuse","floor":13},{"not_picked":["hermit:HoleUp","hermit:Shortfuse","hermit:Coalescence","beaked:FeelMyPain"],"picked":"SKIP","floor":14},{"not_picked":["hermit:NoHoldsBarred","hermit:Snipe+1","hermit:Feint","beaked:BraceForImpact"],"picked":"SKIP","floor":18},{"not_picked":["hermit:ItchyTrigger","hermit:Horror","hermit:Brawl","beaked:Poke"],"picked":"SKIP","floor":20},{"not_picked":["hermit:Feint","hermit:Scavenge","hermit:Headshot","beaked:Poke"],"picked":"SKIP","floor":21},{"not_picked":["hermit:TakeAim","hermit:Combo","beaked:StunningBlow"],"picked":"hermit:LuckOfTheDraw+1","floor":24},{"not_picked":["hermit:Misfire","hermit:Desperado","hermit:Deadeye","beaked:Windmill"],"picked":"SKIP","floor":25},{"not_picked":["hermit:Showdown","hermit:RoundhouseKick","beaked:Daydream"],"picked":"hermit:TakeCover","floor":30}],"player_experience":461157,"relics_obtained":[{"floor":6,"key":"reliquary:IridiumChain"},{"floor":8,"key":"reliquary:Firecrackers"},{"floor":9,"key":"infinitespire:Eraser"},{"floor":11,"key":"Turnip"},{"floor":14,"key":"Potion Belt"},{"floor":22,"key":"Mirror"},{"floor":25,"key":"ReplayTheSpireMod:TigerMarble"},{"floor":26,"key":"InkBottle"},{"floor":30,"key":"PreservedInsect"},{"floor":32,"key":"Bronze Scales"}],"event_choices":[{"damage_healed":0,"gold_gain":0,"player_choice":"Ignored","damage_taken":0,"max_hp_gain":0,"max_hp_loss":0,"event_name":"betterNote:BetterNote","floor":19,"gold_loss":0,"cards_obtained":["hermit:EyeOfTheStorm"]}],"is_beta":false,"boss_relics":[{"not_picked":["SlaversCollar","hermit:DentedPlate"],"picked":"beaked:SacredDeck"}],"items_purged_floors":[0],"is_endless":false,"potions_floor_spawned":[6,8,10,13,16,18,24,30],"killed_by":"hubris:MusketHawk","ascension_level":4}}