{"host":"bg0cyinkrjnqf173","time":1612927772,"event":{"mods":["Aspiration","BaseMod","Beaked The Cultist","Better Third Choice","BetterRewards","Colored Map","Conspire","Custom Start","Defuse TimeMaze Blight","Displayed Cursed Tome","Googly Eyes","Halation","Hermit","Hubris","Infinite Spire","Jedi Mod","Minty Spire (QoL Compilation)","Permanent Neow","Quick Restart","Rare Cards Sparkle","Relic Sorter","Reliquary","Replay The Spire","Shop Mod","Spicy Shops","Spikes Relics","StSLib","The Bladedancer","The Construct","The Valiant","Uncapped"],"gold_per_floor":[112,126,4,14,25,53,65,89,101,113,140,152,164,189,201,311,323,355,282,294,323,365,377,402,414,450,512,549,561,592,620,632,644,644],"floor_reached":33,"language":"ENG","playtime":3392,"items_purged":[],"score":282,"play_id":"a657c223-50ab-42ed-9b37-61097466ef0d","local_time":"20210209222932","is_ascension_mode":true,"campfire_choices":[{"data":"Bouncing Flask","floor":7.0,"key":"SMITH"},{"floor":13.0,"key":"REST"},{"floor":15.0,"key":"REST"},{"floor":23.0,"key":"REST"},{"data":"Wraith Form v2","floor":25.0,"key":"SMITH"},{"floor":29.0,"key":"REST"},{"data":"hubris:DuctTapeCard","floor":32.0,"key":"SMITH"}],"circlet_count":0,"master_deck":["Strike_G","Strike_G","Strike_G","Strike_G","Defend_G","Defend_G","Defend_G","Defend_G","Defend_G","Survivor","Neutralize","ReplayTheSpireMod:Speed Training","Bouncing Flask+1","Writhe","Deadly Poison","InfectiousVector","Acrobatics","Bullet Time","After Image","Hallucinations","ReplayTheSpireMod:Chaos Vortex","Good Instincts","Wraith Form v2+1","Eruption","Backflip","Outmaneuver+1","jedi:pocketpoison","conspire:DoublingDagger","Bane","hubris:DuctTapeCard"],"relics":["construct:ClawGrip","halation:PinkSoulGem","hubris:64BitClover","MawBank","infinitespire:CheckeredPen","ReplayTheSpireMod:SealedPack","Gambling Chip","Prayer Beads","Turnip","Ancient Tea Set","hubris:DuctTape"],"acts_visited":["Exordium","TheCity"],"potions_floor_usage":[33,33,33],"damage_taken":[{"damage":3.0,"enemies":"Jaw Worm","floor":1.0,"turns":4.0},{"damage":0.0,"enemies":"Cultist","floor":2.0,"turns":4.0},{"damage":0.0,"enemies":"2 Louse","floor":4.0,"turns":2.0},{"damage":15.0,"enemies":"Lots of Slimes","floor":5.0,"turns":5.0},{"damage":7.0,"enemies":"Lagavulin","floor":6.0,"turns":7.0},{"damage":6.0,"enemies":"Large Slime","floor":8.0,"turns":6.0},{"damage":7.0,"enemies":"conspire:2 RoseBushes","floor":11.0,"turns":4.0},{"damage":7.0,"enemies":"2 Fungi Beasts","floor":14.0,"turns":6.0},{"damage":29.0,"enemies":"The Guardian","floor":16.0,"turns":9.0},{"damage":18.0,"enemies":"Chosen","floor":18.0,"turns":8.0},{"damage":9.0,"enemies":"conspire:FuzzyDice","floor":21.0,"turns":7.0},{"damage":21.0,"enemies":"conspire:MimicChest","floor":22.0,"turns":8.0},{"damage":0.0,"enemies":"Sentry and Sphere","floor":24.0,"turns":5.0},{"damage":26.0,"enemies":"Gremlin Leader","floor":28.0,"turns":9.0},{"damage":4.0,"enemies":"Shelled Parasite and Fungi","floor":30.0,"turns":2.0},{"damage":0.0,"enemies":"Snecko","floor":31.0,"turns":5.0},{"damage":57,"enemies":"Champ","floor":33,"turns":13}],"seed_played":"1282315233390613440","potions_obtained":[{"floor":2.0,"key":"DuplicationPotion"},{"floor":4.0,"key":"construct:ShiftPotion"},{"floor":5.0,"key":"CunningPotion"},{"floor":8.0,"key":"Weak Potion"},{"floor":14.0,"key":"jedi:StrikingPotion"},{"floor":21.0,"key":"Reflective Coating"},{"floor":24.0,"key":"Adrenaline Potion"},{"floor":28.0,"key":"Explosive Potion"},{"floor":31.0,"key":"Regen Potion"}],"is_trial":false,"path_per_floor":["M","M","$","M","M","E","R","M","T","?","M","?","R","M","R","B",null,"M","?","?","M","?","R","M","R","T","?","E","R","M","M","R","B"],"character_chosen":"THE_SILENT","items_purchased":["hubris:64BitClover"],"campfire_rested":4,"item_purchase_floors":[3],"current_hp_per_floor":[67,67,67,67,52,45,45,39,39,39,32,32,53,46,67,38,70,52,52,52,43,22,43,43,43,43,43,17,38,34,34,34,0,0],"gold":644,"neow_bonus":"BOSS_RELIC","is_daily":false,"chose_seed":false,"campfire_upgraded":3,"win_rate":0.0,"timestamp":1612927772,"path_taken":["M","M","$","M","M","E","R","M","T","?","?","?","R","?","R","BOSS","M","?","?","M","?","R","M","R","T","?","E","R","?","M","R","BOSS"],"items_purchased_type":["Relic"],"build_version":"2020-12-22","purchased_purges":0,"victory":false,"max_hp_per_floor":[70,70,70,70,70,70,70,70,70,70,70,70,70,70,70,70,70,70,70,70,70,70,70,70,70,70,70,70,70,70,70,70,70,70],"card_choices":[{"not_picked":["Prepared","Finisher"],"picked":"ReplayTheSpireMod:Speed Training","floor":1.0},{"not_picked":["Cloak And Dagger","Outmaneuver"],"picked":"Bouncing Flask","floor":2.0},{"not_picked":["Slice","Setup"],"picked":"Deadly Poison","floor":4.0},{"not_picked":["Dodge and Roll","Eviscerate"],"picked":"InfectiousVector","floor":5.0},{"not_picked":["Sucker Punch","Deflect"],"picked":"Acrobatics","floor":6.0},{"not_picked":["Outmaneuver","Sucker Punch","Slice"],"picked":"SKIP","floor":8.0},{"not_picked":["Expertise","Masterful Stab"],"picked":"Bullet Time","floor":11.0},{"not_picked":["Backstab","Deflect"],"picked":"jedi:pocketpoison","floor":14.0},{"not_picked":["A Thousand Cuts","Burst"],"picked":"After Image","floor":16.0},{"not_picked":["ReplayTheSpireMod:Black Plague","hubris:InfiniteBlow"],"picked":"ReplayTheSpireMod:Chaos Vortex","floor":17.0},{"not_picked":["ReplayTheSpireMod:Uncanny Aura","Degenerate"],"picked":"Good Instincts","floor":17.0},{"not_picked":["Corpse Explosion","Unload"],"picked":"Wraith Form v2","floor":17.0},{"not_picked":["construct:DefenseMode","Survivor"],"picked":"Eruption","floor":17.0},{"not_picked":["Slice","Acrobatics"],"picked":"Backflip","floor":18.0},{"not_picked":["Pace","hubris:Sniper","Poisoned Stab+1"],"picked":"SKIP","floor":21.0},{"not_picked":["ReplayTheSpireMod:Speed Training","ReplayTheSpireMod:Necrosis"],"picked":"Outmaneuver+1","floor":22.0},{"not_picked":["Deadly Poison","Pace+1"],"picked":"jedi:pocketpoison","floor":24.0},{"not_picked":["jedi:pocketpoison","Deflect"],"picked":"conspire:DoublingDagger","floor":28.0},{"not_picked":["Underhanded Strike+1","Calculated Gamble+1"],"picked":"Bane","floor":30.0},{"not_picked":["Poisoned Stab","Deflect","jedi:pocketpoison"],"picked":"SKIP","floor":31.0}],"player_experience":864146,"relics_obtained":[{"floor":6.0,"key":"MawBank"},{"floor":9.0,"key":"infinitespire:CheckeredPen"},{"floor":18.0,"key":"Gambling Chip"},{"floor":22.0,"key":"Turnip"},{"floor":26.0,"key":"Ancient Tea Set"},{"floor":28.0,"key":"hubris:DuctTape"}],"event_choices":[{"damage_healed":0.0,"max_hp_gain":0.0,"max_hp_loss":0.0,"gold_gain":0.0,"event_name":"The Woman in Blue","player_choice":"Bought 0 Potions","floor":10.0,"gold_loss":0.0,"damage_taken":0.0},{"damage_healed":0.0,"max_hp_gain":0.0,"max_hp_loss":0.0,"gold_gain":0.0,"cards_transformed":["Strike_G"],"event_name":"Transmorgrifier","player_choice":"Transformed","floor":12.0,"gold_loss":0.0,"damage_taken":0.0,"cards_obtained":["jedi:poisonivy"]},{"damage_healed":0.0,"max_hp_gain":0.0,"max_hp_loss":0.0,"gold_gain":0.0,"event_name":"Addict","player_choice":"Obtained Relic","floor":19.0,"gold_loss":85.0,"damage_taken":0.0,"relics_obtained":["Prayer Beads"]},{"damage_healed":0.0,"max_hp_gain":0.0,"max_hp_loss":0.0,"gold_gain":100.0,"event_name":"The Joust","player_choice":"Bet on Murderer","floor":27.0,"gold_loss":50.0,"damage_taken":0.0}],"is_beta":false,"boss_relics":[{"not_picked":["Snecko Scales","reliquary:Ember"],"picked":"ReplayTheSpireMod:SealedPack"}],"items_purged_floors":[],"is_endless":false,"potions_floor_spawned":[2,4,5,8,14,21,22,24,28,31],"killed_by":"Champ","ascension_level":1}}