{"host":"og21o26alpnbwmz8","time":1612976647,"event":{"mods":["100% Spire Juice","Act Like it!","Aspiration","BaseMod","Conspire","Downfall","Gensokyo","Halation","Hubris","Jedi Mod","Mimic Mod","Minty Spire (QoL Compilation)","Pale of the Ancients","Reliquary","Replay The Spire","Robot Space Explorer","Shop Mod","Spikes Relics","StSLib","The Alterego","The Blue Laboratory","The Marked","Waifu the Spire"],"gold_per_floor":[112,112,112,126,145,145,74,74,74,74,59,59,72,72,72,202,202,216,216,216,232,11,11,11,36,115,115,160,160,183,108,108,233,233,254,272,272,285,139,139,199,199,199,218,243,257,291,305,305,305,305,305,305],"floor_reached":52,"language":"ENG","playtime":1813,"items_purged":["RobotSpaceExplorer:Defend+1"],"score":739,"play_id":"30c37cf5-bc18-47fb-b7e1-a784af55862d","local_time":"20210210120407","is_ascension_mode":false,"campfire_choices":[{"data":"RobotSpaceExplorer:Pulsar","floor":6.0,"key":"SMITH"},{"data":"RobotSpaceExplorer:StarDust","floor":8.0,"key":"SMITH"},{"data":"RobotSpaceExplorer:Scan","floor":10.0,"key":"SMITH"},{"data":"RobotSpaceExplorer:Defend","floor":15.0,"key":"SMITH"},{"data":"RobotSpaceExplorer:Comet","floor":23.0,"key":"SMITH"},{"floor":29.0,"key":"RECALL"},{"data":"hubris:DuctTapeCard","floor":32.0,"key":"SMITH"},{"floor":40.0,"key":"REST"},{"floor":42.0,"key":"REST"},{"floor":49,"key":"REST"}],"circlet_count":0,"master_deck":["RobotSpaceExplorer:Scan+1","RobotSpaceExplorer:StarDust+1","RobotSpaceExplorer:Comet+1","RobotSpaceExplorer:TrailblazerForm"],"relics":["RobotSpaceExplorer:RoboCore","NeowsBlessing","hubris:DuctTape","Golden Idol","halation:CatFaceCupcake","hubris:Icosahedron","reliquary:Aerogel","Sundial","Orichalcum","halation:AfternoonTea","Fusion Hammer","hubris:Towel","Juzu Bracelet","Shovel","The Courier","paleoftheancients:Timepiece","paleoftheancients:KeyRelic","Anchor","Letter Opener"],"acts_visited":["Exordium","TheCity","TheBeyond","TheBeyond"],"potions_floor_usage":[],"damage_taken":[{"damage":0.0,"enemies":"2 Louse","floor":1.0,"turns":1.0},{"damage":0.0,"enemies":"Cultist","floor":4.0,"turns":1.0},{"damage":0.0,"enemies":"Jaw Worm","floor":5.0,"turns":1.0},{"damage":9.0,"enemies":"Exordium Thugs","floor":11.0,"turns":5.0},{"damage":0.0,"enemies":"Blue Slaver","floor":13.0,"turns":5.0},{"damage":59.0,"enemies":"Fading Forest","floor":16.0,"turns":11.0},{"damage":1.0,"enemies":"2 Thieves","floor":18.0,"turns":5.0},{"damage":0.0,"enemies":"Shell Parasite","floor":21.0,"turns":7.0},{"damage":0.0,"enemies":"Centurion and Healer","floor":25.0,"turns":4.0},{"damage":3.0,"enemies":"conspire:MimicChest","floor":28.0,"turns":7.0},{"damage":3.0,"enemies":"Snake Plant","floor":30.0,"turns":4.0},{"damage":0.0,"enemies":"conspire:MysteriousRune","floor":33.0,"turns":5.0},{"damage":0.0,"enemies":"3 Shapes","floor":35.0,"turns":3.0},{"damage":2.0,"enemies":"3 Darklings","floor":36.0,"turns":4.0},{"damage":0.0,"enemies":"Sphere and 2 Shapes","floor":38.0,"turns":3.0},{"damage":45.0,"enemies":"2 Orb Walkers","floor":41.0,"turns":4.0},{"damage":0.0,"enemies":"Maw","floor":44.0,"turns":4.0},{"damage":5.0,"enemies":"Writhing Mass","floor":45.0,"turns":3.0},{"damage":10.0,"enemies":"Transient","floor":46.0,"turns":5.0},{"damage":14,"enemies":"R_Hoarder","floor":47,"turns":8},{"damage":8,"enemies":"3 Darklings","floor":48,"turns":3},{"damage":41,"enemies":"Time Eater","floor":50,"turns":5},{"damage":77,"enemies":"Time Eater","floor":51,"turns":4},{"damage":76,"enemies":"Time Eater","floor":52,"turns":4}],"seed_played":"2546079770632762802","potions_obtained":[{"floor":1.0,"key":"jedi:mysterypotion"},{"floor":13.0,"key":"Slimebound:ThreeZeroPotion"},{"floor":18.0,"key":"blueLaboratory:ArtificerPotion"},{"floor":25.0,"key":"jedi:StrikingPotion"},{"floor":38.0,"key":"blueLaboratory:BottledHope"}],"is_trial":false,"path_per_floor":["M","?","?","M","M","R","$","R","T","R","M","?","M","T","R","B",null,"M","?","?","M","$","R","$","M","T","?","?","R","M","$","R","B",null,"M","M","?","M","$","R","?","R","T","M","M","M","E","M","R","B","M","M"],"character_chosen":"RobotSpaceExplorer","items_purchased":["RobotSpaceExplorer:StarDust","RobotSpaceExplorer:Comet","reliquary:Aerogel","Juzu Bracelet"],"campfire_rested":3,"item_purchase_floors":[7,22,22,39],"current_hp_per_floor":[75,80,80,80,80,80,80,80,80,80,71,71,71,71,71,16,74,73,73,73,73,73,73,73,73,73,73,70,70,67,67,67,67,74,74,72,72,72,72,74,33,55,55,69,64,54,40,32,54,74,74,0,0],"gold":305,"neow_bonus":"THREE_ENEMY_KILL","is_daily":false,"chose_seed":false,"campfire_upgraded":6,"win_rate":0.0,"timestamp":1612976647,"path_taken":["M","?","?","?","M","R","$","R","T","R","M","?","?","?","R","BOSS","M","?","?","?","$","R","?","?","T","?","?","R","?","$","R","BOSS","M","M","?","M","$","R","?","R","T","M","M","M","E","M","R","BOSS","M","M"],"items_purchased_type":["Card","Card","Relic","Relic"],"build_version":"2020-12-22","purchased_purges":1,"victory":false,"max_hp_per_floor":[75,80,80,80,80,80,80,80,80,80,80,74,74,74,74,74,74,74,74,74,74,74,74,74,74,74,74,74,74,74,74,74,74,74,74,74,74,74,74,74,74,74,74,74,74,74,74,74,74,74,74,74,74],"card_choices":[{"not_picked":["RobotSpaceExplorer:Calculate","RobotSpaceExplorer:RigExplosive"],"picked":"RobotSpaceExplorer:Pulsar","floor":1.0},{"not_picked":["RobotSpaceExplorer:ToxicBomb","RobotSpaceExplorer:ShovelStrike","RobotSpaceExplorer:ScrapMissile"],"picked":"SKIP","floor":4.0},{"not_picked":["RobotSpaceExplorer:MiniDrones","RobotSpaceExplorer:Counterblock","RobotSpaceExplorer:GlueSpray"],"picked":"SKIP","floor":5.0},{"not_picked":["RobotSpaceExplorer:ScrapMissile","RobotSpaceExplorer:ToxicBomb"],"picked":"RobotSpaceExplorer:Wormhole","floor":11.0},{"not_picked":["RobotSpaceExplorer:ImprovisedAttack","RobotSpaceExplorer:FreezingShield","RobotSpaceExplorer:Ammunition"],"picked":"SKIP","floor":13.0},{"not_picked":["RobotSpaceExplorer:ScrapShield","RobotSpaceExplorer:Probe"],"picked":"RobotSpaceExplorer:Counterblock+1","floor":18.0},{"not_picked":["RobotSpaceExplorer:StunGrenade","RobotSpaceExplorer:ScrapMissile+1","RobotSpaceExplorer:ImprovisedAttack"],"picked":"SKIP","floor":21.0},{"not_picked":["RobotSpaceExplorer:GlueShot+1","RobotSpaceExplorer:Electropulse","RobotSpaceExplorer:Ammunition+1"],"picked":"SKIP","floor":25.0},{"not_picked":["RobotSpaceExplorer:ScrapMissile","RobotSpaceExplorer:Fix+1","RobotSpaceExplorer:Probe+1"],"picked":"SKIP","floor":30.0},{"not_picked":["RobotSpaceExplorer:BlastShield","RobotSpaceExplorer:HighVoltage"],"picked":"RobotSpaceExplorer:TrailblazerForm","floor":33.0},{"not_picked":["RobotSpaceExplorer:IronShell","RobotSpaceExplorer:MiniDrones","RobotSpaceExplorer:StunGrenade"],"picked":"SKIP","floor":35.0},{"not_picked":["RobotSpaceExplorer:StunGrenade+1","RobotSpaceExplorer:MiniDrones","RobotSpaceExplorer:FrostMissile+1"],"picked":"SKIP","floor":36.0},{"not_picked":["RobotSpaceExplorer:Wormhole","RobotSpaceExplorer:Electropulse+1","RobotSpaceExplorer:ShockKick"],"picked":"SKIP","floor":38.0},{"not_picked":["RobotSpaceExplorer:FrostMissile+1","RobotSpaceExplorer:RigExplosive+1","RobotSpaceExplorer:GlueShot"],"picked":"SKIP","floor":44.0},{"not_picked":["RobotSpaceExplorer:BigMissile+1","RobotSpaceExplorer:SurgingShield+1","RobotSpaceExplorer:GlueShot+1"],"picked":"SKIP","floor":45.0},{"not_picked":["RobotSpaceExplorer:Pulsar","RobotSpaceExplorer:SwiftStep+1","RobotSpaceExplorer:ShovelStrike+1"],"picked":"SKIP","floor":46.0},{"not_picked":["RobotSpaceExplorer:MiniDrones","RobotSpaceExplorer:StunGrenade+1","RobotSpaceExplorer:FranticSearch"],"picked":"SKIP","floor":47},{"not_picked":["RobotSpaceExplorer:Ammunition","RobotSpaceExplorer:BigMissile+1","RobotSpaceExplorer:ChargingLaser"],"picked":"SKIP","floor":48}],"player_experience":246518,"relics_obtained":[{"floor":9.0,"key":"hubris:DuctTape"},{"floor":26.0,"key":"Sundial"},{"floor":27.0,"key":"Orichalcum"},{"floor":28.0,"key":"halation:AfternoonTea"},{"floor":41.0,"key":"Shovel"},{"floor":43.0,"key":"The Courier"}],"event_choices":[{"damage_healed":0.0,"max_hp_gain":5.0,"max_hp_loss":0.0,"gold_gain":0.0,"event_name":"Big Fish","player_choice":"Donut","floor":2.0,"gold_loss":0.0,"damage_taken":0.0},{"cards_removed":["RobotSpaceExplorer:Strike"],"damage_healed":0.0,"max_hp_gain":0.0,"max_hp_loss":0.0,"gold_gain":0.0,"event_name":"Bonfire Elementals","player_choice":"Offered Basic","floor":3.0,"gold_loss":0.0,"damage_taken":0.0},{"damage_healed":0.0,"max_hp_gain":0.0,"max_hp_loss":6.0,"gold_gain":0.0,"event_name":"Golden Idol","player_choice":"Lose Max HP","floor":12.0,"gold_loss":0.0,"damage_taken":0.0,"relics_obtained":["Golden Idol"]},{"damage_healed":0.0,"max_hp_gain":0.0,"max_hp_loss":0.0,"gold_gain":0.0,"event_name":"Vampires","player_choice":"Ignored","floor":20.0,"gold_loss":0.0,"damage_taken":0.0},{"damage_healed":0.0,"max_hp_gain":0.0,"max_hp_loss":0.0,"gold_gain":0.0,"event_name":"Mysterious Sphere","player_choice":"Fight","floor":41.0,"gold_loss":0.0,"damage_taken":0.0}],"is_beta":false,"boss_relics":[{"not_picked":["hubris:Stopwatch","ReplayTheSpireMod:DimensionalGlitch"],"picked":"halation:CatFaceCupcake"},{"not_picked":["aspiration:WatcherSkillbook","bronze:MakeshiftBattery"],"picked":"Fusion Hammer"}],"items_purged_floors":[31],"is_endless":false,"potions_floor_spawned":[1,13,18,25,36,38,46,48],"killed_by":"Time Eater","ascension_level":0}}