{"host":"824exx23qlyrdtjz","time":1612997149,"event":{"mods":["BaseMod","Colored Map","Downfall","Minty Spire (QoL Compilation)","StSLib"],"gold_per_floor":[99,99,99,99,117,135,135,310,310,327,327,358,375,389,408,512,512,512,531,631,644,655,11,11,11,11,31,60,60,60,70,89,193,193,93,93,93,93,93],"floor_reached":37,"language":"ENG","playtime":1464,"items_purged":["Slimebound:Strike_Slimebound"],"score":389,"play_id":"f87cb296-7a35-448b-9d25-15822d7eb575","local_time":"20210210174549","is_ascension_mode":false,"campfire_choices":[{"data":"Slimebound:CorrosiveSpit","floor":1,"key":"SMITH"},{"data":"Slimebound:MegaLick","floor":18,"key":"SMITH"},{"floor":25,"key":"RECALL"},{"data":"Slimebound:Schlurp","floor":29,"key":"SMITH"},{"data":"Slimebound:OozeBath","floor":35,"key":"SMITH"}],"circlet_count":0,"master_deck":["Slimebound:Tackle","Slimebound:Defend_Slimebound","Slimebound:Defend_Slimebound","Slimebound:Defend_Slimebound","Slimebound:Defend_Slimebound","Slimebound:Split","Slimebound:CorrosiveSpit+1","Slimebound:SlimeSpikes","Slimebound:MegaLick","Slimebound:HauntingLick","bronze:Strike","Slimebound:HauntingLick","Slimebound:DuplicatedForm+1","Slimebound:SlimeSpikes","Slimebound:MegaLick+1","Slimebound:SamplingLick","Slimebound:Schlurp+1","Slimebound:Recycling+1","Slimebound:SpikyOuterGoop+1","Slimebound:Recollect","Slimebound:Darklings","Slimebound:Gluttony+1","Slimebound:SamplingLick","Slimebound:Grow+1","Slimebound:SamplingLick+1","Slimebound:RejuvenatingLick","Slimebound:GoopSpray","Slimebound:OozeBath+1"],"relics":["Slimebound:AbsorbEndCombat","downfall:HeartsMalice","Prayer Wheel","Sozu","Kunai","StoneCalendar","Shuriken","Empty Cage","downfall:HeartBlessingRed","Red Mask","downfall:RedIOUUpgrade"],"acts_visited":["Exordium","TheCity","TheBeyond"],"potions_floor_usage":[13,16,21],"damage_taken":[{"damage":0,"enemies":"Cultist","floor":2,"turns":1},{"damage":0,"enemies":"Jaw Worm","floor":3,"turns":1},{"damage":0,"enemies":"Small Slimes","floor":4,"turns":1},{"damage":6,"enemies":"Blue Slaver","floor":5,"turns":4},{"damage":8,"enemies":"Red Slaver","floor":6,"turns":4},{"damage":2,"enemies":"Blue Slaver","floor":10,"turns":4},{"damage":25,"enemies":"Lagavulin","floor":12,"turns":9},{"damage":17,"enemies":"3 Louse","floor":13,"turns":3},{"damage":18,"enemies":"Large Slime","floor":14,"turns":8},{"damage":11,"enemies":"2 Fungi Beasts","floor":15,"turns":4},{"damage":21,"enemies":"SI_SHIV_ARCHETYPE","floor":16,"turns":6},{"damage":29,"enemies":"Spheric Guardian","floor":19,"turns":4},{"damage":21,"enemies":"Chosen","floor":21,"turns":5},{"damage":41,"enemies":"Sentry and Sphere","floor":22,"turns":6},{"damage":25,"enemies":"downfall:FleeingMerchant","floor":23,"turns":4},{"damage":17,"enemies":"Snake Plant","floor":27,"turns":3},{"damage":22,"enemies":"Book of Stabbing","floor":28,"turns":7},{"damage":30,"enemies":"Centurion and Healer","floor":31,"turns":6},{"damage":58,"enemies":"Chosen and Byrds","floor":32,"turns":7},{"damage":39,"enemies":"WA_ARCHETYPE_CALM","floor":33,"turns":9},{"damage":87,"enemies":"2 Orb Walkers","floor":37,"turns":5}],"seed_played":"-5038219150762414393","potions_obtained":[{"floor":6,"key":"Slimebound:ThreeZeroPotion"},{"floor":10,"key":"Swift Potion"},{"floor":12,"key":"FairyPotion"},{"floor":16,"key":"EntropicBrew"}],"is_trial":false,"path_per_floor":["R","M","M","M","M","M","T","?","?","M","?","E","M","M","M","B",null,"R","M","?","M","M","$","T","R","?","M","E","R","?","M","M","B",null,"R","?","?"],"character_chosen":"SLIMEBOUND","items_purchased":["Kunai","StoneCalendar"],"campfire_rested":0,"item_purchase_floors":[23,23],"current_hp_per_floor":[65,65,65,65,63,57,57,57,57,61,66,49,53,41,34,36,70,70,58,58,58,40,36,36,36,59,59,60,60,60,53,16,40,70,70,70,0,0,0],"gold":93,"neow_bonus":"THREE_ENEMY_KILL","is_daily":false,"chose_seed":false,"campfire_upgraded":4,"win_rate":0.0,"timestamp":1612997149,"path_taken":["R","M","M","M","?","?","T","?","?","?","?","E","M","M","M","BOSS","R","M","?","M","?","$","T","R","?","M","E","R","?","M","M","BOSS","R","?","?"],"items_purchased_type":["Relic","Relic"],"build_version":"2020-12-22","purchased_purges":1,"victory":false,"max_hp_per_floor":[65,65,65,65,65,65,65,65,65,65,70,70,70,70,70,70,70,70,70,70,70,70,70,70,70,70,70,70,70,70,70,70,70,70,70,70,70,70,70],"card_choices":[{"not_picked":["Slimebound:Chomp","Slimebound:RejuvenatingLick"],"picked":"Slimebound:SlimeSpikes","floor":2},{"not_picked":["Slimebound:BestDefense","Slimebound:GoopTackle","Slimebound:PressTheAttack"],"picked":"SKIP","floor":3},{"not_picked":["Slimebound:TongueLash","Slimebound:SlimeSpikes"],"picked":"Slimebound:MegaLick","floor":4},{"not_picked":["Slimebound:ItLooksTasty","Slimebound:SplitMire"],"picked":"Slimebound:HauntingLick","floor":5},{"not_picked":["Slimebound:RollThrough","Slimebound:Chomp","Slimebound:FinishingTackle"],"picked":"SKIP","floor":6},{"not_picked":["Slimebound:SplitAcid","Slimebound:LeadByExample+1"],"picked":"Slimebound:HauntingLick","floor":10},{"not_picked":["Slimebound:RollThrough","Slimebound:FinishingTackle"],"picked":"Slimebound:DuplicatedForm+1","floor":12},{"not_picked":["Slimebound:LivingWall","Slimebound:GoopTackle"],"picked":"Slimebound:TongueLash","floor":13},{"not_picked":["Slimebound:FinishingTackle","Slimebound:SlimeSpikes","Slimebound:BestDefense+1"],"picked":"SKIP","floor":13},{"not_picked":["Slimebound:FinishingTackle","Slimebound:BestDefense+1"],"picked":"Slimebound:SlimeSpikes","floor":13},{"not_picked":["Slimebound:LeechingTouch","Slimebound:GoopTackle"],"picked":"Slimebound:MegaLick","floor":14},{"not_picked":["Slimebound:FormOfPuddle","Slimebound:SlimeTap"],"picked":"Slimebound:SamplingLick","floor":14},{"not_picked":["Slimebound:LeechingTouch","Slimebound:SlimeTap"],"picked":"Slimebound:Schlurp","floor":15},{"not_picked":["Slimebound:DisruptingSlam","Slimebound:SplitAcid","Slimebound:SplitBruiser"],"picked":"SKIP","floor":15},{"not_picked":["Slimebound:WasteNot","Slimebound:Overexert+1"],"picked":"Slimebound:Recycling+1","floor":16},{"not_picked":["Slimebound:ComboTackle","Slimebound:SplitMire"],"picked":"Slimebound:SpikyOuterGoop+1","floor":19},{"not_picked":["Slimebound:Dissolve","Slimebound:Chomp","Slimebound:GoopTackle"],"picked":"SKIP","floor":19},{"not_picked":["Slimebound:DivideAndConquer","Slimebound:GoopTackle"],"picked":"Slimebound:Recollect","floor":21},{"not_picked":["Slimebound:SplitBruiser","Slimebound:LeadByExample+1","Slimebound:LeechEnergy"],"picked":"SKIP","floor":21},{"not_picked":["Slimebound:ViciousTackle","Slimebound:SplitAcid","Slimebound:HungryTackle"],"picked":"SKIP","floor":22},{"not_picked":["Slimebound:SplitAcid","Slimebound:Dissolve","Slimebound:SplitBruiser"],"picked":"SKIP","floor":22},{"not_picked":["Slimebound:GoopTackle","Slimebound:GrowthPunch"],"picked":"Slimebound:Darklings","floor":23},{"not_picked":["Slimebound:FlameTackle","Slimebound:SlimeSpikes+1"],"picked":"Slimebound:Gluttony+1","floor":27},{"not_picked":["Slimebound:GoopSpray+1","Slimebound:SlimeSpikes"],"picked":"Slimebound:SamplingLick","floor":27},{"not_picked":["Slimebound:PressTheAttack","Slimebound:ComboTackle"],"picked":"Slimebound:Grow+1","floor":28},{"not_picked":["Slimebound:PressTheAttack","Slimebound:SplitAcid"],"picked":"Slimebound:SamplingLick+1","floor":31},{"not_picked":["Slimebound:HauntingLick","Slimebound:HungryTackle+1"],"picked":"Slimebound:RejuvenatingLick","floor":31},{"not_picked":["Slimebound:PressTheAttack","Slimebound:SamplingLick"],"picked":"Slimebound:GoopSpray","floor":32},{"not_picked":["Slimebound:HauntingLick","Slimebound:MassRepurpose","Slimebound:Recollect"],"picked":"SKIP","floor":32},{"not_picked":["Slimebound:MassFeed","Slimebound:FirmFortitude"],"picked":"Slimebound:OozeBath","floor":33}],"player_experience":205879,"relics_obtained":[{"floor":7,"key":"Frozen Egg 2"},{"floor":12,"key":"Prayer Wheel"},{"floor":28,"key":"Shuriken"}],"event_choices":[{"cards_removed":["Doubt"],"damage_healed":0,"gold_gain":0,"player_choice":"Took Card","damage_taken":0,"max_hp_gain":0,"max_hp_loss":0,"event_name":"NoteForYourself","floor":9,"gold_loss":0,"cards_obtained":["bronze:Strike"]},{"damage_healed":0,"gold_gain":0,"player_choice":"Donut","damage_taken":0,"max_hp_gain":5,"max_hp_loss":0,"event_name":"Big Fish","floor":11,"gold_loss":0},{"damage_healed":23,"gold_gain":0,"player_choice":"Heal","damage_taken":0,"max_hp_gain":0,"max_hp_loss":0,"event_name":"The Library","floor":26,"gold_loss":0},{"damage_healed":0,"gold_gain":0,"player_choice":"Fight","damage_taken":0,"max_hp_gain":0,"max_hp_loss":0,"event_name":"Mysterious Sphere","floor":37,"gold_loss":0}],"is_beta":false,"boss_relics":[{"not_picked":["Busted Crown","bronze:MakeshiftBattery"],"picked":"Sozu"},{"not_picked":["Slimebound:AbsorbEndCombatUpgraded","Fusion Hammer"],"picked":"Empty Cage"}],"items_purged_floors":[23],"is_endless":false,"potions_floor_spawned":[6,10,12,16,19,28,33],"killed_by":"2 Orb Walkers","ascension_level":0}}