{"host":"farxtl2u8hmkbdo2","time":1612929656,"event":{"mods":["A Magickal Journey","BaseMod","Better Altar","Better Note","Better Sensory Stone","Better Skull","Better Third Choice","Challenge The Spire","Colored Map","Colored Powertips","Current Relic Mod","Downfall","Energized Spire","Fox Events","Gremlin Mod","Hermit","Hubris","Mimic Mod","Minty Spire (QoL Compilation)","Quick Restart","READ ME - Guardian Mod","Rare Cards Sparkle","StSLib","The Bladedancer","The Bug Knight","The Cursed","The Disciple","The Hierophant","The Marked","The Necromancer","The Runesmith","Transform Curses"],"gold_per_floor":[111,139,167,179,208,245,333,345,377,409,453,483,509,554,584,700,712,624,653,681,693,705,717,755,667,713,825,864,145,145,145,145],"floor_reached":30,"language":"SPA","playtime":8148,"items_purged":["downfall:Malfunctioning"],"score":305,"play_id":"ae972d29-7cf0-4432-bf18-b5206b9a060f","local_time":"20210210010056","is_ascension_mode":true,"campfire_choices":[{"data":"Slimebound:Split","floor":1.0,"key":"SMITH"},{"data":"Slimebound:GoopTackle","floor":8.0,"key":"SMITH"},{"data":"Slimebound:Recycling","floor":18.0,"key":"SMITH"},{"floor":23.0,"key":"RECALL"},{"data":"Slimebound:Gluttony","floor":25.0,"key":"SMITH"}],"circlet_count":0,"master_deck":["Slimebound:MinionMaster+1","Slimebound:Strike_Slimebound","Slimebound:Strike_Slimebound+1","Slimebound:Strike_Slimebound","Slimebound:Tackle","Slimebound:Defend_Slimebound","Slimebound:Defend_Slimebound+1","Slimebound:Defend_Slimebound+1","Slimebound:Split+1","Slimebound:CorrosiveSpit","Slimebound:SamplingLick","Slimebound:HungryTackle","Slimebound:Prepare","Slimebound:GoopTackle+1","Slimebound:Equalize","Slimebound:ForwardTackle","Slimebound:SplitSpecialist","Slimebound:Gluttony+1","Slimebound:Darklings","Slimebound:SplitAcid","Slimebound:PressTheAttack","Slimebound:TongueLash","Slimebound:SlimeSpikes","Slimebound:SplitMire","hubris:Gluttony","Slimebound:RejuvenatingLick+1","Slimebound:SlimeSpikes+1","Slimebound:Equalize+1","Slimebound:LeechingTouch+1","Slimebound:SlimeTap","Slimebound:ViciousTackle+1","expansioncontent:StudyTheSpire"],"relics":["Slimebound:AbsorbEndCombat","MawBank","hubris:OldNail","Runesmith:Nanobots","hubris:SphereOfDissonance","Oddly Smooth Stone","Cursed Key","downfall:HeartBlessingGreen","Omamori","downfall:HeartBlessingRed","Tiny Chest","Potion Belt","Molten Egg 2","hubris:EmptyBottle"],"acts_visited":["Exordium","TheCity"],"potions_floor_usage":[30,30,30,30,30,30],"damage_taken":[{"damage":3.0,"enemies":"2 Louse","floor":2.0,"turns":3.0},{"damage":4.0,"enemies":"Small Slimes","floor":3.0,"turns":4.0},{"damage":0.0,"enemies":"Jaw Worm","floor":5.0,"turns":3.0},{"damage":22.0,"enemies":"3 Sentries","floor":6.0,"turns":8.0},{"damage":6.0,"enemies":"3 Louse","floor":9.0,"turns":2.0},{"damage":6.0,"enemies":"2 Fungi Beasts","floor":10.0,"turns":2.0},{"damage":7.0,"enemies":"HollowMod:MossKnight","floor":11.0,"turns":6.0},{"damage":6.0,"enemies":"Gremlin Gang","floor":12.0,"turns":3.0},{"damage":0.0,"enemies":"3 Louse","floor":13.0,"turns":1.0},{"damage":20.0,"enemies":"Gremlin Nob","floor":14.0,"turns":3.0},{"damage":0.0,"enemies":"Large Slime","floor":15.0,"turns":3.0},{"damage":12.0,"enemies":"SI_SHIV_ARCHETYPE","floor":16.0,"turns":6.0},{"damage":5.0,"enemies":"Spheric Guardian","floor":19.0,"turns":4.0},{"damage":0.0,"enemies":"Shell Parasite","floor":20.0,"turns":3.0},{"damage":49.0,"enemies":"Gremlin Leader","floor":26.0,"turns":4.0},{"damage":50.0,"enemies":"downfall:LadyInBlue","floor":27.0,"turns":7.0},{"damage":11.0,"enemies":"Book of Stabbing","floor":28.0,"turns":4.0},{"damage":16.0,"enemies":"downfall:FleeingMerchant","floor":29.0,"turns":4.0},{"damage":15,"enemies":"Centurion and Healer","floor":30,"turns":1}],"seed_played":"-2394576655700135080","potions_obtained":[{"floor":3.0,"key":"FearPotion"},{"floor":6.0,"key":"Explosive Potion"},{"floor":11.0,"key":"DuplicationPotion"},{"floor":14.0,"key":"BlessingOfTheForge"},{"floor":16.0,"key":"PowerPotion"},{"floor":19.0,"key":"PowerPotion"},{"floor":27.0,"key":"Slimebound:SlimyTonguePotion"},{"floor":27.0,"key":"CultistPotion"},{"floor":27.0,"key":"LiquidBronze"},{"floor":27.0,"key":"hexamod:SoulburnPotion"}],"is_trial":false,"path_per_floor":["R","M","M","?","M","E","T","R","M","M","E","M","M","E","M","B",null,"R","M","M","?","?","R","T","R","E","?","E","$","M"],"character_chosen":"SLIMEBOUND","items_purchased":["hubris:EmptyBottle","Slimebound:SlimedPotion","Energy Potion","Weak Potion","Slimebound:SlimeTap","Slimebound:ViciousTackle+1","expansioncontent:StudyTheSpire"],"campfire_rested":0,"item_purchase_floors":[29,29,29,29,29,29,29],"current_hp_per_floor":[65,62,60,60,65,47,47,47,41,37,44,40,42,32,42,38,65,65,64,65,75,75,75,75,75,49,15,18,2,0,0,0],"gold":145,"neow_bonus":"RANDOM_COMMON_RELIC","is_daily":false,"chose_seed":false,"campfire_upgraded":4,"win_rate":0.0,"timestamp":1612929656,"path_taken":["R","M","M","?","M","E","T","R","M","M","E","M","M","E","M","BOSS","R","M","M","?","?","R","T","R","E","?","E","$","M"],"items_purchased_type":["Relic","Potion","Potion","Potion","Card","Card","Card"],"build_version":"2020-12-22","purchased_purges":1,"victory":false,"max_hp_per_floor":[65,65,65,65,65,65,65,65,65,65,65,65,65,65,65,65,65,65,65,65,75,75,75,75,75,75,75,75,75,75,75,75],"card_choices":[{"not_picked":["Slimebound:Schlurp","Slimebound:SlimeSpikes"],"picked":"Slimebound:SamplingLick","floor":2.0},{"not_picked":["Slimebound:HauntingLick","Slimebound:ItLooksTasty"],"picked":"Slimebound:HungryTackle","floor":3.0},{"not_picked":["Slimebound:SlimeSpikes","Slimebound:ComboTackle"],"picked":"Slimebound:Prepare","floor":5.0},{"not_picked":["Slimebound:GrowthPunch","Slimebound:RejuvenatingLick"],"picked":"Slimebound:GoopTackle","floor":6.0},{"not_picked":["Slimebound:SplitBruiser","Slimebound:RejuvenatingLick"],"picked":"Slimebound:Equalize","floor":9.0},{"not_picked":["Slimebound:SamplingLick","Slimebound:Schlurp"],"picked":"Slimebound:ForwardTackle","floor":10.0},{"not_picked":["Slimebound:SplitBruiser","Slimebound:GoopTackle"],"picked":"Slimebound:SplitSpecialist","floor":11.0},{"not_picked":["Slimebound:ComboTackle","Slimebound:FinishingTackle"],"picked":"Slimebound:Gluttony","floor":12.0},{"not_picked":["Slimebound:SplitBruiser","Slimebound:SplitAcid"],"picked":"Slimebound:Darklings","floor":13.0},{"not_picked":["Slimebound:LeechingTouch","Slimebound:SplitLeeching"],"picked":"Slimebound:SplitAcid","floor":14.0},{"not_picked":["Slimebound:HungryTackle","Slimebound:LeechingTouch"],"picked":"Slimebound:PressTheAttack","floor":15.0},{"not_picked":["Slimebound:Teamwork","Slimebound:CheckThePlaybook"],"picked":"Slimebound:Recycling","floor":16.0},{"not_picked":["Slimebound:Schlurp","Slimebound:ServeAndProtect"],"picked":"Slimebound:TongueLash","floor":19.0},{"not_picked":["Slimebound:SplitMire","Slimebound:LeechEnergy"],"picked":"Slimebound:SlimeSpikes","floor":20.0},{"not_picked":["Slimebound:MinionMaster","Slimebound:Grow"],"picked":"Slimebound:RejuvenatingLick+1","floor":26.0},{"not_picked":["Slimebound:LeechingTouch","Slimebound:SplitAcid"],"picked":"Slimebound:SlimeSpikes+1","floor":27.0},{"not_picked":["Slimebound:Grow","Slimebound:LeechingTouch+1"],"picked":"Slimebound:Equalize+1","floor":28.0},{"not_picked":["Slimebound:RainOfGoop","Slimebound:SplitLeeching"],"picked":"Slimebound:LeechingTouch+1","floor":29.0}],"player_experience":2044447,"relics_obtained":[{"floor":6.0,"key":"hubris:OldNail"},{"floor":7.0,"key":"Runesmith:Nanobots"},{"floor":11.0,"key":"hubris:SphereOfDissonance"},{"floor":14.0,"key":"Oddly Smooth Stone"},{"floor":24.0,"key":"Omamori"},{"floor":26.0,"key":"Tiny Chest"},{"floor":27.0,"key":"Potion Belt"},{"floor":28.0,"key":"Molten Egg 2"}],"event_choices":[{"cards_removed":["Slimebound:Recycling"],"damage_healed":0.0,"max_hp_gain":10.0,"max_hp_loss":0.0,"gold_gain":0.0,"event_name":"Bonfire Elementals","player_choice":"Offered Rare","floor":21.0,"gold_loss":0.0,"damage_taken":0.0}],"is_beta":false,"boss_relics":[{"not_picked":["Tiny House","energizedSpire:MagnifyingGlass"],"picked":"Cursed Key"}],"items_purged_floors":[29],"is_endless":false,"potions_floor_spawned":[3,6,11,14,16,19,20,27],"killed_by":"Centurion and Healer","ascension_level":1}}