{"host":"6azrrw3tf7wb0f4b","time":1612939379,"event":{"mods":["BaseMod","DeckTracker","Minty Spire (QoL Compilation)","SuperFastMode"],"gold_per_floor":[112,122,134,149,163,163,88,88,162,162,180,194,225,240,240,314,314,332,382,27,45,45,45,45,45],"floor_reached":24,"language":"KOR","playtime":501,"items_purged":["Strike_B"],"score":360,"play_id":"454d3322-4299-48c9-b7ef-2e72643a5c3f","local_time":"20210210154259","is_ascension_mode":true,"campfire_choices":[{"data":"Capacitor","floor":6,"key":"SMITH"},{"data":"Consume","floor":8,"key":"SMITH"},{"floor":15,"key":"REST"},{"data":"Coolheaded","floor":23,"key":"SMITH"}],"circlet_count":0,"master_deck":["AscendersBane","Strike_B","Strike_B","Defend_B","Defend_B","Defend_B","Defend_B","Zap","Dualcast","Coolheaded+1","Consume+1","Ball Lightning","Capacitor+1","Compile Driver","Hologram","Turbo","Go for the Eyes","Biased Cognition","Rebound","Steam Power"],"relics":["Cracked Core","NeowsBlessing","Symbiotic Virus","Thread and Needle","Inserter","Calipers"],"acts_visited":["Exordium","TheCity"],"potions_floor_usage":[13,16,24,24],"damage_taken":[{"damage":0,"enemies":"Cultist","floor":1,"turns":1},{"damage":0,"enemies":"Jaw Worm","floor":2,"turns":1},{"damage":0,"enemies":"Small Slimes","floor":3,"turns":1},{"damage":9,"enemies":"Red Slaver","floor":4,"turns":3},{"damage":16,"enemies":"Large Slime","floor":5,"turns":7},{"damage":6,"enemies":"Blue Slaver","floor":11,"turns":3},{"damage":8,"enemies":"3 Louse","floor":12,"turns":3},{"damage":7,"enemies":"Lagavulin","floor":13,"turns":6},{"damage":8,"enemies":"Looter","floor":14,"turns":4},{"damage":4,"enemies":"Slime Boss","floor":16,"turns":7},{"damage":7,"enemies":"Spheric Guardian","floor":18,"turns":4},{"damage":12,"enemies":"Chosen","floor":21,"turns":5},{"damage":46,"enemies":"Gremlin Leader","floor":24,"turns":7}],"seed_played":"-7221178808923267709","potions_obtained":[{"floor":3,"key":"ColorlessPotion"},{"floor":5,"key":"Strength Potion"},{"floor":13,"key":"DistilledChaos"},{"floor":21,"key":"PotionOfCapacity"},{"floor":22,"key":"DuplicationPotion"},{"floor":22,"key":"Energy Potion"}],"is_trial":false,"path_per_floor":["M","M","M","M","M","R","$","R","T","?","M","M","E","M","R","B",null,"M","?","$","M","?","R","E"],"character_chosen":"DEFECT","items_purchased":["Calipers","Steam Power"],"campfire_rested":1,"item_purchase_floors":[20,20],"current_hp_per_floor":[64,64,64,55,39,39,39,39,39,39,33,25,18,10,31,27,60,53,53,53,41,41,41,0,0],"gold":45,"neow_bonus":"THREE_ENEMY_KILL","is_daily":false,"chose_seed":false,"campfire_upgraded":3,"win_rate":0.0,"timestamp":1612939379,"path_taken":["M","M","M","M","M","R","?","R","T","?","M","M","E","M","R","BOSS","M","?","$","?","?","R","E"],"items_purchased_type":["Relic","Card"],"build_version":"2020-12-22","purchased_purges":1,"victory":false,"max_hp_per_floor":[71,71,71,71,71,71,71,71,71,71,71,71,71,71,71,71,71,71,71,71,71,71,71,71,71],"card_choices":[{"not_picked":["Turbo","Heatsinks"],"picked":"Coolheaded","floor":1},{"not_picked":["Cold Snap","Barrage"],"picked":"Consume","floor":2},{"not_picked":["Redo","Go for the Eyes"],"picked":"Ball Lightning","floor":3},{"not_picked":["Doom and Gloom","Gash"],"picked":"Capacitor","floor":4},{"not_picked":["Sweeping Beam","Beam Cell"],"picked":"Compile Driver","floor":5},{"not_picked":["Gash","Storm"],"picked":"Hologram","floor":11},{"not_picked":["Stack","Melter"],"picked":"Turbo","floor":12},{"not_picked":["All For One","Coolheaded"],"picked":"Go for the Eyes","floor":13},{"not_picked":["Barrage","Go for the Eyes","Sunder"],"picked":"SKIP","floor":14},{"not_picked":["Core Surge","Fission"],"picked":"Biased Cognition","floor":16},{"not_picked":["Tempest","Aggregate"],"picked":"Rebound","floor":18},{"not_picked":["Rebound","Sunder","Streamline+1"],"picked":"SKIP","floor":21}],"player_experience":765736,"relics_obtained":[{"floor":9,"key":"Symbiotic Virus"},{"floor":13,"key":"Thread and Needle"}],"event_choices":[{"cards_removed":["Strike_B"],"damage_healed":0,"gold_gain":0,"player_choice":"Card Removal","damage_taken":0,"max_hp_gain":0,"max_hp_loss":0,"event_name":"Wheel of Change","floor":10,"gold_loss":0},{"damage_healed":0,"gold_gain":100,"player_choice":"Bet on Murderer","damage_taken":0,"max_hp_gain":0,"max_hp_loss":0,"event_name":"The Joust","floor":19,"gold_loss":50},{"damage_healed":0,"gold_gain":0,"player_choice":"Got Potions","damage_taken":0,"max_hp_gain":0,"max_hp_loss":0,"event_name":"Lab","floor":22,"gold_loss":0}],"is_beta":false,"boss_relics":[{"not_picked":["Nuclear Battery","Tiny House"],"picked":"Inserter"}],"items_purged_floors":[7],"is_endless":false,"potions_floor_spawned":[3,5,13,21],"killed_by":"Gremlin Leader","ascension_level":16}}