{"host":"5dk97cf2ubw2v967","time":1612987077,"event":{"mods":["AlwaysNeverKeys","BaseMod","Better Altar","Better Vampires","Block Reminder","Card Filter","Colored Powertips","Downfall","Googly Eyes","Highlight Path","Minty Spire (QoL Compilation)","Permanent Neow","Potion Indicator Mod","Quick Restart","Relic Filter","Relic Stats","Say the Spire","Spicy Shops","StSLib","Waifu the Spire","everything is the same but u backflip on backflip"],"gold_per_floor":[99,114,24,42,142,142,142,152,179,79,89,103,130,442,472,555,567,579,602,70,70,14,14,14,14,31,31,43,73,273,308,322,400,400,200,216,216,1,1,11,11,11,29,46,46,60,60,94,116,116,116,150,75,75,75,75],"floor_reached":57,"language":"ENG","playtime":4552,"items_purged":["Guardian:Defend_Guardian","downfall:Icky","downfall:Haunted","Guardian:Strike_Guardian"],"score":2043,"play_id":"6ec46736-19ac-4279-a26a-a588367b2ec5","local_time":"20210210195757","is_ascension_mode":true,"campfire_choices":[{"data":"Guardian:CompilePackage","floor":1,"key":"SMITH"},{"floor":10,"key":"REST"},{"floor":18,"key":"RECALL"},{"data":"Guardian:BaubleBeam","floor":23,"key":"SMITH"},{"data":"Guardian:Repulse","floor":25,"key":"SMITH"},{"data":"Guardian:PrismaticBeam","floor":27,"key":"SMITH"},{"data":"Guardian:Strike_Guardian","floor":45,"key":"PURGE"},{"data":"Guardian:Strike_Guardian","floor":47,"key":"PURGE"},{"floor":54,"key":"REST"}],"circlet_count":0,"master_deck":["AscendersBane","Guardian:Defend_Guardian","Guardian:Defend_Guardian","Guardian:Defend_Guardian","Guardian:CurlUp","Guardian:TwinSlam","Guardian:CompilePackage+1","Guardian:TemporalShield","Guardian:Repulse+1","Guardian:PrimingBeam","Guardian:SentryBeam","Guardian:ArmoredProtocol","Guardian:PrismaticBeam+1","Guardian:BaubleBeam+1","Guardian:ShieldCharger","Guardian:Orbwalk+1","Guardian:StasisEngine+1","Guardian:Repulse+1","Guardian:ShieldCharger+1","Guardian:FloatingOrbs+1","expansioncontent:AwakenDeath+1","Guardian:ArmoredProtocol+1","Guardian:FloatingOrbs+1","Guardian:PrismaticBeam","downfall:Aged","Guardian:BronzeOrb","Guardian:Gem_Fragmented","Guardian:Emergency+1","Guardian:FloatingOrbs+1"],"relics":["Guardian:ModeShifter","Omamori","Calipers","downfall:HeartBlessingGreen","MawBank","bronze:MakeshiftBattery","Frozen Egg 2","MutagenicStrength","Matryoshka","Guardian:PickAxe","Runic Pyramid","downfall:HeartBlessingRed","downfall:HeartBlessingBlue","Membership Card","ClockworkSouvenir","Bird Faced Urn","Guardian:StasisEgg","Bronze Scales","Kunai","Peace Pipe","Shuriken","CeramicFish","Blood Vial"],"acts_visited":["Exordium","TheCity","TheBeyond","TheEnding"],"potions_floor_usage":[20,20,31,33,44,50,56],"damage_taken":[{"damage":0,"enemies":"2 Louse","floor":2,"turns":3},{"damage":0,"enemies":"downfall:FleeingMerchant","floor":3,"turns":4},{"damage":13,"enemies":"Jaw Worm","floor":4,"turns":5},{"damage":5,"enemies":"Cultist","floor":8,"turns":4},{"damage":16,"enemies":"3 Sentries","floor":9,"turns":6},{"damage":0,"enemies":"Exordium Thugs","floor":11,"turns":1},{"damage":0,"enemies":"Blue Slaver","floor":12,"turns":4},{"damage":6,"enemies":"Lagavulin","floor":13,"turns":5},{"damage":6,"enemies":"Large Slime","floor":15,"turns":5},{"damage":11,"enemies":"SI_SHIV_ARCHETYPE","floor":16,"turns":9},{"damage":12,"enemies":"3 Byrds","floor":19,"turns":6},{"damage":0,"enemies":"downfall:FleeingMerchant","floor":20,"turns":4},{"damage":0,"enemies":"downfall:FleeingMerchant","floor":22,"turns":4},{"damage":5,"enemies":"Shell Parasite","floor":26,"turns":6},{"damage":3,"enemies":"Centurion and Healer","floor":28,"turns":4},{"damage":11,"enemies":"Book of Stabbing","floor":29,"turns":4},{"damage":0,"enemies":"Gremlin Leader","floor":31,"turns":6},{"damage":1,"enemies":"Snecko","floor":32,"turns":7},{"damage":8,"enemies":"WA_ARCHETYPE_CALM","floor":33,"turns":9},{"damage":18,"enemies":"3 Shapes","floor":36,"turns":4},{"damage":3,"enemies":"downfall:FleeingMerchant","floor":38,"turns":4},{"damage":0,"enemies":"Orb Walker","floor":40,"turns":3},{"damage":13,"enemies":"Writhing Mass","floor":43,"turns":6},{"damage":4,"enemies":"Jaw Worm Horde","floor":44,"turns":3},{"damage":0,"enemies":"4 Shapes","floor":46,"turns":4},{"damage":9,"enemies":"Reptomancer","floor":48,"turns":5},{"damage":13,"enemies":"Sphere and 2 Shapes","floor":49,"turns":4},{"damage":0,"enemies":"IC_BLOCK_ARCHETYPE","floor":50,"turns":6},{"damage":60,"enemies":"downfall:CharBossMerchant","floor":52,"turns":7},{"damage":0,"enemies":"downfall:NeowBoss","floor":55,"turns":9},{"damage":28,"enemies":"downfall:NeowBossFinal","floor":56,"turns":7}],"seed_played":"4936178130903999616","potions_obtained":[{"floor":8,"key":"hexamod:SoulburnPotion"},{"floor":9,"key":"Swift Potion"},{"floor":12,"key":"Regen Potion"},{"floor":16,"key":"Guardian:StasisDiscoveryPotion"},{"floor":28,"key":"Fruit Juice"},{"floor":29,"key":"Slimebound:ThreeZeroPotion"},{"floor":31,"key":"Energy Potion"},{"floor":36,"key":"PowerPotion"},{"floor":44,"key":"DistilledChaos"},{"floor":52,"key":"EntropicBrew"}],"is_trial":false,"path_per_floor":["R","M","$","M","?","?","T","M","E","R","M","M","E","?","M","B",null,"R","M","$","?","$","R","T","R","M","R","M","E","?","E","M","B",null,"R","M","?","$","?","M","T","T","M","M","R","M","R","E","M","B",null,"E","$","R","B","B",null],"character_chosen":"GUARDIAN","items_purchased":["Guardian:Gem_Synthetic","Frozen Egg 2","Guardian:Gem_Cyan","Membership Card","Guardian:FloatingOrbs+1","ClockworkSouvenir","Bird Faced Urn","Guardian:PrismaticBeam"],"campfire_rested":2,"item_purchase_floors":[20,20,22,38,38,38,38,38],"current_hp_per_floor":[65,65,65,52,52,52,52,47,31,52,52,52,46,46,40,29,61,61,49,63,63,63,63,63,63,58,58,55,44,44,44,43,35,63,73,55,55,52,52,58,58,58,63,74,74,86,86,86,82,87,87,29,29,55,81,76],"gold":75,"neow_bonus":"ONE_RANDOM_RARE_CARD","is_daily":false,"chose_seed":false,"campfire_upgraded":4,"win_rate":0.0,"timestamp":1612987077,"path_taken":["R","M","$","M","?","?","T","M","E","R","M","?","E","?","M","BOSS","R","M","$","?","$","R","T","R","M","R","M","E","?","E","M","BOSS","R","M","?","$","?","M","T","?","M","M","R","?","R","E","M","BOSS","E","$","R","BOSS","BOSS"],"items_purchased_type":["Card","Relic","Card","Relic","Card","Relic","Relic","Card"],"build_version":"2020-12-22","purchased_purges":4,"victory":true,"max_hp_per_floor":[72,72,72,72,72,72,72,72,72,72,72,72,72,72,72,72,72,72,72,72,72,72,72,72,72,72,72,72,72,72,72,72,72,72,82,82,82,82,82,82,82,82,82,87,87,87,87,87,87,87,87,87,87,87,87,87],"relic_stats":{"Peace Pipe":2,"Blood Vial":4,"counters":[31,158],"Shuriken":[42],"Bird Faced Urn":[116],"Bronze Scales":[102],"CeramicFish":18,"Kunai":[42],"MawBank":84,"obtain_stats":[{"Calipers":9,"downfall:HeartBlessingRed":35,"Guardian:StasisEgg":39,"CeramicFish":48,"Guardian:ModeShifter":0,"downfall:HeartBlessingGreen":10,"Omamori":7,"Frozen Egg 2":20,"MawBank":13,"ClockworkSouvenir":38,"Guardian:PickAxe":31,"Peace Pipe":42,"Blood Vial":52,"Matryoshka":29,"downfall:HeartBlessingBlue":35,"Shuriken":42,"MutagenicStrength":21,"Bird Faced Urn":38,"Bronze Scales":41,"Membership Card":38,"Kunai":41,"bronze:MakeshiftBattery":17,"Runic Pyramid":34},{"Calipers":5,"downfall:HeartBlessingRed":19,"Guardian:StasisEgg":21,"CeramicFish":26,"Guardian:ModeShifter":0,"downfall:HeartBlessingGreen":5,"Omamori":3,"Frozen Egg 2":12,"MawBank":8,"ClockworkSouvenir":21,"Guardian:PickAxe":17,"Peace Pipe":22,"Blood Vial":29,"Matryoshka":16,"downfall:HeartBlessingBlue":19,"Shuriken":22,"MutagenicStrength":12,"Bird Faced Urn":21,"Bronze Scales":22,"Membership Card":21,"Kunai":22,"bronze:MakeshiftBattery":10,"Runic Pyramid":19},{"Calipers":22,"downfall:HeartBlessingRed":96,"Guardian:StasisEgg":104,"CeramicFish":125,"Guardian:ModeShifter":0,"downfall:HeartBlessingGreen":22,"Omamori":12,"Frozen Egg 2":56,"MawBank":32,"ClockworkSouvenir":104,"Guardian:PickAxe":80,"Peace Pipe":107,"Blood Vial":142,"Matryoshka":74,"downfall:HeartBlessingBlue":96,"Shuriken":107,"MutagenicStrength":56,"Bird Faced Urn":104,"Bronze Scales":107,"Membership Card":104,"Kunai":107,"bronze:MakeshiftBattery":46,"Runic Pyramid":96}]},"card_choices":[{"not_picked":["Guardian:WalkerClaw","Guardian:Gem_Red"],"picked":"Guardian:TemporalShield","floor":2},{"not_picked":["Guardian:Recover","Guardian:PiercingHide"],"picked":"Guardian:Repulse","floor":3},{"not_picked":["Guardian:ShieldCharger","Guardian:CrystalBeam"],"picked":"Guardian:Gem_Fragmented","floor":4},{"not_picked":["Guardian:TemporalStrike","Guardian:ChargeCore"],"picked":"Guardian:Gem_Cyan","floor":8},{"not_picked":["Guardian:ChargeCore","Guardian:StasisEngine"],"picked":"Guardian:Gem_Fragmented","floor":9},{"not_picked":["Guardian:ShieldSpikes","Guardian:DonusPower"],"picked":"Guardian:SentryBeam","floor":11},{"not_picked":["Guardian:Incinerate","Guardian:TemporalShield"],"picked":"Guardian:Gem_Crimson","floor":12},{"not_picked":["Guardian:Gem_Green","Guardian:Planning"],"picked":"Guardian:ArmoredProtocol","floor":13},{"not_picked":["Guardian:Recover","Guardian:Gem_Lightblue"],"picked":"Guardian:PrismaticBeam","floor":15},{"not_picked":["Guardian:ConstructionForm","Guardian:ExploitGems"],"picked":"Guardian:BaubleBeam","floor":16},{"not_picked":["Guardian:CrystalBeam","Guardian:WalkerClaw","Guardian:RollAttack"],"picked":"SKIP","floor":19},{"not_picked":["Guardian:PrismaticBeam","Guardian:TimeBomb+1","Guardian:FastForward"],"picked":"SKIP","floor":20},{"not_picked":["Guardian:RollAttack","Guardian:TemporalShield"],"picked":"Guardian:Gem_Cyan","floor":22},{"not_picked":["Guardian:Gem_Green","Guardian:Planning"],"picked":"Guardian:ShieldCharger","floor":26},{"not_picked":["Guardian:Gem_White","Guardian:BronzeArmor"],"picked":"Guardian:Orbwalk+1","floor":28},{"not_picked":["Guardian:Reroute","Guardian:PrismaticBarrier"],"picked":"Guardian:StasisEngine+1","floor":29},{"not_picked":["Guardian:Orbwalk+1","Guardian:ShieldCharger"],"picked":"Guardian:Repulse+1","floor":31},{"not_picked":["Guardian:Gem_Lightblue","Guardian:Gem_White"],"picked":"Guardian:ShieldCharger+1","floor":32},{"not_picked":["Guardian:StasisField","Guardian:GemFire"],"picked":"Guardian:Gem_Synthetic","floor":33},{"not_picked":["Guardian:MultiBeam","Guardian:SpikerProtocol+1"],"picked":"Guardian:FloatingOrbs+1","floor":36},{"not_picked":["expansioncontent:PolyBeam","expansioncontent:Hexaburn"],"picked":"expansioncontent:AwakenDeath","floor":37},{"not_picked":["Guardian:TemporalStrike+1","Guardian:Suspension"],"picked":"Guardian:ArmoredProtocol+1","floor":38},{"not_picked":["Guardian:ChargeCore","Guardian:Gem_Cyan"],"picked":"Guardian:Gem_Red","floor":40},{"not_picked":["Guardian:Incinerate+1","Guardian:PrismaticBeam+1"],"picked":"Guardian:BronzeOrb","floor":43},{"not_picked":["Guardian:TemporalShield+1","Guardian:Suspension+1","Guardian:ChargeCore+1"],"picked":"SKIP","floor":44},{"not_picked":["Guardian:PrimingBeam+1","Guardian:Gem_Crimson"],"picked":"Guardian:Gem_Fragmented","floor":46},{"not_picked":["Guardian:RefractedBeam+1","Guardian:GatlingBeam"],"picked":"Guardian:Emergency+1","floor":48},{"not_picked":["Guardian:Gem_Blue","Guardian:PrismaticBarrier"],"picked":"Guardian:FloatingOrbs+1","floor":49},{"not_picked":["Guardian:Gem_Lightblue","Guardian:DonusPower+1","Guardian:Planning"],"picked":"SKIP","floor":52}],"player_experience":1304669,"relics_obtained":[{"floor":7,"key":"Omamori"},{"floor":9,"key":"Calipers"},{"floor":13,"key":"MawBank"},{"floor":29,"key":"Matryoshka"},{"floor":31,"key":"Guardian:PickAxe"},{"floor":41,"key":"Bronze Scales"},{"floor":41,"key":"Kunai"},{"floor":42,"key":"Peace Pipe"},{"floor":42,"key":"Shuriken"},{"floor":48,"key":"CeramicFish"},{"floor":52,"key":"Blood Vial"}],"event_choices":[{"damage_healed":0,"gold_gain":0,"player_choice":"Inject Mutagens","damage_taken":0,"relics_obtained":["MutagenicStrength"],"max_hp_gain":0,"max_hp_loss":0,"event_name":"Drug Dealer","floor":21,"gold_loss":0}],"is_beta":false,"boss_relics":[{"not_picked":["Empty Cage","Astrolabe"],"picked":"bronze:MakeshiftBattery"},{"not_picked":["SacredBark","Guardian:StasisSlotReductionRelic"],"picked":"Runic Pyramid"}],"items_purged_floors":[3,20,38,53],"is_endless":false,"potions_floor_spawned":[8,9,12,16,28,29,31,36,44,52],"ascension_level":16}}