{"host":"af4pzp5tm7cfibaw","time":1612957924,"event":{"mods":["AchievementEnabler","BaseMod","BetterRewards","Highlight Path","Minty Spire (QoL Compilation)","StSLib","SuperFastMode"],"gold_per_floor":[112,112,128,303,303,328,328,344,344,359,391,99,132,147,147,147,147],"floor_reached":16,"language":"ENG","playtime":688,"items_purged":["Strike_B"],"score":178,"play_id":"24fdcc56-2038-4487-9b6e-25ff345584f5","local_time":"20210211005204","is_ascension_mode":true,"campfire_choices":[{"floor":7.0,"key":"RECALL"},{"data":"Hologram","floor":15,"key":"SMITH"}],"circlet_count":0,"master_deck":["Strike_B","Strike_B","Defend_B","Defend_B","Defend_B","Defend_B","Zap","Dualcast","Ball Lightning","Buffer","Aggregate","Turbo","Amplify","Glacier","Self Repair+1","Amplify","Hologram+1"],"relics":["Cracked Core","NeowsBlessing","Spirit Poop","Frozen Egg 2","Mummified Hand","Regal Pillow","MealTicket","Tiny Chest"],"acts_visited":["Exordium"],"potions_floor_usage":[13,13,16],"damage_taken":[{"damage":0.0,"enemies":"Small Slimes","floor":1.0,"turns":1.0},{"damage":0.0,"enemies":"2 Louse","floor":3.0,"turns":1.0},{"damage":0.0,"enemies":"Lagavulin","floor":6.0,"turns":1.0},{"damage":0.0,"enemies":"Cultist","floor":8.0,"turns":4.0},{"damage":10.0,"enemies":"Exordium Thugs","floor":10.0,"turns":4.0},{"damage":16.0,"enemies":"3 Sentries","floor":11.0,"turns":8.0},{"damage":0,"enemies":"Gremlin Nob","floor":13,"turns":4},{"damage":0,"enemies":"Exordium Wildlife","floor":14,"turns":6},{"damage":79,"enemies":"Hexaghost","floor":16,"turns":16}],"seed_played":"-7748079085764483885","potions_obtained":[{"floor":3.0,"key":"SkillPotion"},{"floor":8.0,"key":"FocusPotion"},{"floor":11.0,"key":"DuplicationPotion"},{"floor":13,"key":"Block Potion"}],"is_trial":false,"path_per_floor":["M","?","M","?","?","E","R","M","T","M","E","$","E","M","R","B"],"character_chosen":"DEFECT","items_purchased":["Self Repair+1","MealTicket"],"campfire_rested":0,"item_purchase_floors":[12,12],"current_hp_per_floor":[75,75,75,75,75,75,75,75,75,65,49,49,59,75,75,0,0],"gold":147,"neow_bonus":"THREE_ENEMY_KILL","is_daily":false,"chose_seed":false,"campfire_upgraded":1,"win_rate":0.0,"timestamp":1612957924,"path_taken":["M","?","M","?","?","E","R","M","T","M","E","$","E","?","R","BOSS"],"items_purchased_type":["Card","Relic"],"build_version":"2020-12-22","purchased_purges":1,"victory":false,"max_hp_per_floor":[75,75,75,75,75,75,75,75,75,75,75,75,75,75,75,75,75],"card_choices":[{"not_picked":["Reinforced Body","Rebound"],"picked":"Ball Lightning","floor":1.0},{"not_picked":["FTL","Go for the Eyes","Stack"],"picked":"SKIP","floor":3.0},{"not_picked":["Steam","Compile Driver"],"picked":"Aggregate","floor":6.0},{"not_picked":["FTL","Go for the Eyes"],"picked":"Turbo","floor":8.0},{"not_picked":["Conserve Battery","Steam"],"picked":"Amplify","floor":10.0},{"not_picked":["Streamline","All For One"],"picked":"Glacier","floor":11.0},{"not_picked":["Hello World+1","Streamline"],"picked":"Amplify","floor":13},{"not_picked":["Compile Driver","Auto Shields"],"picked":"Hologram","floor":14}],"player_experience":299955,"relics_obtained":[{"floor":6.0,"key":"Frozen Egg 2"},{"floor":9.0,"key":"Mummified Hand"},{"floor":11.0,"key":"Regal Pillow"},{"floor":13,"key":"Tiny Chest"}],"event_choices":[{"damage_healed":0.0,"max_hp_gain":0.0,"max_hp_loss":0.0,"gold_gain":0.0,"cards_transformed":["Strike_B"],"event_name":"Living Wall","player_choice":"Change","floor":2.0,"gold_loss":0.0,"damage_taken":0.0,"cards_obtained":["Buffer"]},{"damage_healed":0.0,"max_hp_gain":0.0,"max_hp_loss":0.0,"gold_gain":175.0,"event_name":"Liars Game","player_choice":"AGREE","floor":4.0,"gold_loss":0.0,"damage_taken":0.0,"cards_obtained":["Doubt"]},{"cards_removed":["Doubt"],"damage_healed":0.0,"max_hp_gain":0.0,"max_hp_loss":0.0,"gold_gain":0.0,"event_name":"Bonfire Elementals","player_choice":"Offered Curse","floor":5.0,"gold_loss":0.0,"damage_taken":0.0,"relics_obtained":["Spirit Poop"]}],"is_beta":false,"boss_relics":[],"items_purged_floors":[12],"is_endless":false,"potions_floor_spawned":[3,8,11,13],"killed_by":"Hexaghost","ascension_level":1}}