{"host":"8t5dkgm85abdp22d","time":1612949074,"event":{"mods":["Act Like it!","BaseMod","Colored Powertips","Gensokyo","Hallownest","Minty Spire (QoL Compilation)","Reimu£®≤©¿ˆ¡È√Œ£©","Reliquary","Ryuuou¡˙Õı","StSLib","TheWitcher","UnlockEverythingMod","Yakumo Yukari mod","[IsaacMod]“‘»ˆº‚À˛","°æ“≈ŒÔø®≈∆°øREMEMod","≤–¡Ù÷ÆŒÔ"],"gold_per_floor":[137,156,156,156,156,185,26,40,117,43,78,78,303,316,316,413,413,427,447,462,507,507,507],"floor_reached":22,"language":"ZHS","playtime":1556,"items_purged":["Clumsy"],"score":359,"play_id":"b1fe5b24-5db6-4208-a0b8-8ce1a341968f","local_time":"20210210172434","is_ascension_mode":true,"campfire_choices":[{"data":"PlaceholderMod:GrowthForm","floor":12,"key":"SMITH"},{"floor":15,"key":"REST"}],"circlet_count":0,"master_deck":["AT_purpleEX","AT_purpleEX","Defend_purpleEX","Defend_purpleEX","Defend_purpleEX","Observe_purple_2","PlaceholderMod:GrowthForm+1","MeetDecomposer_purple","WangLiang_OokamiKakushi_purple","ContainerChange_purple","Mirror_TwoAndThreeElementRealm_purple","Fancifulhole_purple+1","Theboundaryofcreation_purpleEX+1","ButterflyHabitatTemple_purple+1","RuleDissolution_purple"],"relics":["Boundary_crack","Memoryfragments_purpleEX","REME_ComplimentaryCards","HushsDoor","NeowsBlessing","Happy Flower","Gensokyo:NagashiBinaDoll","reliquary:PartyBalloon","Chaos","reliquary:Stiletto","reliquary:Firecrackers","StrikeDummy","Astrolabe"],"acts_visited":["Exordium","TheCity"],"potions_floor_usage":[11,15],"damage_taken":[{"damage":0.0,"enemies":"Gensokyo:2_Kodama","floor":1.0,"turns":1.0},{"damage":0.0,"enemies":"Gensokyo:3_Fairies","floor":2.0,"turns":1.0},{"damage":21.0,"enemies":"Gensokyo:Mamizou","floor":6.0,"turns":4.0},{"damage":17.0,"enemies":"Gensokyo:Python","floor":8.0,"turns":7.0},{"damage":63,"enemies":"Gensokyo:Cirno","floor":11,"turns":10},{"damage":2,"enemies":"Gensokyo:Mamizou","floor":13,"turns":9},{"damage":6,"enemies":"Gensokyo:Gryphon_and_Rabbit","floor":14,"turns":9},{"damage":0,"enemies":"Gensokyo:Reimu","floor":16,"turns":8},{"damage":32,"enemies":"3 Byrds","floor":18,"turns":5},{"damage":18,"enemies":"Chosen","floor":19,"turns":6},{"damage":15,"enemies":"Snecko","floor":20,"turns":4},{"damage":16,"enemies":"Centurion and Healer","floor":22,"turns":1}],"seed_played":"6493451130768108559","potions_obtained":[{"floor":2.0,"key":"REME_GoldPotion"},{"floor":6.0,"key":"GamblersBrew"},{"floor":13,"key":"PlaceholderMod:PlaceholderPotion"},{"floor":14,"key":"FearPotion"}],"is_trial":false,"path_per_floor":["M","M","?","?","?","E","COS","M","T","?","E","R","E","M","R","B",null,"M","M","M","?","M"],"character_chosen":"Youkari","items_purchased":[],"campfire_rested":1,"item_purchase_floors":[],"current_hp_per_floor":[70,70,70,70,70,49,49,33,33,70,7,7,7,1,22,22,65,36,32,17,2,0,0],"gold":507,"neow_bonus":"THREE_ENEMY_KILL","is_daily":false,"chose_seed":false,"campfire_upgraded":1,"win_rate":0.0,"timestamp":1612949074,"path_taken":["M","?","?","?","?","E","COS","M","T","?","E","R","E","M","R","BOSS","M","M","M","?","M"],"items_purchased_type":[],"build_version":"2020-12-22","purchased_purges":1,"victory":false,"max_hp_per_floor":[70,70,70,70,70,70,70,70,70,70,70,70,70,70,70,70,65,65,65,65,65,65,65],"card_choices":[{"not_picked":["Worldmountain_purple","SfantasyHide_purple","Realm_recovery_purpleEX"],"picked":"SKIP","floor":1.0},{"not_picked":["Boundary_ObjectiveBoundary_purple","StateErode_purple","SharpContractionReality_purple"],"picked":"SKIP","floor":2.0},{"not_picked":["Shallow_ocean_purpleEX","DarkRealmRedLine_purple"],"picked":"MeetDecomposer_purple","floor":3.0},{"not_picked":["Boundary_DreamRealityDamnation_purple","PurpleNeedle_purple","EighthInstrument_OneDividesIntoTwo_purple"],"picked":"SKIP","floor":6.0},{"not_picked":["RuleDissolution_purple","DarkRealmRedLine_purple"],"picked":"WangLiang_OokamiKakushi_purple","floor":8.0},{"not_picked":["SharpContractionReality_purple+1","Boundary_LightAndDark_purple+1","Mirror_Drifter_purple+1"],"picked":"SKIP","floor":8.0},{"not_picked":["D_absorption_purple","Know_ledgeAbilityRealm_purple"],"picked":"ContainerChange_purple","floor":11},{"not_picked":["SfantasyHide_purple","WorldDissolvedintheRealm_purple","AdvanceAttack_purple"],"picked":"SKIP","floor":11},{"not_picked":["SharpContractionReality_purple","Computing_the_future_purpleEX","Anti_communist_purple"],"picked":"SKIP","floor":13},{"not_picked":["Photoelasticity_Doppler_Effect_purple","Charmbait_purple","Mirror_Drifter_purple"],"picked":"SKIP","floor":14},{"not_picked":["WasteWire_Metro_purple","Know_ledgeAbilityRealm_purple"],"picked":"Mirror_TwoAndThreeElementRealm_purple","floor":16},{"not_picked":["Line_surface_state_purple+1","StateErode_purple","StateDuplicate_purple"],"picked":"SKIP","floor":18},{"not_picked":["EighthInstrument_OneDividesIntoTwo_purple+1","Yakumo_Ran_purple+1"],"picked":"RuleDissolution_purple","floor":19},{"not_picked":["WeekHit_purple","Line_surface_state_purple","Realm_recovery_purpleEX+1"],"picked":"SKIP","floor":20}],"player_experience":75981,"relics_obtained":[{"floor":6.0,"key":"reliquary:PartyBalloon"},{"floor":11,"key":"reliquary:Firecrackers"},{"floor":13,"key":"StrikeDummy"}],"event_choices":[],"is_beta":false,"boss_relics":[{"not_picked":["reliquary:Craggleroot","reliquary:SharkskinSheath"],"picked":"Astrolabe"},{"not_picked":[]}],"items_purged_floors":[17],"is_endless":false,"potions_floor_spawned":[2,6,13,14],"killed_by":"Centurion and Healer","ascension_level":4}}