{"host":"i73ch23exsqar74a","time":1612966918,"event":{"mods":["AchievementEnabler","Aspiration","Astrologer","Bard","Bartender","BaseMod","Beaked The Cultist","Better Sensory Stone","CCEM2","CapriCore","Challenge The Spire","ChefMod","Chen","Colored Map","Colored Powertips","Conjunction","Conspire","Downfall","Fireblade Mod","FutureSeer","GifTheSpireLib","Glutton Mod","Gremlin Mod","Halation","Hermit","Highlight Path","HololiveMod","Hubris","Infinite Spire","Jedi Mod","Lobotomy","LobotomyExtend","Luminous","Marked Mod","Minty Spire (QoL Compilation)","Prisma Mod","Quarter Circle Forward PUNCH!","Quick Restart","Random Character Button","RatMod","Relic Sorter","Reliquary","Replay The Spire","SOS???????","Shade Mod","Spicy Shops","Spikes Relics","Spire Arcade","StSLib","Stuff the Spire","The Alterego","The Animator","The Bug Knight","The Construct","The Cursed","The Druid","The Exalted","The Immortal","The Judge","The Poker Player","The Sage","The Wild Card","TheHero","TheSwordswoman","TheVacant","TheVelvet","Thieving Mod","Yuri Mod","???Mod??????Boss","???mod?????"],"gold_per_floor":[110,120,133,153,180,180,218,234,258,258,258,258,258,276,276,374,374,403,421,421,421,452,452,467,467,467],"floor_reached":25,"language":"ENG","playtime":952,"items_purged":[],"score":205,"play_id":"16250093-7e33-4d1f-9990-b3b94ebd13a1","local_time":"20210210182158","is_ascension_mode":false,"campfire_choices":[{"data":"animator:Jibril","floor":6,"key":"SMITH"},{"floor":10,"key":"REST"},{"data":"animator:Melzalgald","floor":12,"key":"SMITH"},{"data":"animator:UneriGinkaku","floor":15,"key":"SMITH"},{"data":"animator:Shiro","floor":23,"key":"SMITH"}],"circlet_count":0,"master_deck":["animator:Strike_NoGameNoLife","animator:Defend_NoGameNoLife","animator:Strike","animator:Defend","animator:Defend","animator:DolaSchwi","animator:DolaCouronne","animator:Jibril+1","animator:Melzalgald+1","animator:UneriGinkaku+1","animator:Shiro+1","animator:ChlammyZell","animator:Tet","animator:IzunaHatsuse","animator:FielNirvalen","infinitespire:Collect","animator:Raven","animator:HigakiRinne"],"relics":["animator:LivingPicture","animator:TheMissingPiece","aspiration:Nostalgia","Ring of the Snake","LetterFromLob","qcfpunch:Red_Headband","Omamori","MagicBullet_r","animator:RacePiece","The Courier"],"acts_visited":["Exordium","TheCity"],"potions_floor_usage":[19,22],"damage_taken":[{"damage":0,"enemies":"Small Slimes","floor":1,"turns":3},{"damage":2,"enemies":"2 Louse","floor":2,"turns":3},{"damage":1,"enemies":"Cultist","floor":3,"turns":4},{"damage":6,"enemies":"Exordium Wildlife","floor":5,"turns":6},{"damage":42,"enemies":"Gremlin Nob","floor":7,"turns":5},{"damage":2,"enemies":"Gremlin Gang","floor":8,"turns":4},{"damage":0,"enemies":"2 Fungi Beasts","floor":14,"turns":2},{"damage":47,"enemies":"The Guardian","floor":16,"turns":9},{"damage":8,"enemies":"Shell Parasite","floor":18,"turns":6},{"damage":6,"enemies":"2 Thieves","floor":19,"turns":3},{"damage":20,"enemies":"Cultist and Chosen","floor":22,"turns":5},{"damage":32,"enemies":"Snake Plant","floor":24,"turns":4},{"damage":20,"enemies":"Book of Stabbing","floor":25,"turns":1}],"seed_played":"1648803700406220207","potions_obtained":[{"floor":1,"key":"AttackPotion"},{"floor":2,"key":"BlessingOfTheForge"},{"floor":4,"key":"Fire Potion"},{"floor":19,"key":"PowerPotion"},{"floor":22,"key":"Explosive Potion"}],"is_trial":false,"path_per_floor":["M","M","M","?","M","R","E","M","T","R","M","R","?","M","R","B",null,"M","M","AVR","?","M","R","M","E"],"character_chosen":"THE_ANIMATOR","items_purchased":[],"campfire_rested":1,"item_purchase_floors":[],"current_hp_per_floor":[66,64,63,63,57,57,15,13,13,32,66,66,66,66,66,20,67,59,53,53,60,40,40,12,0,0],"gold":467,"neow_bonus":"NOSTALGIA","is_daily":false,"chose_seed":false,"campfire_upgraded":4,"win_rate":0.0,"timestamp":1612966918,"path_taken":["M","M","M","?","M","R","E","M","T","R","M","R","?","?","R","BOSS","M","M","AVR","?","M","R","?","E"],"items_purchased_type":[],"build_version":"2020-12-22","purchased_purges":0,"victory":false,"max_hp_per_floor":[66,66,66,66,66,66,66,66,66,66,66,66,66,66,66,67,67,67,67,67,67,67,67,67,67,67],"card_choices":[{"not_picked":["animator:DwarfShaman","animator:SuzuneAmano","animator:Benimaru"],"picked":"SKIP","floor":1},{"not_picked":["animator:Konayuki","animator:Shion","animator:Hakurou"],"picked":"SKIP","floor":2},{"not_picked":["animator:Add","animator:HighElfArcher","animator:Chung"],"picked":"SKIP","floor":3},{"not_picked":["animator:Tet","animator:DolaStephanie"],"picked":"animator:Jibril","floor":5},{"not_picked":["animator:Millim","animator:TsurugaMeisai"],"picked":"animator:Melzalgald","floor":7},{"not_picked":["animator:Azekura","animator:NagisaMomoe","animator:Konayuki"],"picked":"SKIP","floor":8},{"not_picked":["animator:Sonic","animator:DolaRiku"],"picked":"animator:UneriGinkaku","floor":14},{"not_picked":["animator:Biyorigo","animator:SwordMaiden"],"picked":"animator:Shiro","floor":16},{"not_picked":["animator:DolaRiku","animator:DolaCouronne"],"picked":"animator:FielNirvalen","floor":18},{"not_picked":["animator:Tatsumaki+1","animator:Priestess","animator:Spearman+1"],"picked":"SKIP","floor":19},{"not_picked":["animator:Ain","animator:Hakurou"],"picked":"animator:Raven","floor":22},{"not_picked":["animator:Add","animator:Azekura"],"picked":"animator:HigakiRinne","floor":24}],"player_experience":1433396,"relics_obtained":[{"floor":1,"key":"LetterFromLob"},{"floor":7,"key":"qcfpunch:Red_Headband"},{"floor":9,"key":"Omamori"}],"event_choices":[{"damage_healed":0,"gold_gain":0,"player_choice":"Bought 0 Potions","damage_taken":0,"max_hp_gain":0,"max_hp_loss":0,"event_name":"The Woman in Blue","floor":13,"gold_loss":0}],"is_beta":false,"boss_relics":[{"not_picked":["CCEMRelics:TransientCore","hubris:BlackHole"],"picked":"animator:RacePiece"}],"items_purged_floors":[],"is_endless":false,"potions_floor_spawned":[1,2,14,19,22],"killed_by":"Book of Stabbing","ascension_level":0}}