{"host":"sxnl403xm2xmiyj1","time":1612957368,"event":{"mods":["AchievementEnabler","BaseMod","Colored Map","Keyboard Shortcuts","Minty Spire (QoL Compilation)","Quick Restart","StSLib","SuperFastMode"],"gold_per_floor":[113,131,150,166,178,178,206,206,206,206,41,70,85,85,85,161,161,173,183,197,197,213,213,213],"floor_reached":23,"language":"KOR","playtime":423,"items_purged":["Writhe"],"score":414,"play_id":"44dca694-ee5b-412d-91e4-3c3de53e3495","local_time":"20210210204248","is_ascension_mode":true,"campfire_choices":[{"data":"Cloak And Dagger","floor":6.0,"key":"SMITH"},{"data":"Blade Dance","floor":8.0,"key":"SMITH"},{"data":"Panache","floor":10.0,"key":"SMITH"},{"floor":15.0,"key":"REST"}],"circlet_count":0,"master_deck":["AscendersBane","Strike_G","Strike_G","Strike_G","Strike_G","Strike_G","Defend_G","Defend_G","Defend_G","Defend_G","Defend_G","Survivor","Neutralize","Panache+1","Slice","Cloak And Dagger+1","Blur","Backstab","Dagger Throw","Blade Dance+1","Infinite Blades","Cloak And Dagger","Accuracy","Expertise","Slice","Envenom+1","Deflect","Blade Dance","Caltrops+1","Noxious Fumes+1","Accuracy+1","Acrobatics"],"relics":["Ring of the Snake","Prayer Wheel","Bag of Marbles","Blood Vial","Frozen Egg 2","Sozu"],"acts_visited":["Exordium","TheCity"],"potions_floor_usage":[],"damage_taken":[{"damage":2.0,"enemies":"Small Slimes","floor":1.0,"turns":5.0},{"damage":4.0,"enemies":"2 Louse","floor":2.0,"turns":3.0},{"damage":2.0,"enemies":"Jaw Worm","floor":3.0,"turns":5.0},{"damage":5.0,"enemies":"2 Fungi Beasts","floor":4.0,"turns":5.0},{"damage":0.0,"enemies":"Lots of Slimes","floor":5.0,"turns":2.0},{"damage":0.0,"enemies":"Gremlin Nob","floor":7.0,"turns":3.0},{"damage":10.0,"enemies":"3 Sentries","floor":12.0,"turns":7.0},{"damage":0.0,"enemies":"Gremlin Gang","floor":13.0,"turns":4.0},{"damage":2.0,"enemies":"Slime Boss","floor":16.0,"turns":6.0},{"damage":7.0,"enemies":"2 Thieves","floor":18.0,"turns":3.0},{"damage":22.0,"enemies":"Spheric Guardian","floor":19.0,"turns":4.0},{"damage":6.0,"enemies":"Snake Plant","floor":20.0,"turns":3.0},{"damage":12.0,"enemies":"3 Cultists","floor":22.0,"turns":4.0},{"damage":14,"enemies":"Book of Stabbing","floor":23,"turns":2}],"seed_played":"-7042823580042821227","potions_obtained":[{"floor":1.0,"key":"Explosive Potion"},{"floor":4.0,"key":"FearPotion"},{"floor":5.0,"key":"Ancient Potion"}],"is_trial":false,"path_per_floor":["M","M","M","M","M","R","E","R","T","R","$","E","M","?","R","B",null,"M","M","M","?","M","E"],"character_chosen":"THE_SILENT","items_purchased":["Infinite Blades","Cloak And Dagger"],"campfire_rested":1,"item_purchase_floors":[11,11],"current_hp_per_floor":[57,53,51,46,46,46,46,46,46,46,46,36,38,12,31,31,57,52,32,28,28,18,6,6],"gold":213,"neow_bonus":"RANDOM_COLORLESS_2","is_daily":false,"chose_seed":false,"campfire_upgraded":3,"win_rate":0.0,"timestamp":1612957368,"path_taken":["M","M","M","M","M","R","E","R","T","R","$","E","M","?","R","BOSS","M","M","M","?","M","E"],"items_purchased_type":["Card","Card"],"build_version":"2020-12-22","purchased_purges":1,"victory":false,"max_hp_per_floor":[66,66,66,66,66,66,66,66,66,66,66,66,66,66,66,66,66,66,66,66,66,66,66,66],"card_choices":[{"not_picked":["Thinking Ahead","Chrysalis"],"picked":"Panache","floor":0.0},{"not_picked":["Acrobatics","Dodge and Roll"],"picked":"Slice","floor":1.0},{"not_picked":["Outmaneuver","Deadly Poison"],"picked":"Cloak And Dagger","floor":2.0},{"not_picked":["Poisoned Stab","Bane"],"picked":"Blur","floor":3.0},{"not_picked":["Dodge and Roll","Deadly Poison"],"picked":"Backstab","floor":4.0},{"not_picked":["Outmaneuver","Deadly Poison"],"picked":"Dagger Throw","floor":5.0},{"not_picked":["Deadly Poison","Catalyst"],"picked":"Blade Dance","floor":7.0},{"not_picked":["Sucker Punch","Dagger Spray"],"picked":"Accuracy","floor":12.0},{"not_picked":["Underhanded Strike","Night Terror"],"picked":"Expertise","floor":13.0},{"not_picked":["Setup","PiercingWail"],"picked":"Slice","floor":13.0},{"not_picked":["Glass Knife","Wraith Form v2+1"],"picked":"Envenom+1","floor":16.0},{"not_picked":["Dodge and Roll","Flying Knee+1"],"picked":"Deflect","floor":18.0},{"not_picked":["Dagger Spray+1","Backstab","Backflip"],"picked":"SKIP","floor":18.0},{"not_picked":["Dash","Dagger Spray"],"picked":"Blade Dance","floor":19.0},{"not_picked":["All Out Attack+1","Outmaneuver"],"picked":"Caltrops+1","floor":19.0},{"not_picked":["Dodge and Roll+1","Skewer"],"picked":"Noxious Fumes+1","floor":20.0},{"not_picked":["Endless Agony","Well Laid Plans+1"],"picked":"Accuracy+1","floor":20.0},{"not_picked":["Sucker Punch","Underhanded Strike"],"picked":"Acrobatics","floor":22.0},{"not_picked":["Flying Knee","Well Laid Plans+1","All Out Attack"],"picked":"SKIP","floor":22.0}],"player_experience":210003,"relics_obtained":[{"floor":7.0,"key":"Prayer Wheel"},{"floor":9.0,"key":"Bag of Marbles"},{"floor":12.0,"key":"Blood Vial"}],"event_choices":[{"damage_healed":0.0,"max_hp_gain":0.0,"max_hp_loss":0.0,"gold_gain":0.0,"event_name":"Scrap Ooze","player_choice":"Success","floor":14.0,"gold_loss":0.0,"damage_taken":26.0,"relics_obtained":["Frozen Egg 2"]},{"damage_healed":0.0,"max_hp_gain":0.0,"max_hp_loss":0.0,"gold_gain":0.0,"event_name":"Ghosts","player_choice":"Ignored","floor":21.0,"gold_loss":0.0,"damage_taken":0.0}],"is_beta":false,"boss_relics":[{"not_picked":["Ectoplasm","Velvet Choker"],"picked":"Sozu"}],"items_purged_floors":[11],"is_endless":false,"potions_floor_spawned":[1,4,5,19,20],"killed_by":"Book of Stabbing","ascension_level":16}}