{"host":"jbmvtpvel2a8rbg6","time":1612928771,"event":{"mods":["Aspiration","BaseMod","Better Match","Better Sensory Stone","Better Skull","Conspire","Downfall","Energized Spire","GungeonMod","Hubris","Infinite Spire","Minty Spire (QoL Compilation)","RRrroohrrRGHHhhh!!","Reliquary","Replay The Spire","StSLib","Wandering Minibosses"],"gold_per_floor":[118,135,35,64,64,64,108,143,143,143,16,35,73,73],"floor_reached":13,"language":"ENG","playtime":795,"items_purged":[],"score":85,"play_id":"374a8204-3039-42e3-9328-3838e33ec9f4","local_time":"20210209194611","is_ascension_mode":false,"campfire_choices":[{"data":"Eruption","floor":6,"key":"SMITH"}],"circlet_count":0,"master_deck":["Strike_P+1","Strike_P","Strike_P","Strike_P","Defend_P","Defend_P","Defend_P","Defend_P+1","Eruption+1","Vigilance","conspire:SpireCoStock","conspire:SpireCoStock","Replay:BasicMightCard","rorgmod:Follow-Up","rorgmod:Follow-Up","Mind Blast","Brilliance"],"relics":["PureWater","aspiration:Nostalgia","Iron Core","reliquary:PurpleTingedLeaf","reliquary:HotPoker"],"acts_visited":["Exordium"],"potions_floor_usage":[7,7],"damage_taken":[{"damage":4,"enemies":"2 Louse","floor":1,"turns":4},{"damage":0,"enemies":"Small Slimes","floor":2,"turns":2},{"damage":4,"enemies":"Jaw Worm","floor":4,"turns":5},{"damage":27,"enemies":"3 Sentries","floor":7,"turns":6},{"damage":1,"enemies":"Looter","floor":8,"turns":3},{"damage":10,"enemies":"Exordium Wildlife","floor":12,"turns":3},{"damage":33,"enemies":"Lagavulin","floor":13,"turns":5}],"seed_played":"853756049139031301","potions_obtained":[{"floor":1,"key":"Adrenaline Potion"},{"floor":4,"key":"Regen Potion"},{"floor":12,"key":"GamblersBrew"}],"is_trial":false,"path_per_floor":["M","M","?","M","?","R","E","M","T","?","$","M","E"],"character_chosen":"WATCHER","items_purchased":["rorgmod:Follow-Up","Mind Blast"],"campfire_rested":0,"item_purchase_floors":[11,11],"current_hp_per_floor":[68,68,68,64,50,50,37,37,37,37,37,28,0,0],"gold":73,"neow_bonus":"NOSTALGIA","is_daily":false,"chose_seed":false,"campfire_upgraded":1,"win_rate":0.0,"timestamp":1612928771,"path_taken":["M","M","?","M","?","R","E","M","T","?","?","M","E"],"items_purchased_type":["Card","Card"],"build_version":"2020-12-22","purchased_purges":0,"victory":false,"max_hp_per_floor":[72,72,72,72,72,72,72,72,72,72,72,72,72,72],"card_choices":[{"not_picked":["Replay:BluntJabs","Replay:DivineShield","SashWhip"],"picked":"SKIP","floor":1},{"not_picked":["Weave","WreathOfFlame","Hologram"],"picked":"SKIP","floor":2},{"not_picked":["Evaluate","Dual Wield","EmptyMind"],"picked":"SKIP","floor":4},{"not_picked":["FlurryOfBlows","ThirdEye","BattleHymn"],"picked":"SKIP","floor":7},{"not_picked":["CutThroughFate","DeceiveReality","Replay:Vibes"],"picked":"SKIP","floor":8},{"not_picked":["ReplayTheSpireMod:Uncanny Aura","Replay:Sssssssssshield"],"picked":"Replay:BasicMightCard","floor":10},{"not_picked":["Nirvana","Perseverance"],"picked":"Brilliance","floor":12}],"player_experience":865012,"relics_obtained":[{"floor":7,"key":"reliquary:PurpleTingedLeaf"},{"floor":9,"key":"reliquary:HotPoker"}],"event_choices":[{"damage_healed":0,"gold_gain":0,"player_choice":"Invest 2","damage_taken":0,"max_hp_gain":0,"max_hp_loss":0,"event_name":"conspire:Investor","floor":3,"gold_loss":0},{"damage_healed":0,"gold_gain":0,"player_choice":"Entered Light","damage_taken":14,"max_hp_gain":0,"max_hp_loss":0,"event_name":"Shining Light","floor":5,"gold_loss":0,"cards_upgraded":["Defend_P","Strike_P"]},{"damage_healed":0,"gold_gain":1,"player_choice":"1","damage_taken":0,"max_hp_gain":0,"max_hp_loss":0,"event_name":"betterStone:BetterStone","floor":10,"gold_loss":0}],"is_beta":false,"boss_relics":[],"items_purged_floors":[],"is_endless":false,"potions_floor_spawned":[1,4,12],"killed_by":"Lagavulin","ascension_level":0}}