{"host":"dn6kke80v5f7isus","time":1612940644,"event":{"mods":["AchievementEnabler","Act Like it!","BaseMod","Colored Powertips","Custom Start","Defuse TimeMaze Blight","Energized Spire","Gremlin Skip","Highlight Path","Hubris","Infinite Spire","Marisa????????","Minty Spire (QoL Compilation)","Quick Restart","Rare Cards Sparkle","Reliquary","Replay The Spire","StSLib","The Hierophant","The Servant 0.9.4","Uncapped","Unceasing Turn Reminder"],"gold_per_floor":[114,114,114,156,182,213,213,268,322,322,322,322,372,426,426,534,634,720,781,781,696,527,527,559,559,559,559,559,677,677,677,688,801,801,781,781],"floor_reached":35,"language":"ENG","playtime":1180,"items_purged":["hierophant:DisplayOfPower"],"score":378,"play_id":"b49eaa94-3ad7-4b3c-9a4b-7262fd52e998","local_time":"20210210020404","is_ascension_mode":false,"campfire_choices":[{"data":"hierophant:EyeForCoin","floor":7.0,"key":"SMITH"},{"data":"hierophant:ChurchCoffers","floor":10.0,"key":"SMITH"},{"floor":15.0,"key":"DIG"},{"data":"hierophant:Community","floor":23.0,"key":"SMITH"},{"data":"hierophant:Patience","floor":27.0,"key":"SMITH"},{"data":"hierophant:Cornucopia","floor":31,"key":"SMITH"},{"data":"hierophant:Doubloon","floor":34,"key":"SMITH"}],"circlet_count":0,"master_deck":["hierophant:Strike_Hierophant+1","hierophant:Punish+1","hierophant:Defend_Hierophant+1","hierophant:Defend_Hierophant+1","hierophant:ChurchCoffers+1","hierophant:RustyCrate+1","hierophant:Doubloon+1","hierophant:Doubloon+1","hierophant:EyeForCoin+1","hierophant:Doubloon+1","hierophant:OrnateBuckler+1","hierophant:HolyVerse+1","hierophant:Doubloon+1","hierophant:HolyVerse+1","infinitespire:FutureSight+1","hierophant:Doubloon+1","hierophant:Doubloon+1","hierophant:Doubloon+1","hierophant:Zeal+1","J.A.X.","hierophant:ChurchCoffers+1","hierophant:Community+1","hierophant:MorningPrayer","hierophant:Doubloon+1","hierophant:Patience+1","hierophant:Doubloon+1","hierophant:Doubloon+1","hierophant:DivineIntervention","hierophant:Cornucopia+1","hierophant:Doubloon+1","hierophant:Doubloon+1","hierophant:Refuge+1","hierophant:Doubloon+1"],"relics":["hierophant:PropheticMaskRelic","NeowsBlessing","reliquary:TuningFork","Regal Pillow","Membership Card","Smiling Mask","reliquary:ExpiredCoupon","Replay:Wanted Poster","Replay:Ringing Soul","DollysMirror","hubris:Zylophone","Eternal Feather"],"acts_visited":["Exordium","TheCity"],"potions_floor_usage":[29,29,29],"damage_taken":[{"damage":0.0,"enemies":"Small Slimes","floor":1.0,"turns":1.0},{"damage":0.0,"enemies":"Cultist","floor":4.0,"turns":2.0},{"damage":0.0,"enemies":"3 Sentries","floor":6.0,"turns":1.0},{"damage":5.0,"enemies":"Jaw Worm","floor":8.0,"turns":4.0},{"damage":0.0,"enemies":"Large Slime","floor":14.0,"turns":3.0},{"damage":66.0,"enemies":"The Guardian","floor":16.0,"turns":13.0},{"damage":0.0,"enemies":"3 Byrds","floor":18.0,"turns":1.0},{"damage":0.0,"enemies":"Spheric Guardian","floor":19.0,"turns":1.0},{"damage":6.0,"enemies":"3 Cultists","floor":24.0,"turns":5.0},{"damage":0,"enemies":"Colosseum Slavers","floor":29,"turns":4},{"damage":6,"enemies":"Colosseum Nobs","floor":29,"turns":3},{"damage":10,"enemies":"Shelled Parasite and Fungi","floor":32,"turns":4},{"damage":0,"enemies":"Centurion and Healer","floor":33,"turns":1},{"damage":105,"enemies":"Automaton","floor":35,"turns":12}],"seed_played":"-2177143800401610669","potions_obtained":[{"floor":1.0,"key":"Strength Potion"},{"floor":3.0,"key":"Reflective Coating"},{"floor":3.0,"key":"Adrenaline Potion"},{"floor":16.0,"key":"GamblersBrew"},{"floor":18.0,"key":"Strength Potion"},{"floor":24.0,"key":"EssenceOfSteel"},{"floor":33,"key":"SmokeBomb"}],"is_trial":false,"path_per_floor":["M","?","?","M","T","E","R","M","T","R","?","?","?","M","R","B",null,"M","M","?","?","$","R","M","PTL","PTL","R","T","?","?","R","M","M","R","B"],"character_chosen":"HIEROPHANT","items_purchased":["DollysMirror","hierophant:Community","hierophant:MorningPrayer"],"campfire_rested":0,"item_purchase_floors":[22,22,22],"current_hp_per_floor":[75,75,75,75,75,75,75,70,70,70,70,52,52,75,75,9,75,75,75,75,75,78,78,75,75,75,75,75,72,75,87,80,80,90,0,0],"gold":781,"neow_bonus":"THREE_ENEMY_KILL","is_daily":false,"chose_seed":false,"campfire_upgraded":6,"win_rate":0.0,"timestamp":1612940644,"path_taken":["M","?","?","?","?","E","R","M","T","R","?","?","?","?","R","BOSS","M","?","?","?","?","R","?","PTL","PTL","R","T","?","?","R","M","?","R","BOSS"],"items_purchased_type":["Relic","Card","Card"],"build_version":"2020-12-22","purchased_purges":1,"victory":false,"max_hp_per_floor":[75,75,75,75,75,75,75,75,75,75,75,75,75,75,75,75,75,75,75,75,75,78,78,81,81,81,81,81,84,87,87,90,90,90,93,93],"card_choices":[{"not_picked":["hierophant:Remorse","hierophant:FieryStrike"],"picked":"hierophant:RustyCrate","floor":1.0},{"not_picked":["hierophant:Endure","hierophant:SealAway"],"picked":"hierophant:OrnateBuckler","floor":4.0},{"not_picked":["hierophant:FieryStrike","hierophant:Shelter"],"picked":"hierophant:HolyVerse","floor":6.0},{"not_picked":["hierophant:Sermon","hierophant:ThreeLashes"],"picked":"hierophant:HolyVerse","floor":8.0},{"not_picked":["infinitespire:FinalStrike","infinitespire:DeathsTouch"],"picked":"infinitespire:FutureSight","floor":12.0},{"not_picked":["hierophant:Blessing","hierophant:Upheaval"],"picked":"hierophant:DisplayOfPower","floor":14.0},{"not_picked":["hierophant:FieryStrike","hierophant:ArchangelShield"],"picked":"hierophant:Zeal+1","floor":18.0},{"not_picked":["hierophant:AuricForm","hierophant:HammerAndAnvil","hierophant:AuricBeam+1"],"picked":"SKIP","floor":19.0},{"not_picked":["hierophant:Shelter","hierophant:AuricBeam+1"],"picked":"hierophant:Patience","floor":24.0},{"not_picked":["hierophant:Doubloon","hierophant:SealAway"],"picked":"hierophant:DivineIntervention","floor":29},{"not_picked":["hierophant:SealAway+1","hierophant:Encroach"],"picked":"hierophant:Refuge+1","floor":32},{"not_picked":["hierophant:Prophecy","hierophant:FieryStrike+1","hierophant:ThreeLashes"],"picked":"SKIP","floor":33}],"player_experience":446338,"relics_obtained":[{"floor":5.0,"key":"reliquary:TuningFork"},{"floor":6.0,"key":"reliquary:NewFriend"},{"floor":9.0,"key":"Regal Pillow"},{"floor":13.0,"key":"Ring of Greed"},{"floor":13.0,"key":"Membership Card"},{"floor":13.0,"key":"Smiling Mask"},{"floor":15.0,"key":"reliquary:ExpiredCoupon"},{"floor":29,"key":"hubris:Zylophone"},{"floor":29,"key":"Eternal Feather"}],"event_choices":[{"damage_healed":0.0,"max_hp_gain":0.0,"max_hp_loss":0.0,"gold_gain":0.0,"event_name":"Lab","player_choice":"Got Potions","floor":3.0,"gold_loss":0.0,"damage_taken":0.0},{"damage_healed":0.0,"max_hp_gain":0.0,"max_hp_loss":0.0,"gold_gain":0.0,"event_name":"Drug Dealer","player_choice":"Obtain J.A.X.","floor":20.0,"gold_loss":0.0,"damage_taken":0.0,"cards_obtained":["J.A.X."]},{"damage_healed":0.0,"max_hp_gain":0.0,"max_hp_loss":0.0,"gold_gain":0.0,"event_name":"Addict","player_choice":"Obtained Relic","floor":21.0,"gold_loss":85.0,"damage_taken":0.0,"relics_obtained":["Replay:Ringing Soul"]},{"damage_healed":0,"gold_gain":0,"player_choice":"Fight","damage_taken":0,"max_hp_gain":0,"max_hp_loss":0,"event_name":"Colosseum","floor":29,"gold_loss":0},{"damage_healed":0,"gold_gain":0,"player_choice":"Fought Nobs","damage_taken":0,"max_hp_gain":0,"max_hp_loss":0,"event_name":"Colosseum","floor":29,"gold_loss":0},{"damage_healed":0,"gold_gain":0,"cards_transformed":["hierophant:Strike_Hierophant"],"player_choice":"Transformed","damage_taken":0,"max_hp_gain":0,"max_hp_loss":0,"event_name":"Transmorgrifier","floor":30,"gold_loss":0,"cards_obtained":["hierophant:Cornucopia"]}],"is_beta":false,"boss_relics":[{"not_picked":["energizedSpire:EnergizedDie","hubris:VirtuousBlindfold"],"picked":"Replay:Wanted Poster"}],"items_purged_floors":[22],"is_endless":false,"potions_floor_spawned":[1,6,16,18,24,33],"killed_by":"Automaton","ascension_level":0}}