{"host":"k1qq3tnzhl68zvao","time":1612940927,"event":{"mods":["ATMod(阿瑾Mod)","AchievementEnabler","BaseMod","Colored Powertips","Conspire","DeckTracker","Downfall","Energized Spire","GifTheSpireLib","Minty Spire (QoL Compilation)","Quick Restart","Relic Filter Mod","Replay The Spire","Spicy Shops","StSLib","【遗物卡牌】REMEMod"],"gold_per_floor":[17,17,17,27,46,46,74,74,98,130,130,10,22,47,47,150,150,163,177,137,147,147,147,175,175,255,281,307,322,355,366,366,469,469,482,189,205,221,221,246,256,266,289,299,329,343,343,20,20,20],"floor_reached":51,"language":"ZHS","playtime":2116,"items_purged":["Looming Evil","Defend_R"],"score":1181,"play_id":"7e75fdeb-bd6e-4bbd-85f5-ef8e8e7ff688","local_time":"20210210150847","is_ascension_mode":true,"campfire_choices":[{"data":"Armaments","floor":6.0,"key":"SMITH"},{"data":"REME_BattleFury","floor":8.0,"key":"SMITH"},{"data":"AT_BreakingExtremeWeapon","floor":11.0,"key":"SMITH"},{"data":"Perfected Strike","floor":15.0,"key":"SMITH"},{"data":"Perfected Strike","floor":23.0,"key":"SMITH"},{"data":"Flex","floor":25.0,"key":"SMITH"},{"floor":32.0,"key":"REST"},{"data":"AT_EmpoweredMortalDraw","floor":47,"key":"SMITH"},{"data":"ReplayTheSpireMod:Strike From Hell","floor":49,"key":"SMITH"}],"circlet_count":0,"master_deck":["AscendersBane","Strike_R","Strike_R","Strike_R","Strike_R","Defend_R","Defend_R+1","Defend_R+1","Bash","AT_BreakingExtremeWeapon+1","REME_BattleFury+1","Headbutt","Defend_R","Armaments+1","Dual Wield","Twin Strike","Perfected Strike+1","Immolate","Perfected Strike+1","Flex+1","AT_ShrugMaster+1","Flex","REME_TheLastStrike","AT_EmpoweredMortalDraw+1","Pommel Strike+1","Sword Boomerang","Cleave","True Grit+1","Delirium","Perfected Strike","ReplayTheSpireMod:Strike From Hell+1","Fiend Fire"],"relics":["Burning Blood","AT_ATBox","REME_ComplimentaryCards","Blood Vial","Potion Belt","Anchor","Darkstone Periapt","Strawberry","energizedSpire:CursedPentagram","Blue Candle","Replay:Bottled Snecko","Shuriken","Gremlin Food","ReplayTheSpireMod:Lightbulb","War Paint","AT_MortalBlade","Membership Card","Bird Faced Urn","Mirror","ReplayTheSpireMod:TigerMarble","AT_EbonyIvory","Ginger","BargainBundle","Orrery"],"acts_visited":["Exordium","TheCity","TheBeyond"],"potions_floor_usage":[40,50],"damage_taken":[{"damage":7.0,"enemies":"2 Louse","floor":1.0,"turns":3.0},{"damage":0.0,"enemies":"Small Slimes","floor":4.0,"turns":2.0},{"damage":0.0,"enemies":"Cultist","floor":5.0,"turns":2.0},{"damage":35.0,"enemies":"3 Sentries","floor":7.0,"turns":6.0},{"damage":16.0,"enemies":"Gremlin Nob","floor":10.0,"turns":3.0},{"damage":0.0,"enemies":"2 Fungi Beasts","floor":13.0,"turns":2.0},{"damage":5.0,"enemies":"3 Sentries","floor":14.0,"turns":5.0},{"damage":47.0,"enemies":"Hexaghost","floor":16.0,"turns":6.0},{"damage":0.0,"enemies":"Spheric Guardian","floor":18.0,"turns":2.0},{"damage":2.0,"enemies":"Chosen","floor":19.0,"turns":2.0},{"damage":8.0,"enemies":"Centurion and Healer","floor":21.0,"turns":3.0},{"damage":21.0,"enemies":"Book of Stabbing","floor":24.0,"turns":3.0},{"damage":22.0,"enemies":"Slavers","floor":27.0,"turns":4.0},{"damage":0.0,"enemies":"Cultist and Chosen","floor":29.0,"turns":4.0},{"damage":32.0,"enemies":"Book of Stabbing","floor":30.0,"turns":4.0},{"damage":11.0,"enemies":"Sentry and Sphere","floor":31.0,"turns":3.0},{"damage":41.0,"enemies":"Champ","floor":33.0,"turns":6.0},{"damage":4.0,"enemies":"Orb Walker","floor":35.0,"turns":3.0},{"damage":27,"enemies":"3 Darklings","floor":37,"turns":3},{"damage":12,"enemies":"4 Shapes","floor":38,"turns":3},{"damage":19,"enemies":"Reptomancer","floor":40,"turns":4},{"damage":6,"enemies":"Jaw Worm Horde","floor":41,"turns":3},{"damage":16,"enemies":"Maw","floor":42,"turns":4},{"damage":0,"enemies":"Transient","floor":44,"turns":5},{"damage":4,"enemies":"R_Hoarder","floor":45,"turns":4},{"damage":0,"enemies":"4 Shapes","floor":46,"turns":3},{"damage":42,"enemies":"Awakened One","floor":50,"turns":4}],"seed_played":"-1364781810349480688","potions_obtained":[{"floor":5.0,"key":"BlessingOfTheForge"},{"floor":7.0,"key":"PowerPotion"},{"floor":20.0,"key":"Death Potion"},{"floor":20.0,"key":"GamblersBrew"},{"floor":20.0,"key":"Doom Potion"},{"floor":24.0,"key":"Adrenaline Potion"},{"floor":29.0,"key":"AttackPotion"},{"floor":37,"key":"LiquidBronze"},{"floor":38,"key":"Fire Potion"},{"floor":42,"key":"Adrenaline Potion"},{"floor":45,"key":"SneckoOil"},{"floor":46,"key":"PowerPotion"}],"is_trial":false,"path_per_floor":["M","?","?","M","M","R","E","R","T","E","R","$","M","E","R","B",null,"M","M","?","M","?","R","E","R","T","E","T","M","E","M","R","B",null,"M","$","M","M","T","E","M","M","T","M","E","M","R","$","R","B",null],"character_chosen":"IRONCLAD","items_purchased":["Darkstone Periapt","Membership Card","Bird Faced Urn","Sword Boomerang","Ginger","BargainBundle","Perfected Strike","Orrery"],"campfire_rested":1,"item_purchase_floors":[12,36,36,36,48,48,48,48],"current_hp_per_floor":[71,71,71,77,80,80,51,51,51,43,43,43,51,61,61,22,71,79,85,85,85,80,80,67,67,67,53,53,61,37,34,60,33,78,82,82,69,71,71,64,70,68,68,82,92,99,99,99,99,63],"gold":20,"neow_bonus":"RANDOM_COLORLESS_2","is_daily":false,"chose_seed":false,"campfire_upgraded":8,"win_rate":0.0,"timestamp":1612940927,"path_taken":["M","?","?","?","M","R","E","R","T","E","R","$","M","E","R","BOSS","M","M","?","?","?","R","E","R","T","E","?","M","E","M","R","BOSS","M","$","M","M","?","E","M","M","T","M","E","M","R","$","R","BOSS"],"items_purchased_type":["Relic","Relic","Relic","Card","Relic","Relic","Card","Relic"],"build_version":"2020-12-22","purchased_purges":2,"victory":true,"max_hp_per_floor":[80,80,80,80,80,80,80,80,80,80,80,80,80,87,87,87,87,87,87,87,87,87,87,87,87,87,87,87,87,87,87,87,93,93,93,93,93,93,93,93,93,93,93,93,93,99,99,99,99,99],"card_choices":[{"not_picked":["AT_TearsDenial","Thinking Ahead"],"picked":"REME_BattleFury","floor":0.0},{"not_picked":["AT_GerminateFire","AT_ManFootWork"],"picked":"Headbutt","floor":1.0},{"not_picked":["Heavy Blade","Headbutt"],"picked":"Armaments","floor":4.0},{"not_picked":["Cleave","True Grit"],"picked":"Dual Wield","floor":5.0},{"not_picked":["REME_Cut","Thunderclap"],"picked":"Twin Strike","floor":7.0},{"not_picked":["conspire:Charge","Anger","Replay:Undeath\u0027s Touch"],"picked":"SKIP","floor":10.0},{"not_picked":["Brutality","Cleave","Combust"],"picked":"SKIP","floor":13.0},{"not_picked":["Twin Strike","AT_ManFootWork"],"picked":"Perfected Strike","floor":14.0},{"not_picked":["Fiend Fire","Eclipse"],"picked":"Immolate","floor":16.0},{"not_picked":["Burning Pact","Life Link"],"picked":"Perfected Strike","floor":18.0},{"not_picked":["ReplayTheSpireMod:Stacked","Run Through","Replay:Undeath\u0027s Touch"],"picked":"SKIP","floor":19.0},{"not_picked":["True Grit","Iron Wave","Run Through+1"],"picked":"SKIP","floor":21.0},{"not_picked":["Fire Breathing","Perfected Strike"],"picked":"Flex","floor":24.0},{"not_picked":["Fiend Fire","Headbutt","Bloodletting"],"picked":"SKIP","floor":27.0},{"not_picked":["AT_IchimonjiDouble","Run Through"],"picked":"AT_ShrugMaster","floor":29.0},{"not_picked":["Shockwave","Perfected Strike"],"picked":"Flex","floor":30.0},{"not_picked":["Iron Wave","Flex","Wild Strike"],"picked":"SKIP","floor":31.0},{"not_picked":["Fiend Fire","Replay:Many Hands"],"picked":"REME_TheLastStrike","floor":33.0},{"not_picked":["AT_IchimonjiDouble+1","Life Link"],"picked":"Pommel Strike+1","floor":35.0},{"not_picked":["Perfected Strike+1","Hemogenesis","AT_DiedThrough+1"],"picked":"SKIP","floor":37},{"not_picked":["ReplayTheSpireMod:Corrosion Curse","Run Through+1"],"picked":"Cleave","floor":38},{"not_picked":["Headbutt","Metallicize+1","AT_IchimonjiDouble"],"picked":"SKIP","floor":40},{"not_picked":["Cleave+1","Hemokinesis","Abandon+1"],"picked":"SKIP","floor":41},{"not_picked":["Shockwave+1","Ghostly Armor","Bloodletting"],"picked":"SKIP","floor":42},{"not_picked":["Iron Wave","Heavy Blade","Havoc"],"picked":"SKIP","floor":44},{"not_picked":["Feel No Pain","Inflame","Whirlwind"],"picked":"SKIP","floor":45},{"not_picked":["Hemokinesis+1","Combust"],"picked":"True Grit+1","floor":46},{"not_picked":["Anger+1","Warcry+1"],"picked":"ReplayTheSpireMod:Strike From Hell","floor":48},{"not_picked":["Clash+1","AT_BodySlamDance"],"picked":"Fiend Fire","floor":48}],"player_experience":541682,"relics_obtained":[{"floor":7.0,"key":"Blood Vial"},{"floor":9.0,"key":"Potion Belt"},{"floor":10.0,"key":"Anchor"},{"floor":14.0,"key":"Strawberry"},{"floor":24.0,"key":"Replay:Bottled Snecko"},{"floor":26.0,"key":"Shuriken"},{"floor":27.0,"key":"Gremlin Food"},{"floor":28.0,"key":"ReplayTheSpireMod:Lightbulb"},{"floor":30.0,"key":"War Paint"},{"floor":39,"key":"Mirror"},{"floor":40,"key":"ReplayTheSpireMod:TigerMarble"},{"floor":45,"key":"AT_EbonyIvory"}],"event_choices":[{"damage_healed":0.0,"max_hp_gain":0.0,"max_hp_loss":0.0,"gold_gain":0.0,"event_name":"The Woman in Blue","player_choice":"Bought 3 Potions","floor":20.0,"gold_loss":0.0,"damage_taken":0.0}],"is_beta":false,"boss_relics":[{"not_picked":["Pandora\u0027s Box","Tiny House"],"picked":"energizedSpire:CursedPentagram"},{"not_picked":["Ooze Armor","Busted Crown"],"picked":"AT_MortalBlade"}],"items_purged_floors":[36,48],"is_endless":false,"potions_floor_spawned":[5,7,24,29,31,37,38,42,45,46],"ascension_level":10}}