{"host":"v4tuy5ykrbdcm9o9","time":1612988443,"event":{"mods":["BaseMod","Duelist Mod","Minty Spire (QoL Compilation)","Replay The Spire","StSLib"],"gold_per_floor":[112,132,150,169,183,183,211,178,231,251,282,282,282,314,314,411,411,424,487,502,48,48,73,85,131,143,182,194,220,232,279,291,404,416,442,454,483,513,39,89,120,170,248,39,68,68,97,108,108,108,108,108,30,60,84],"floor_reached":56,"language":"ENG","playtime":5832,"items_purged":[],"score":1878,"play_id":"b277de16-aa39-4bc9-b3a8-dc26ad8c5090","local_time":"20210210152043","is_ascension_mode":true,"campfire_choices":[{"floor":6,"key":"REST"},{"floor":13,"key":"RECALL"},{"floor":15,"key":"REST"},{"floor":24,"key":"REST"},{"floor":28,"key":"REST"},{"floor":32,"key":"REST"},{"floor":46,"key":"REST"},{"floor":49,"key":"REST"},{"data":"Apotheosis","floor":52,"key":"SMITH"}],"circlet_count":0,"master_deck":["Strike_B","Strike_B","Strike_B","Strike_B","Defend_B","Defend_B","Defend_B","Defend_B","Zap","Dualcast","Loop","Panic Button","Lockon","Ball Lightning+1","Conserve Battery","Steam","Go for the Eyes+1","Streamline","Gash","Electrodynamics","Cold Snap+1","BootSequence+1","Sweeping Beam+1","Coolheaded","Beam Cell+1","All For One","Go for the Eyes+1","Sunder","Static Discharge","Rainbow","Streamline","Sunder","Conserve Battery+1","Beam Cell","Apotheosis+1","Core Surge","FTL","Steam","Go for the Eyes+1","Conserve Battery+1","Static Discharge","Static Discharge","Defragment+1","ReplayTheSpireMod:Omega Cannon","Rebound+1","Auto Shields","Buffer"],"relics":["Cracked Core","Meat on the Bone","Pear","Bag of Preparation","Black Star","HornCleat","Lizard Tail","Omamori","MawBank","Whetstone","CaptainsWheel","Onion Ring","DataDisk","Mango","StrikeDummy","Art of War","Sozu","Ancient Tea Set","Pocketwatch","Pondfish Scales","Replay:WaspNest","Ice Cream","Chameleon Ring","ReplayTheSpireMod:TigerMarble","InkBottle","Cables","ReplayTheSpireMod:Lightbulb","Replay:Kaleidoscope","Replay:Bandana","Orichalcum"],"acts_visited":["Exordium","TheCity","TheBeyond","TheEnding"],"potions_floor_usage":[6,7,7,11,14,18,20,23,33,55,55],"damage_taken":[{"damage":4,"enemies":"Jaw Worm","floor":1,"turns":4},{"damage":3,"enemies":"2 Louse","floor":2,"turns":3},{"damage":5,"enemies":"Small Slimes","floor":3,"turns":3},{"damage":9,"enemies":"3 Louse","floor":4,"turns":4},{"damage":6,"enemies":"Looter","floor":5,"turns":2},{"damage":25,"enemies":"Gremlin Nob","floor":7,"turns":4},{"damage":13,"enemies":"Exordium Thugs","floor":10,"turns":4},{"damage":7,"enemies":"Lagavulin","floor":11,"turns":7},{"damage":56,"enemies":"3 Sentries","floor":14,"turns":11},{"damage":20,"enemies":"Hexaghost","floor":16,"turns":8},{"damage":14,"enemies":"Spheric Guardian","floor":18,"turns":4},{"damage":9,"enemies":"Shell Parasite","floor":20,"turns":6},{"damage":31,"enemies":"theDuelist:KaibaA2","floor":23,"turns":6},{"damage":60,"enemies":"Slavers","floor":25,"turns":7},{"damage":2,"enemies":"Book of Stabbing","floor":27,"turns":4},{"damage":0,"enemies":"Snecko","floor":29,"turns":4},{"damage":0,"enemies":"theDuelist:KaibaA2","floor":31,"turns":3},{"damage":49,"enemies":"Collector","floor":33,"turns":8},{"damage":8,"enemies":"3 Darklings","floor":35,"turns":3},{"damage":0,"enemies":"3 Shapes","floor":37,"turns":3},{"damage":0,"enemies":"Sphere and 2 Shapes","floor":38,"turns":3},{"damage":3,"enemies":"2 Orb Walkers","floor":40,"turns":4},{"damage":69,"enemies":"Nemesis","floor":41,"turns":6},{"damage":0,"enemies":"Mind Bloom Boss Battle","floor":42,"turns":5},{"damage":32,"enemies":"R_Hoarder","floor":45,"turns":8},{"damage":11,"enemies":"Reptomancer","floor":47,"turns":4},{"damage":0,"enemies":"Spire Growth","floor":48,"turns":5},{"damage":7,"enemies":"Time Eater","floor":50,"turns":7},{"damage":0,"enemies":"Shield and Spear","floor":54,"turns":5},{"damage":63,"enemies":"The Heart","floor":55,"turns":6}],"seed_played":"-239253825645715124","potions_obtained":[{"floor":1,"key":"Fruit Juice"},{"floor":5,"key":"FearPotion"},{"floor":7,"key":"EntropicBrew"},{"floor":14,"key":"Doom Potion"},{"floor":16,"key":"DuplicationPotion"},{"floor":18,"key":"Dexterity Potion"},{"floor":19,"key":"EssenceOfDarkness"},{"floor":20,"key":"SneckoOil"},{"floor":25,"key":"Fire Potion"},{"floor":33,"key":"Milkshake"}],"is_trial":false,"path_per_floor":["M","M","M","M","M","R","E","?","T","M","E","?","R","E","R","B",null,"M","?","M","$","?","E","R","E","T","E","R","M","?","E","R","B",null,"M","?","M","M","$","?","E","?","T","$","E","R","E","M","R","B",null,"R","$","E","B",null],"character_chosen":"DEFECT","items_purchased":["Lizard Tail","Coolheaded","FairyPotion","Apotheosis","Ancient Tea Set","Core Surge","FTL","ReplayTheSpireMod:TigerMarble","Static Discharge","Auto Shields"],"campfire_rested":7,"item_purchase_floors":[21,21,21,39,39,39,39,44,44,53],"current_hp_per_floor":[71,68,63,54,48,79,54,54,54,53,56,56,56,17,47,39,86,72,72,63,63,63,44,74,26,26,50,84,84,84,84,116,67,104,96,96,96,96,96,93,36,48,48,48,28,62,63,63,97,90,110,110,110,110,63],"gold":84,"neow_bonus":"TEN_PERCENT_HP_BONUS","is_daily":false,"chose_seed":false,"campfire_upgraded":1,"win_rate":0.0,"timestamp":1612988443,"path_taken":["M","M","M","M","M","R","E","?","T","M","E","?","R","E","R","BOSS","M","?","M","$","?","E","R","E","T","E","R","M","?","E","R","BOSS","M","?","M","M","?","?","E","?","T","$","E","R","E","M","R","BOSS","R","$","E","BOSS"],"items_purchased_type":["Relic","Card","Potion","Card","Relic","Card","Card","Relic","Card","Card"],"build_version":"2020-12-22","purchased_purges":0,"victory":true,"max_hp_per_floor":[82,82,82,82,82,87,87,87,87,87,97,97,97,102,102,102,102,102,102,102,102,102,102,102,102,102,116,116,116,116,116,116,116,116,116,116,116,116,116,116,116,116,116,116,116,116,116,116,116,116,116,116,116,116,116],"card_choices":[{"not_picked":["Recycle","Skim"],"picked":"Loop","floor":1},{"not_picked":["Aggregate","Redo"],"picked":"Panic Button","floor":2},{"not_picked":["Barrage","ReplaySort"],"picked":"Lockon","floor":3},{"not_picked":["Reprogram","Force Field"],"picked":"Ball Lightning","floor":4},{"not_picked":["ReplayGash","ReplayTheSpireMod:Repulse"],"picked":"Conserve Battery","floor":5},{"not_picked":["Biased Cognition","Leap"],"picked":"Steam","floor":7},{"not_picked":["Cold Snap","Aggregate"],"picked":"Go for the Eyes","floor":10},{"not_picked":["ReplayTheSpireMod:GoodbyeWorld","Redo"],"picked":"Streamline","floor":11},{"not_picked":["Consume","Stack"],"picked":"Gash","floor":14},{"not_picked":["Buffer","ReplayTheSpireMod:Fabricate Wheel"],"picked":"Electrodynamics","floor":16},{"not_picked":["Conserve Battery","Compile Driver+1"],"picked":"Cold Snap+1","floor":18},{"not_picked":["BasicCrystalCard+1","Conserve Battery"],"picked":"BootSequence+1","floor":19},{"not_picked":["Stack","Panic Button"],"picked":"Sweeping Beam+1","floor":20},{"not_picked":["ReplayTheSpireMod:System Scan","Force Field"],"picked":"Beam Cell","floor":23},{"not_picked":["Hello World","Steam Power"],"picked":"All For One","floor":25},{"not_picked":["Beam Cell","Tempest+1"],"picked":"Go for the Eyes+1","floor":27},{"not_picked":["Compile Driver","Reinforced Body"],"picked":"Sunder","floor":29},{"not_picked":["Glacier","Consume"],"picked":"Static Discharge","floor":31},{"not_picked":["Machine Learning","Biased Cognition"],"picked":"Rainbow","floor":33},{"not_picked":["Aggregate","Compile Driver+1"],"picked":"Streamline","floor":35},{"not_picked":["Doom and Gloom","Hello World"],"picked":"Conserve Battery+1","floor":37},{"not_picked":["Rip and Tear","Steam+1"],"picked":"Beam Cell","floor":38},{"not_picked":["Creative AI","Reprogram"],"picked":"Steam","floor":40},{"not_picked":["Conserve Battery","Stack"],"picked":"Go for the Eyes+1","floor":41},{"not_picked":["ReplayTheSpireMod:GoodbyeWorld","Defragment"],"picked":"Conserve Battery+1","floor":42},{"not_picked":["Creative AI","Turbo"],"picked":"Defragment+1","floor":45},{"not_picked":["Beam Cell","ReplaySolidLightProjector"],"picked":"ReplayTheSpireMod:Omega Cannon","floor":47},{"not_picked":["Turbo+1","Barrage+1"],"picked":"Rebound+1","floor":48},{"not_picked":["Gash+1","Hello World"],"picked":"Buffer","floor":54}],"player_experience":822301,"relics_obtained":[{"floor":7,"key":"Meat on the Bone"},{"floor":11,"key":"Pear"},{"floor":14,"key":"Bag of Preparation"},{"floor":19,"key":"HornCleat"},{"floor":23,"key":"Omamori"},{"floor":23,"key":"MawBank"},{"floor":25,"key":"Whetstone"},{"floor":25,"key":"CaptainsWheel"},{"floor":26,"key":"Onion Ring"},{"floor":27,"key":"DataDisk"},{"floor":27,"key":"Mango"},{"floor":31,"key":"StrikeDummy"},{"floor":31,"key":"Art of War"},{"floor":40,"key":"Pocketwatch"},{"floor":41,"key":"Pondfish Scales"},{"floor":41,"key":"Replay:WaspNest"},{"floor":42,"key":"Ice Cream"},{"floor":43,"key":"Chameleon Ring"},{"floor":45,"key":"InkBottle"},{"floor":45,"key":"Cables"},{"floor":47,"key":"ReplayTheSpireMod:Lightbulb"},{"floor":47,"key":"Replay:Kaleidoscope"},{"floor":54,"key":"Replay:Bandana"},{"floor":54,"key":"Orichalcum"}],"event_choices":[{"damage_healed":0,"gold_gain":0,"player_choice":"Left Gold","damage_taken":0,"max_hp_gain":0,"max_hp_loss":0,"event_name":"World of Goop","floor":8,"gold_loss":33},{"damage_healed":0,"gold_gain":0,"player_choice":"Ignored","damage_taken":0,"max_hp_gain":0,"max_hp_loss":0,"event_name":"Ghosts","floor":22,"gold_loss":0},{"damage_healed":0,"gold_gain":0,"player_choice":"Ignored","damage_taken":0,"max_hp_gain":0,"max_hp_loss":0,"event_name":"Beggar","floor":30,"gold_loss":0},{"damage_healed":0,"gold_gain":0,"player_choice":"Copied","damage_taken":0,"max_hp_gain":0,"max_hp_loss":0,"event_name":"Duplicator","floor":36,"gold_loss":0,"cards_obtained":["Sunder"]},{"damage_healed":0,"gold_gain":0,"player_choice":"Fight","damage_taken":0,"max_hp_gain":0,"max_hp_loss":0,"event_name":"Mysterious Sphere","floor":40,"gold_loss":0},{"damage_healed":0,"gold_gain":0,"player_choice":"Fight","damage_taken":0,"max_hp_gain":0,"max_hp_loss":0,"event_name":"MindBloom","floor":42,"gold_loss":0}],"is_beta":false,"boss_relics":[{"not_picked":["SacredBark","Honey Jar"],"picked":"Black Star"},{"not_picked":["Replay:Drink Me","Kintsugi"],"picked":"Sozu"}],"items_purged_floors":[],"is_endless":false,"potions_floor_spawned":[1,5,7,14,16,18,20,25,33,41,42,47],"ascension_level":8}}