{"host":"bpnwh7vpv9k3tssc","time":1612954762,"event":{"mods":["BaseMod","Colored Map","Colored Powertips","Curses Come First","Highlight Path","Minty Spire (QoL Compilation)","Quick Restart","Random Character Button","Relic Sorter","StSLib"],"gold_per_floor":[110,127,127,127,139,139,159,175,175,192,192,227,227,227,227,227,227],"floor_reached":16,"language":"ENG","playtime":771,"items_purged":[],"score":145,"play_id":"d66ba809-46f4-433c-aced-4a3ecd534d31","local_time":"20210210115922","is_ascension_mode":true,"campfire_choices":[{"data":"Zap","floor":6.0,"key":"SMITH"},{"data":"Self Repair","floor":11,"key":"SMITH"},{"data":"Recycle","floor":13,"key":"SMITH"},{"floor":15,"key":"REST"}],"circlet_count":0,"master_deck":["Strike_B","Strike_B","Strike_B","Defend_B+1","Defend_B","Defend_B","Defend_B+1","Zap+1","Dualcast","Coolheaded","Tempest","Melter","Self Repair+1","Recycle+1","Glacier"],"relics":["Cracked Core","NeowsBlessing","Odd Mushroom","Singing Bowl","Emotion Chip","PreservedInsect"],"acts_visited":["Exordium"],"potions_floor_usage":[12],"damage_taken":[{"damage":0.0,"enemies":"Jaw Worm","floor":1.0,"turns":1.0},{"damage":0.0,"enemies":"Small Slimes","floor":2.0,"turns":1.0},{"damage":0.0,"enemies":"2 Louse","floor":5.0,"turns":1.0},{"damage":20.0,"enemies":"The Mushroom Lair","floor":7.0,"turns":4.0},{"damage":21.0,"enemies":"Large Slime","floor":8.0,"turns":6.0},{"damage":5,"enemies":"Exordium Wildlife","floor":10,"turns":4},{"damage":21,"enemies":"3 Sentries","floor":12,"turns":8},{"damage":24,"enemies":"Hexaghost","floor":16,"turns":14}],"seed_played":"6666983824037188041","potions_obtained":[{"floor":1.0,"key":"Explosive Potion"},{"floor":2.0,"key":"SneckoOil"},{"floor":10,"key":"FearPotion"}],"is_trial":false,"path_per_floor":["M","M","?","?","M","R","?","M","T","M","R","E","R","?","R","B"],"character_chosen":"DEFECT","items_purchased":[],"campfire_rested":1,"item_purchase_floors":[],"current_hp_per_floor":[68,68,68,53,53,53,40,26,26,30,30,19,19,1,24,0,0],"gold":227,"neow_bonus":"THREE_ENEMY_KILL","is_daily":false,"chose_seed":false,"campfire_upgraded":3,"win_rate":0.0,"timestamp":1612954762,"path_taken":["M","M","?","?","M","R","?","M","T","M","R","E","R","?","R","BOSS"],"items_purchased_type":[],"build_version":"2020-12-22","purchased_purges":0,"victory":false,"max_hp_per_floor":[75,75,75,75,75,75,75,75,75,77,77,77,77,77,77,77,77],"card_choices":[{"not_picked":["Ball Lightning","BootSequence"],"picked":"Coolheaded","floor":1.0},{"not_picked":["Rebound","Go for the Eyes"],"picked":"Tempest","floor":2.0},{"not_picked":["Rip and Tear","Barrage"],"picked":"Self Repair","floor":5.0},{"not_picked":["Beam Cell","Undo"],"picked":"Recycle","floor":8},{"not_picked":["Sunder","Go for the Eyes","Cold Snap"],"picked":"Singing Bowl","floor":10},{"not_picked":["Barrage","Biased Cognition"],"picked":"Glacier","floor":12}],"player_experience":365600,"relics_obtained":[{"floor":7.0,"key":"Odd Mushroom"},{"floor":9,"key":"Singing Bowl"},{"floor":12,"key":"Emotion Chip"}],"event_choices":[{"damage_healed":0.0,"max_hp_gain":0.0,"max_hp_loss":0.0,"gold_gain":0.0,"cards_transformed":["Strike_B"],"event_name":"Living Wall","player_choice":"Change","floor":3.0,"gold_loss":0.0,"damage_taken":0.0,"cards_obtained":["Melter"]},{"damage_healed":0.0,"max_hp_gain":0.0,"max_hp_loss":0.0,"gold_gain":0.0,"event_name":"Shining Light","player_choice":"Entered Light","floor":4.0,"gold_loss":0.0,"damage_taken":15.0,"cards_upgraded":["Defend_B","Defend_B"]},{"damage_healed":0.0,"max_hp_gain":0.0,"max_hp_loss":0.0,"gold_gain":0.0,"event_name":"Mushrooms","player_choice":"Fought Mushrooms","floor":7.0,"gold_loss":0.0,"damage_taken":0.0},{"damage_healed":0,"gold_gain":0,"player_choice":"Success","damage_taken":18,"relics_obtained":["PreservedInsect"],"max_hp_gain":0,"max_hp_loss":0,"event_name":"Scrap Ooze","floor":14,"gold_loss":0}],"is_beta":false,"boss_relics":[],"items_purged_floors":[],"is_endless":false,"potions_floor_spawned":[1,2,10],"killed_by":"Hexaghost","ascension_level":9}}