{"host":"8gdkjaczyd21tne7","time":1612956995,"event":{"mods":["Ascension Reborn","BaseMod","Colored Powertips","KomeijiMod","Minty Spire (QoL Compilation)","Relic Stats","Spicy Shops","StSLib"],"gold_per_floor":[180,130,142,142,242,268,268,297,297,324,336,348,395,407,419,533,545,572,584,596,2,2,37,37,47,47,65,85,112,112,139,139,240,240,255,132,132,132,146,180,90,90,113,13,43,63,96,96,96,96],"floor_reached":51,"language":"ZHS","playtime":8086,"items_purged":["Defend_Remirira+1","Normality"],"score":805,"play_id":"34decd32-6961-41d1-b101-f565e96f5bcb","local_time":"20210210193635","daily_mods":["Heirloom","Time Dilation","Flight"],"is_ascension_mode":true,"campfire_choices":[{"data":"ThirstForBlood","floor":7.0,"key":"SMITH"},{"data":"Paradox","floor":11.0,"key":"SMITH"},{"data":"DamonLordCradle_Remiria","floor":12.0,"key":"SMITH"},{"floor":15.0,"key":"REST"},{"data":"QueenOfMidnight","floor":24.0,"key":"SMITH"},{"data":"MiserableFate_Remiria","floor":32.0,"key":"SMITH"},{"floor":42,"key":"REST"},{"floor":49,"key":"REST"}],"circlet_count":0,"master_deck":["Strike_Remiria+1","Defend_Remirira+1","Defend_Remirira+1","Absorbed+1","Scratch+1","ServantFlier+1","Rewrite+1","ThirstForBlood+1","DamonLordCradle_Remiria+1","Paradox+1","BloodPact+1","QueenOfMidnight+1","Paradox+1","RedtheNightlessCastle+1","FateSonata+1","StigmaNizer+1","DoubleEdge+1","CurseofVladTepes+1","MiserableFate_Remiria+1","Warpath+1","QueenOfMidnight+1","Tepes+1","AllTheWorldInNightmare+1","Searching+1","Panacea+1","Rewrite+1","Offensive+1","BadLadyScramble+1","Tepes+1"],"relics":["ThirstyCrossSpe","Bird Faced Urn","Shuriken","Matryoshka","MawBank","Omamori","Lantern","Cursed Key","Nilry\u0027s Codex","Bottled Flame","Bottled Lightning","NitorisBag","HoshigumaDish","Potion Belt","Letter Opener","Bag of Preparation","Darkstone Periapt","Philosopher\u0027s Stone","GoodDreamPillow","MealTicket","Orichalcum","Bottled Tornado","Clue","Akabeko"],"acts_visited":["Exordium","TheCity","TheBeyond"],"potions_floor_usage":[45,48,48,48,48],"damage_taken":[{"damage":0.0,"enemies":"Cultist","floor":1.0,"turns":2.0},{"damage":5.0,"enemies":"Small Slimes","floor":3.0,"turns":2.0},{"damage":3.0,"enemies":"Gremlin Nob","floor":6.0,"turns":3.0},{"damage":9.0,"enemies":"3 Sentries","floor":8.0,"turns":7.0},{"damage":1.0,"enemies":"2 Louse","floor":10.0,"turns":3.0},{"damage":10.0,"enemies":"Gremlin Nob","floor":13.0,"turns":4.0},{"damage":40.0,"enemies":"The Guardian","floor":16.0,"turns":7.0},{"damage":0.0,"enemies":"Shell Parasite","floor":18.0,"turns":2.0},{"damage":17.0,"enemies":"Book of Stabbing","floor":23.0,"turns":4.0},{"damage":10.0,"enemies":"Chosen","floor":25.0,"turns":2.0},{"damage":8.0,"enemies":"3 Cultists","floor":27.0,"turns":4.0},{"damage":4.0,"enemies":"Snake Plant","floor":28.0,"turns":3.0},{"damage":9.0,"enemies":"Gremlin Leader","floor":29.0,"turns":3.0},{"damage":6.0,"enemies":"Book of Stabbing","floor":31.0,"turns":3.0},{"damage":50.0,"enemies":"Champ","floor":33.0,"turns":5.0},{"damage":0.0,"enemies":"3 Shapes","floor":35.0,"turns":2.0},{"damage":0.0,"enemies":"Orb Walker","floor":39.0,"turns":1.0},{"damage":66.0,"enemies":"Nemesis","floor":40.0,"turns":7.0},{"damage":20,"enemies":"Reptomancer","floor":45,"turns":3},{"damage":8,"enemies":"3 Darklings","floor":46,"turns":5},{"damage":16,"enemies":"Giant Head","floor":47,"turns":6},{"damage":20,"enemies":"Giant Head","floor":48,"turns":8},{"damage":88,"enemies":"Time Eater","floor":50,"turns":7}],"seed_played":"-3312147251500943786","potions_obtained":[{"floor":10.0,"key":"SpeedPotion"},{"floor":13.0,"key":"Weak Potion"},{"floor":16.0,"key":"SteroidPotion"},{"floor":25.0,"key":"SkillPotion"},{"floor":27.0,"key":"Weak Potion"},{"floor":28.0,"key":"Weak Potion"},{"floor":33.0,"key":"DistilledChaos"},{"floor":35.0,"key":"BlessingOfTheForge"},{"floor":40.0,"key":"EssenceOfSteel"},{"floor":47,"key":"DistilledChaos"}],"is_trial":true,"path_per_floor":["M","?","M","?","?","E","R","E","T","M","R","R","E","$","R","B",null,"M","?","?","$","?","E","R","M","T","M","M","E","?","E","R","B",null,"M","?","?","?","M","E","?","R","T","$","E","M","E","?","R","B",null],"character_chosen":"RemiriaScarlet","items_purchased":["Bottled Flame","Bottled Lightning","NitorisBag","StigmaNizer"],"campfire_rested":3,"item_purchase_floors":[21,21,21,21],"current_hp_per_floor":[100,100,95,75,75,72,72,63,63,62,62,62,52,52,82,42,100,100,100,84,84,84,69,69,61,61,84,89,84,84,86,86,62,100,100,100,90,90,92,43,43,73,79,94,82,78,89,106,106,101],"gold":96,"neow_bonus":"","is_daily":false,"chose_seed":false,"campfire_upgraded":5,"win_rate":0.0,"timestamp":1612956995,"path_taken":["M","?","M","?","?","E","R","E","T","?","R","R","E","$","R","BOSS","M","?","?","?","?","E","R","?","T","?","M","E","?","E","R","BOSS","M","?","?","?","?","E","?","R","T","$","E","?","E","?","R","BOSS"],"items_purchased_type":["Relic","Relic","Relic","Card"],"build_version":"2020-12-22","purchased_purges":2,"victory":true,"max_hp_per_floor":[100,100,100,100,100,100,100,100,100,100,100,100,100,100,100,100,100,100,100,100,100,100,100,100,100,100,100,100,100,100,100,100,100,100,100,100,100,100,100,100,100,100,106,106,106,106,106,106,106,106],"relic_stats":{"Darkstone Periapt":6,"counters":[23,91],"Shuriken":[33],"Bird Faced Urn":[70],"MealTicket":15,"Bag of Preparation":[20],"Letter Opener":[127],"Orichalcum":[54],"MawBank":144,"Cursed Key":2,"obtain_stats":[{"Potion Belt":26,"Darkstone Periapt":31,"Lantern":13,"GoodDreamPillow":36,"Nilry\u0027s Codex":20,"HoshigumaDish":23,"Omamori":9,"Bag of Preparation":29,"Letter Opener":26,"Orichalcum":43,"Bottled Tornado":45,"MawBank":9,"Cursed Key":17,"Akabeko":47,"NitorisBag":21,"Bottled Flame":21,"Matryoshka":8,"ThirstyCrossSpe":0,"Shuriken":6,"Bird Faced Urn":0,"Philosopher\u0027s Stone":34,"MealTicket":40,"Clue":47,"Bottled Lightning":21},{"Potion Belt":10,"Darkstone Periapt":14,"Lantern":6,"GoodDreamPillow":16,"Nilry\u0027s Codex":8,"HoshigumaDish":9,"Omamori":4,"Bag of Preparation":13,"Letter Opener":10,"Orichalcum":18,"Bottled Tornado":19,"MawBank":4,"Cursed Key":7,"Akabeko":21,"NitorisBag":8,"Bottled Flame":8,"Matryoshka":4,"ThirstyCrossSpe":0,"Shuriken":3,"Bird Faced Urn":0,"Philosopher\u0027s Stone":15,"MealTicket":18,"Clue":21,"Bottled Lightning":8},{"Potion Belt":35,"Darkstone Periapt":48,"Lantern":21,"GoodDreamPillow":54,"Nilry\u0027s Codex":29,"HoshigumaDish":33,"Omamori":14,"Bag of Preparation":45,"Letter Opener":35,"Orichalcum":62,"Bottled Tornado":65,"MawBank":14,"Cursed Key":27,"Akabeko":76,"NitorisBag":29,"Bottled Flame":29,"Matryoshka":14,"ThirstyCrossSpe":0,"Shuriken":7,"Bird Faced Urn":0,"Philosopher\u0027s Stone":52,"MealTicket":62,"Clue":76,"Bottled Lightning":29}]},"card_choices":[{"not_picked":["DoubleEdge","Feint"],"picked":"ServantFlier","floor":1.0},{"not_picked":["BloodCollect","Warpath"],"picked":"Rewrite","floor":3.0},{"not_picked":["DemonsDinnerFork_Remiria","ScarletNetherworld"],"picked":"ThirstForBlood","floor":6.0},{"not_picked":["Cripple","VampireClaw"],"picked":"DamonLordCradle_Remiria","floor":8.0},{"not_picked":["Exsanguinate","ScarletNetherworld"],"picked":"Paradox","floor":10.0},{"not_picked":["Warpath","BodyStrengthen"],"picked":"BloodPact","floor":13.0},{"not_picked":["BombardNight","RemiliaStretch_Remiria"],"picked":"QueenOfMidnight","floor":16.0},{"not_picked":["ServantFlier","BloodCollect"],"picked":"Paradox","floor":18.0},{"not_picked":["Paradox","Cripple+1"],"picked":"CurseofVladTepes","floor":23.0},{"not_picked":["FierceSweep","Impregnable","Feint+1"],"picked":"SKIP","floor":25.0},{"not_picked":["YoungDemonLord","SeparateFleshBlood+1","ThePrice"],"picked":"SKIP","floor":27.0},{"not_picked":["RocketKickup+1","DemonsDinnerFork_Remiria+1"],"picked":"MiserableFate_Remiria","floor":28.0},{"not_picked":["Tearing","BodyStrengthen+1"],"picked":"Warpath","floor":29.0},{"not_picked":["BloodSurge","TricksterDevil"],"picked":"Tepes+1","floor":31.0},{"not_picked":["QueenOfMidnight","FateSonata"],"picked":"AllTheWorldInNightmare","floor":33.0},{"not_picked":["Feint","DamonLordCradle_Remiria","CruelSlaughter+1"],"picked":"SKIP","floor":35.0},{"not_picked":["Impatience","Mind Blast"],"picked":"Searching","floor":37.0},{"not_picked":["Flash of Steel","Blind"],"picked":"Panacea","floor":37.0},{"not_picked":["FastHealing","BloodCollect","DemonsDinnerFork_Remiria+1"],"picked":"SKIP","floor":39.0},{"not_picked":["LifeBreak","BloodCleaner","FierceSweep+1"],"picked":"SKIP","floor":40.0},{"not_picked":["FitfulNightmare","StigmaNizer"],"picked":"Rewrite+1","floor":45},{"not_picked":["VampireKiss_Remiria+1","FierceSweep+1"],"picked":"Offensive","floor":46},{"not_picked":["BloodySuit+1","BloodCollect"],"picked":"BadLadyScramble","floor":46},{"not_picked":["BloodySuit","ThirstForBlood","ThePrice"],"picked":"SKIP","floor":47},{"not_picked":["DemonsDinnerFork_Remiria","BloodCleaner+1"],"picked":"Tepes+1","floor":48}],"player_experience":195918,"relics_obtained":[{"floor":6.0,"key":"Shuriken"},{"floor":8.0,"key":"Matryoshka"},{"floor":9.0,"key":"MawBank"},{"floor":9.0,"key":"Omamori"},{"floor":13.0,"key":"Lantern"},{"floor":20.0,"key":"Nilry\u0027s Codex"},{"floor":23.0,"key":"HoshigumaDish"},{"floor":26.0,"key":"Potion Belt"},{"floor":26.0,"key":"Letter Opener"},{"floor":29.0,"key":"Bag of Preparation"},{"floor":31.0,"key":"Darkstone Periapt"},{"floor":40.0,"key":"MealTicket"},{"floor":43,"key":"Orichalcum"},{"floor":45,"key":"Bottled Tornado"},{"floor":47,"key":"Clue"},{"floor":47,"key":"Akabeko"}],"event_choices":[{"cards_removed":["Defend_Remirira"],"damage_healed":0.0,"max_hp_gain":0.0,"max_hp_loss":0.0,"gold_gain":0.0,"event_name":"The Cleric","player_choice":"Card Removal","floor":2.0,"gold_loss":50.0,"damage_taken":0.0},{"damage_healed":0.0,"max_hp_gain":0.0,"max_hp_loss":0.0,"gold_gain":0.0,"event_name":"Shining Light","player_choice":"Entered Light","floor":4.0,"gold_loss":0.0,"damage_taken":20.0,"cards_upgraded":["ServantFlier","Rewrite"]},{"damage_healed":0.0,"max_hp_gain":0.0,"max_hp_loss":0.0,"gold_gain":100.0,"event_name":"Wheel of Change","player_choice":"Gold","floor":5.0,"gold_loss":0.0,"damage_taken":0.0},{"damage_healed":0.0,"max_hp_gain":0.0,"max_hp_loss":0.0,"gold_gain":0.0,"cards_transformed":["Strike_Remiria","Strike_Remiria"],"event_name":"Drug Dealer","player_choice":"Became Test Subject","floor":19.0,"gold_loss":0.0,"damage_taken":0.0,"cards_obtained":["RedtheNightlessCastle","FateSonata"]},{"damage_healed":0.0,"max_hp_gain":0.0,"max_hp_loss":0.0,"gold_gain":0.0,"event_name":"Cursed Tome","player_choice":"Obtained Book","floor":20.0,"gold_loss":0.0,"damage_taken":16.0},{"damage_healed":0.0,"max_hp_gain":0.0,"max_hp_loss":0.0,"gold_gain":0.0,"event_name":"The Library","player_choice":"Read","floor":22.0,"gold_loss":0.0,"damage_taken":0.0,"cards_obtained":["DoubleEdge"]},{"damage_healed":0.0,"max_hp_gain":0.0,"max_hp_loss":0.0,"gold_gain":0.0,"event_name":"Duplicator","player_choice":"Copied","floor":30.0,"gold_loss":0.0,"damage_taken":0.0,"cards_obtained":["QueenOfMidnight"]},{"damage_healed":0.0,"max_hp_gain":0.0,"max_hp_loss":0.0,"gold_gain":0.0,"event_name":"SensoryStone","player_choice":"Memory 3","floor":37.0,"gold_loss":0.0,"damage_taken":10.0},{"damage_healed":0.0,"max_hp_gain":0.0,"max_hp_loss":0.0,"gold_gain":0.0,"event_name":"Upgrade Shrine","player_choice":"Upgraded","floor":38.0,"gold_loss":0.0,"damage_taken":0.0,"cards_upgraded":["Searching"]},{"cards_removed":["Strike_Remiria"],"damage_healed":0.0,"max_hp_gain":0.0,"max_hp_loss":0.0,"gold_gain":0.0,"event_name":"Designer","player_choice":"Upgrade and Remove","floor":41.0,"gold_loss":90.0,"damage_taken":0.0,"cards_upgraded":["StigmaNizer"]}],"is_beta":false,"boss_relics":[{"not_picked":["Ectoplasm","SlaversCollar"],"picked":"Cursed Key"},{"not_picked":["Astrolabe","Fusion Hammer"],"picked":"Philosopher\u0027s Stone"}],"items_purged_floors":[21,44],"is_endless":false,"potions_floor_spawned":[10,13,16,25,27,28,33,35,40,47,48],"ascension_level":0}}