{"host":"eedodlo27pfhzv3w","time":1612966582,"event":{"mods":["BaseMod","Colored Map","Downfall","Jedi Mod","Minty Spire (QoL Compilation)","StSLib","SuperFastMode","The Necromancer"],"gold_per_floor":[99,111,130,140,140,154,154,173,173,73,58,77,110,110,124,124,124,124],"floor_reached":16,"language":"ENG","playtime":536,"items_purged":[],"score":104,"play_id":"c4c5f9d0-f2bd-4bc2-b960-19d8ab06f8af","local_time":"20210210151622","is_ascension_mode":false,"campfire_choices":[{"floor":1,"key":"RECALL"},{"floor":10,"key":"REST"}],"circlet_count":0,"master_deck":["bronze:Strike","bronze:Strike","bronze:Strike+1","bronze:Defend+1","bronze:Defend+1","bronze:Defend","bronze:Defend","bronze:Replicate","bronze:Goto","bronze:CutThrough","bronze:DelayedSlice","bronze:Separator","bronze:Overheat","bronze:CutThrough","downfall:Malfunctioning","bronze:Shield","bronze:Iterate","bronze:DigitalCarnage","bronze:Iterate"],"relics":["bronze:BronzeCore","Lantern","downfall:HeartBlessingRed","The Courier","downfall:ShatteredFragment"],"acts_visited":["Exordium"],"potions_floor_usage":[13,16,16],"damage_taken":[{"damage":6,"enemies":"Jaw Worm","floor":2,"turns":3},{"damage":1,"enemies":"Cultist","floor":3,"turns":3},{"damage":0,"enemies":"Small Slimes","floor":4,"turns":2},{"damage":4,"enemies":"2 Fungi Beasts","floor":6,"turns":3},{"damage":5,"enemies":"Large Slime","floor":8,"turns":5},{"damage":2,"enemies":"downfall:FleeingMerchant","floor":11,"turns":4},{"damage":14,"enemies":"Exordium Thugs","floor":12,"turns":3},{"damage":12,"enemies":"Gremlin Nob","floor":13,"turns":3},{"damage":0,"enemies":"Blue Slaver","floor":15,"turns":2},{"damage":22,"enemies":"IC_STATUS_ARCHETYPE","floor":16,"turns":4}],"seed_played":"-7817573895603135459","potions_obtained":[{"floor":3,"key":"SteroidPotion"},{"floor":4,"key":"champ:CounterPotion"},{"floor":12,"key":"ColorlessPotion"}],"is_trial":false,"path_per_floor":["R","M","M","M","?","M","T","M","?","R","$","M","E","?","M","B"],"character_chosen":"THE_AUTOMATON","items_purchased":[],"campfire_rested":1,"item_purchase_floors":[],"current_hp_per_floor":[70,64,63,63,68,64,64,59,59,70,68,54,42,21,21,0,0,0],"gold":124,"neow_bonus":"TRANSFORM_CARD","is_daily":false,"chose_seed":false,"campfire_upgraded":0,"win_rate":0.0,"timestamp":1612966582,"path_taken":["R","M","M","M","?","M","T","?","?","R","$","M","E","?","M","BOSS"],"items_purchased_type":[],"build_version":"2020-12-22","purchased_purges":0,"victory":false,"max_hp_per_floor":[70,70,70,70,70,70,70,70,70,70,70,70,70,70,70,70,70,70],"card_choices":[{"not_picked":["bronze:BugBarrage","bronze:Shell"],"picked":"bronze:DelayedSlice","floor":2},{"not_picked":["bronze:ClassDefault","bronze:FineTuning"],"picked":"bronze:Invalidate","floor":3},{"not_picked":["bronze:DigitalCarnage","bronze:Frontload"],"picked":"bronze:Separator","floor":4},{"not_picked":["bronze:Backtrace","bronze:NullPointer"],"picked":"bronze:Overheat","floor":6},{"not_picked":["bronze:OilSpill","bronze:Invalidate"],"picked":"bronze:CutThrough","floor":8},{"not_picked":["bronze:CleanCode","bronze:BitShift"],"picked":"bronze:Shield","floor":11},{"not_picked":["bronze:Frontload","bronze:ForLoop"],"picked":"bronze:Iterate","floor":12},{"not_picked":["bronze:ForceShield","bronze:Frontload"],"picked":"bronze:DigitalCarnage","floor":13},{"not_picked":["bronze:Terminator","bronze:BugBarrage"],"picked":"bronze:Iterate","floor":15}],"player_experience":210899,"relics_obtained":[{"floor":7,"key":"Lantern"},{"floor":13,"key":"The Courier"}],"event_choices":[{"cards_removed":["bronze:Invalidate"],"damage_healed":5,"gold_gain":0,"player_choice":"Offered Common","damage_taken":0,"max_hp_gain":0,"max_hp_loss":0,"event_name":"Bonfire Elementals","floor":5,"gold_loss":0},{"cards_removed":["bronze:Invalidate"],"damage_healed":5,"gold_gain":0,"player_choice":"Offered Special","damage_taken":0,"max_hp_gain":0,"max_hp_loss":0,"event_name":"Bonfire Elementals","floor":5,"gold_loss":0}],"is_beta":false,"boss_relics":[],"items_purged_floors":[],"is_endless":false,"potions_floor_spawned":[3,4,12],"killed_by":"IC_STATUS_ARCHETYPE","ascension_level":0}}