{"host":"hwuw9fxoqh6hcgug","time":1612980262,"event":{"mods":["BaseMod","Downfall","Highlight Path","Minty Spire (QoL Compilation)","StSLib"],"gold_per_floor":[109,127,127,57,57,97,97,111,111,152,152,171,70,91,91,215,215,215,215,215,68,68,68,68,68,68,68,68,68,68,68,68,68,68,68,68,68,0,0,0,0],"floor_reached":40,"language":"FRA","playtime":1674,"items_purged":[],"score":688,"play_id":"72b8305e-4d3d-4e50-8c76-313cf3a4f4b2","local_time":"20210210190421","is_ascension_mode":true,"campfire_choices":[{"data":"BattleHymn","floor":7.0,"key":"SMITH"},{"data":"Crescendo","floor":11.0,"key":"SMITH"},{"floor":15.0,"key":"REST"},{"data":"MasterReality","floor":23.0,"key":"SMITH"},{"floor":27.0,"key":"REST"},{"data":"Protect","floor":32.0,"key":"SMITH"}],"circlet_count":0,"master_deck":["Strike_P","Strike_P","Strike_P","Strike_P","Defend_P","Defend_P","Defend_P","Defend_P","Eruption","Vigilance","BattleHymn+1","Crescendo+1","Nirvana","Nirvana","Protect+1","CutThroughFate","MasterReality+1","Crescendo+1","EmptyBody","CutThroughFate+1","Indignation+1","CutThroughFate","ClearTheMind+1","ConjureBlade","CutThroughFate+1","CurseOfTheBell","CurseOfTheBell","WindmillStrike"],"relics":["PureWater","NeowsBlessing","Golden Idol","TungstenRod","Ice Cream","Pocketwatch","Strawberry","Ectoplasm","Melange","Anchor","Ginger","Turnip","HornCleat","Velvet Choker","downfall:ExtraCursedBell","Potion Belt","Question Card","Prayer Wheel","Frozen Egg 2","Red Mask"],"acts_visited":["Exordium","TheCity","TheBeyond"],"potions_floor_usage":[],"damage_taken":[{"damage":0.0,"enemies":"Cultist","floor":1.0,"turns":1.0},{"damage":0.0,"enemies":"Jaw Worm","floor":2.0,"turns":1.0},{"damage":0.0,"enemies":"Lagavulin","floor":6.0,"turns":1.0},{"damage":0.0,"enemies":"Small Slimes","floor":8.0,"turns":2.0},{"damage":22.0,"enemies":"Gremlin Nob","floor":10.0,"turns":4.0},{"damage":13.0,"enemies":"Exordium Thugs","floor":12.0,"turns":5.0},{"damage":1.0,"enemies":"3 Louse","floor":14.0,"turns":3.0},{"damage":20.0,"enemies":"The Guardian","floor":16.0,"turns":10.0},{"damage":0.0,"enemies":"Chosen","floor":18.0,"turns":3.0},{"damage":0.0,"enemies":"Spheric Guardian","floor":20.0,"turns":3.0},{"damage":35.0,"enemies":"Book of Stabbing","floor":24.0,"turns":6.0},{"damage":1.0,"enemies":"Snecko","floor":25.0,"turns":4.0},{"damage":4.0,"enemies":"Gremlin Leader","floor":29.0,"turns":5.0},{"damage":0.0,"enemies":"Centurion and Healer","floor":30.0,"turns":4.0},{"damage":14.0,"enemies":"3 Cultists","floor":31.0,"turns":4.0},{"damage":41.0,"enemies":"Collector","floor":33.0,"turns":10.0},{"damage":21,"enemies":"3 Shapes","floor":35,"turns":6},{"damage":52,"enemies":"Nemesis","floor":40,"turns":6}],"seed_played":"-810189290055000384","potions_obtained":[{"floor":8.0,"key":"sneckomod:MuddlingPotion"},{"floor":14.0,"key":"sneckomod:MuddlingPotion"},{"floor":24.0,"key":"DuplicationPotion"},{"floor":25.0,"key":"Strength Potion"},{"floor":29.0,"key":"FairyPotion"},{"floor":31.0,"key":"EssenceOfSteel"},{"floor":35,"key":"BottledMiracle"}],"is_trial":false,"path_per_floor":["M","M","?","$","?","E","R","M","T","E","R","M","$","M","R","B",null,"M","?","M","$","?","R","E","M","T","R","?","E","M","M","R","B",null,"M","?","T","$","?","E"],"character_chosen":"WATCHER","items_purchased":["Nirvana","FairyPotion","Melange","WindmillStrike"],"campfire_rested":2,"item_purchase_floors":[4,13,21,38],"current_hp_per_floor":[65,65,47,47,44,44,44,44,44,29,29,16,16,15,38,18,64,64,64,64,64,64,64,29,28,28,51,51,47,47,33,33,16,63,42,42,42,42,42,17,17],"gold":0,"neow_bonus":"THREE_ENEMY_KILL","is_daily":false,"chose_seed":false,"campfire_upgraded":4,"win_rate":0.0,"timestamp":1612980261,"path_taken":["M","M","?","$","?","E","R","M","T","E","R","M","?","M","R","BOSS","M","?","M","?","?","R","E","M","T","R","?","E","?","M","R","BOSS","M","?","?","$","?","E"],"items_purchased_type":["Card","Potion","Relic","Card"],"build_version":"2020-12-22","purchased_purges":0,"victory":false,"max_hp_per_floor":[72,72,72,72,72,72,72,72,72,79,79,79,79,79,79,79,79,79,79,79,79,79,79,79,79,79,79,79,79,79,79,79,79,79,79,79,79,79,79,79,79],"card_choices":[{"not_picked":["ClearTheMind","Halt"],"picked":"BattleHymn","floor":1.0},{"not_picked":["Worship","SashWhip"],"picked":"Crescendo","floor":2.0},{"not_picked":["Sanctity","FollowUp","InnerPeace"],"picked":"SKIP","floor":6.0},{"not_picked":["FlyingSleeves","Evaluate"],"picked":"Nirvana","floor":8.0},{"not_picked":["Collect","Pray"],"picked":"Protect","floor":10.0},{"not_picked":["Establishment","BowlingBash"],"picked":"CutThroughFate","floor":12.0},{"not_picked":["SashWhip","Pray","Halt"],"picked":"SKIP","floor":14.0},{"not_picked":["ConjureBlade","Omniscience"],"picked":"MasterReality","floor":16.0},{"not_picked":["PathToVictory+1","Halt+1"],"picked":"Crescendo+1","floor":18.0},{"not_picked":["SashWhip+1","EmptyMind"],"picked":"EmptyBody","floor":20.0},{"not_picked":["EmptyMind","EmptyBody"],"picked":"CutThroughFate+1","floor":24.0},{"not_picked":["WindmillStrike","Fasting2"],"picked":"Indignation+1","floor":25.0},{"not_picked":["TalkToTheHand","SignatureMove+1","Perseverance"],"picked":"SKIP","floor":29.0},{"not_picked":["MasterReality","MentalFortress"],"picked":"CutThroughFate","floor":30.0},{"not_picked":["Worship","Adaptation+1"],"picked":"ClearTheMind+1","floor":31.0},{"not_picked":["Vault","DeusExMachina"],"picked":"ConjureBlade","floor":33.0},{"not_picked":["CrushJoints","Fasting2"],"picked":"CutThroughFate+1","floor":35}],"player_experience":823917,"relics_obtained":[{"floor":6.0,"key":"Ice Cream"},{"floor":9.0,"key":"Pocketwatch"},{"floor":10.0,"key":"Strawberry"},{"floor":24.0,"key":"Anchor"},{"floor":26.0,"key":"Ginger"},{"floor":28.0,"key":"Turnip"},{"floor":29.0,"key":"HornCleat"},{"floor":36,"key":"Potion Belt"},{"floor":36,"key":"Question Card"},{"floor":36,"key":"Prayer Wheel"},{"floor":37,"key":"Frozen Egg 2"}],"event_choices":[{"damage_healed":0.0,"max_hp_gain":0.0,"max_hp_loss":0.0,"gold_gain":0.0,"event_name":"Golden Idol","player_choice":"Take Damage","floor":3.0,"gold_loss":0.0,"damage_taken":18.0,"relics_obtained":["Golden Idol"]},{"damage_healed":0.0,"max_hp_gain":0.0,"max_hp_loss":0.0,"gold_gain":0.0,"event_name":"Scrap Ooze","player_choice":"Success","floor":5.0,"gold_loss":0.0,"damage_taken":3.0,"relics_obtained":["TungstenRod"]},{"damage_healed":0.0,"max_hp_gain":0.0,"max_hp_loss":0.0,"gold_gain":0.0,"event_name":"N\u0027loth","player_choice":"Ignored","floor":19.0,"gold_loss":0.0,"damage_taken":0.0},{"damage_healed":0.0,"max_hp_gain":0.0,"max_hp_loss":0.0,"gold_gain":99.0,"event_name":"Nest","player_choice":"Stole From Cult","floor":22.0,"gold_loss":0.0,"damage_taken":0.0},{"damage_healed":0.0,"max_hp_gain":0.0,"max_hp_loss":0.0,"gold_gain":0.0,"event_name":"Wheel of Change","player_choice":"Relic","floor":28.0,"gold_loss":0.0,"damage_taken":0.0},{"damage_healed":0,"gold_gain":0,"player_choice":"Paid","damage_taken":0,"relics_obtained":["Red Mask"],"max_hp_gain":0,"max_hp_loss":0,"event_name":"Tomb of Lord Red Mask","floor":39,"gold_loss":0}],"is_beta":false,"boss_relics":[{"not_picked":["Cursed Key","Pandora\u0027s Box"],"picked":"Ectoplasm"},{"not_picked":["Runic Pyramid","Sozu"],"picked":"Velvet Choker"}],"items_purged_floors":[],"is_endless":false,"potions_floor_spawned":[8,14,24,25,29,30,31,35],"killed_by":"Nemesis","ascension_level":9}}