{"host":"uv5ws9rdk87e8i5k","time":1612960185,"event":{"mods":["AchievementEnabler","BaseMod","Colored Map","Minty Spire (QoL Compilation)","Permanent Neow","Quick Restart","StSLib","SuperFastMode","The Necromancer"],"gold_per_floor":[118,130,146,160,180,205,205,219,267,298,310,334,356,393,405,417,417],"floor_reached":16,"language":"ENG","playtime":443,"items_purged":[],"score":166,"play_id":"d5dc99f4-56b3-4bba-af25-096e86cc392e","local_time":"20210210062945","is_ascension_mode":true,"campfire_choices":[{"data":"Cloak And Dagger","floor":7.0,"key":"SMITH"},{"data":"A Thousand Cuts","floor":15.0,"key":"SMITH"}],"circlet_count":0,"master_deck":["Strike_G","Strike_G","Strike_G","Defend_G","Defend_G","Defend_G","Defend_G","Survivor","Neutralize","Night Terror+1","Dagger Spray+1","After Image+1","Cloak And Dagger+1","Dash","Quick Slash","Blade Dance","Blade Dance","Reflex","Finisher","Dagger Throw","Decay","Concentrate","PiercingWail","A Thousand Cuts+1"],"relics":["Astrolabe","Ornamental Fan","Regal Pillow","MawBank","Gremlin Horn"],"acts_visited":["Exordium"],"potions_floor_usage":[],"damage_taken":[{"damage":1.0,"enemies":"Jaw Worm","floor":1.0,"turns":5.0},{"damage":1.0,"enemies":"Cultist","floor":2.0,"turns":5.0},{"damage":0.0,"enemies":"2 Louse","floor":3.0,"turns":3.0},{"damage":0.0,"enemies":"2 Fungi Beasts","floor":4.0,"turns":3.0},{"damage":0.0,"enemies":"Looter","floor":5.0,"turns":2.0},{"damage":12.0,"enemies":"Gremlin Nob","floor":6.0,"turns":4.0},{"damage":0.0,"enemies":"Red Slaver","floor":8.0,"turns":3.0},{"damage":1.0,"enemies":"3 Sentries","floor":10.0,"turns":5.0},{"damage":0.0,"enemies":"Exordium Wildlife","floor":12.0,"turns":3.0},{"damage":12.0,"enemies":"Exordium Thugs","floor":13.0,"turns":6.0},{"damage":0.0,"enemies":"Gremlin Nob","floor":14.0,"turns":2.0},{"damage":2,"enemies":"Hexaghost","floor":16,"turns":3}],"seed_played":"7175062469388773966","potions_obtained":[{"floor":1.0,"key":"SpeedPotion"},{"floor":2.0,"key":"FearPotion"},{"floor":3.0,"key":"FearPotion"},{"floor":8.0,"key":"DistilledChaos"},{"floor":12.0,"key":"AttackPotion"},{"floor":14.0,"key":"Fire Potion"}],"is_trial":false,"path_per_floor":["M","M","M","M","M","E","R","M","T","E","?","M","M","E","R","B"],"character_chosen":"THE_SILENT","items_purchased":[],"campfire_rested":0,"item_purchase_floors":[],"current_hp_per_floor":[69,68,68,68,68,56,56,56,56,55,55,55,43,43,43,41,41],"gold":417,"neow_bonus":"BOSS_RELIC","is_daily":false,"chose_seed":false,"campfire_upgraded":2,"win_rate":0.0,"timestamp":1612960185,"path_taken":["M","M","M","M","M","E","R","M","T","E","?","M","M","E","R","BOSS"],"items_purchased_type":[],"build_version":"2020-12-22","purchased_purges":0,"victory":false,"max_hp_per_floor":[70,70,70,70,70,70,70,70,70,70,70,70,70,70,70,70,70],"card_choices":[{"not_picked":["Blur","Outmaneuver"],"picked":"Cloak And Dagger","floor":1.0},{"not_picked":["Calculated Gamble","Distraction"],"picked":"Dash","floor":2.0},{"not_picked":["Dodge and Roll","Predator"],"picked":"Quick Slash","floor":3.0},{"not_picked":["Deflect","Finisher"],"picked":"Blade Dance","floor":4.0},{"not_picked":["Caltrops","Acrobatics"],"picked":"Blade Dance","floor":5.0},{"not_picked":["Concentrate","Outmaneuver"],"picked":"Reflex","floor":6.0},{"not_picked":["Backflip","Underhanded Strike"],"picked":"Finisher","floor":8.0},{"not_picked":["Outmaneuver","Underhanded Strike"],"picked":"Dagger Throw","floor":10.0},{"not_picked":["Crippling Poison","Quick Slash"],"picked":"Concentrate","floor":12.0},{"not_picked":["Skewer","Dodge and Roll"],"picked":"PiercingWail","floor":13.0},{"not_picked":["Endless Agony","Flying Knee"],"picked":"A Thousand Cuts","floor":14.0}],"player_experience":155394,"relics_obtained":[{"floor":6.0,"key":"Ornamental Fan"},{"floor":9.0,"key":"Regal Pillow"},{"floor":10.0,"key":"MawBank"},{"floor":14.0,"key":"Gremlin Horn"}],"event_choices":[{"damage_healed":0.0,"max_hp_gain":0.0,"max_hp_loss":0.0,"gold_gain":0.0,"event_name":"Wheel of Change","player_choice":"Cursed","floor":11.0,"gold_loss":0.0,"damage_taken":0.0,"cards_obtained":["Decay"]}],"is_beta":false,"boss_relics":[],"items_purged_floors":[],"is_endless":false,"potions_floor_spawned":[1,2,3,8,12,14],"killed_by":"Hexaghost","ascension_level":2}}