{"host":"o9lehcdjc4u6j9un","time":1612992039,"event":{"mods":["Aspiration","BaseMod","Colored Map","Downfall","Gremlin Mod","Hermit","LagranYue(¿≠∏Ò¿ °§‘¬)","Marisa£®ÏF”Í°°ƒß¿Ì…≥£©","Minty Spire (QoL Compilation)","Reimu£®≤©¿ˆ¡È√Œ£©","Remilia£®¿Ÿ√◊¿Ú—«£©","StSLib","The Alterego","The Runesmith","The Senshi","The Servant 0.9.4","Yakumo Yukari mod","Youmu£®ªÍ∆«—˝√Œ£©"],"gold_per_floor":[119,134,148,159,178,178,209,284,284,284,304,322,322,333,333,437,437,448,466,133,143,156,156,156],"floor_reached":23,"language":"ZHS","playtime":2250,"items_purged":["Strike_S"],"score":199,"play_id":"d517370e-634f-42ba-833e-984f302df718","local_time":"20210211052039","is_ascension_mode":false,"campfire_choices":[{"data":"BestPractice","floor":6,"key":"SMITH"},{"floor":10,"key":"REST"},{"floor":13,"key":"REST"},{"data":"Starlight","floor":15,"key":"SMITH"}],"circlet_count":0,"master_deck":["Strike_S","Strike_S","Strike_S","Defend_S","Defend_S","Defend_S","Defend_S","KidneyShot","Exchange","BestPractice+1","Potential","Ricochet","Comet","FastForward","SilverBlades","Starlight","Starlight+1","Potential","Sunlight","Rearm","BottledTime","Ricochet+1","ShatteredReality+1"],"relics":["Uniform","LagranYue:RandomDrawCardRelic","aspiration:Nostalgia","Slimebound:AbsorbEndCombat","InkBottle","RuthlessExorcism:ReiMu","Black Star","Molten Egg 2"],"acts_visited":["Exordium","TheCity"],"potions_floor_usage":[3,7,16,22,23],"damage_taken":[{"damage":1,"enemies":"Cultist","floor":1,"turns":4},{"damage":3,"enemies":"2 Louse","floor":2,"turns":4},{"damage":0,"enemies":"Small Slimes","floor":3,"turns":1},{"damage":8,"enemies":"Exordium Thugs","floor":4,"turns":4},{"damage":6,"enemies":"Blue Slaver","floor":5,"turns":3},{"damage":4,"enemies":"3 Sentries","floor":7,"turns":4},{"damage":5,"enemies":"Looter","floor":11,"turns":3},{"damage":2,"enemies":"Exordium Thugs","floor":12,"turns":3},{"damage":0,"enemies":"3 Louse","floor":14,"turns":1},{"damage":2,"enemies":"Slime Boss","floor":16,"turns":7},{"damage":9,"enemies":"Shell Parasite","floor":18,"turns":5},{"damage":0,"enemies":"3 Byrds","floor":19,"turns":2},{"damage":19,"enemies":"Shelled Parasite and Fungi","floor":21,"turns":5},{"damage":20,"enemies":"Snecko","floor":22,"turns":4},{"damage":21,"enemies":"Book of Stabbing","floor":23,"turns":3}],"seed_played":"-4241511447316770761","potions_obtained":[{"floor":1,"key":"AttackPotion"},{"floor":3,"key":"LiquidMemories"},{"floor":7,"key":"Swift Potion"},{"floor":11,"key":"Dexterity Potion"},{"floor":21,"key":"Strength Potion"}],"is_trial":false,"path_per_floor":["M","M","M","M","M","R","E","?","T","R","M","M","R","M","R","B",null,"M","M","$","M","M","E"],"character_chosen":"THE_SERVANT","items_purchased":["Molten Egg 2"],"campfire_rested":2,"item_purchase_floors":[20],"current_hp_per_floor":[64,61,61,53,47,47,43,32,32,51,46,44,63,63,63,61,65,56,56,56,37,17,0,0],"gold":156,"neow_bonus":"NOSTALGIA","is_daily":false,"chose_seed":false,"campfire_upgraded":2,"win_rate":0.0,"timestamp":1612992039,"path_taken":["M","M","M","M","M","R","E","?","T","R","M","M","R","M","R","BOSS","M","M","$","M","M","E"],"items_purchased_type":["Relic"],"build_version":"2020-12-22","purchased_purges":1,"victory":false,"max_hp_per_floor":[65,65,65,65,65,65,65,65,65,65,65,65,65,65,65,65,65,65,65,65,65,65,65,65],"card_choices":[{"not_picked":["Misdirection","Replace"],"picked":"BestPractice","floor":1},{"not_picked":["Defy","Alleviate"],"picked":"Potential","floor":2},{"not_picked":["Barrier","Potential"],"picked":"Ricochet","floor":3},{"not_picked":["Ricochet","Snipe"],"picked":"Comet","floor":4},{"not_picked":["FanOfKnives","Contraction"],"picked":"FastForward","floor":5},{"not_picked":["Potential","Reset"],"picked":"SilverBlades","floor":7},{"not_picked":["Deny","Misdirection"],"picked":"Starlight","floor":11},{"not_picked":["SilverBlades","Ricochet"],"picked":"Starlight","floor":12},{"not_picked":["MoonPhase","Hightail"],"picked":"Potential","floor":14},{"not_picked":["MurderousAura","SoulSculpture"],"picked":"Sunlight","floor":16},{"not_picked":["BottledTime","Moondial"],"picked":"Rearm","floor":18},{"not_picked":["SilverBlades","FastForward"],"picked":"BottledTime","floor":19},{"not_picked":["Contraction","GearUp"],"picked":"Ricochet+1","floor":21},{"not_picked":["Rewind","Read+1"],"picked":"ShatteredReality+1","floor":22}],"player_experience":226166,"relics_obtained":[{"floor":7,"key":"InkBottle"},{"floor":9,"key":"RuthlessExorcism:ReiMu"}],"event_choices":[{"damage_healed":0,"gold_gain":75,"player_choice":"Gather Gold","damage_taken":11,"max_hp_gain":0,"max_hp_loss":0,"event_name":"World of Goop","floor":8,"gold_loss":0}],"is_beta":false,"boss_relics":[{"not_picked":["aspiration:MobileForge","aspiration:RunesmithSkillbook"],"picked":"Black Star"}],"items_purged_floors":[20],"is_endless":false,"potions_floor_spawned":[1,3,7,11,21],"killed_by":"Book of Stabbing","ascension_level":0}}