{"host":"m552uo5jodlktm3e","time":1612946688,"event":{"mods":["BaseMod","Colored Powertips","Downfall","Minty Spire (QoL Compilation)","Quick Restart","StSLib"],"gold_per_floor":[99,119,29,40,25,40,40,54,54,71,71,94,94,79,97,192,192,192,192,192,192,192,225,225,238,256,256,276,276,286,297,312,417,417,117,137,164,164,176,193,220,261,285,5,15,15,50,44,62,62,62,62],"floor_reached":50,"language":"ENG","playtime":2991,"items_purged":["Slimebound:Strike_Slimebound","Slimebound:CorrosiveSpit"],"score":591,"play_id":"389ef34d-4af6-46a4-8631-5157a57000ab","local_time":"20210210004448","is_ascension_mode":false,"campfire_choices":[{"data":"Slimebound:Split","floor":1,"key":"SMITH"},{"floor":9,"key":"RECALL"},{"data":"Slimebound:Overexert","floor":13,"key":"SMITH"},{"data":"Slimebound:RallyTheTroops","floor":18,"key":"SMITH"},{"data":"Slimebound:MassRepurpose","floor":27,"key":"SMITH"},{"data":"Slimebound:WasteNot","floor":29,"key":"SMITH"}],"circlet_count":0,"master_deck":["Slimebound:Strike_Slimebound+1","Slimebound:Strike_Slimebound+1","Slimebound:Tackle","Slimebound:Defend_Slimebound+1","Slimebound:Defend_Slimebound+1","Slimebound:Defend_Slimebound+1","Slimebound:Split+1","Slimebound:SlimeTap","Slimebound:RejuvenatingLick+1","Slimebound:WasteNot+1","Slimebound:ComboTackle","Slimebound:Equalize","Slimebound:Overexert+1","Slimebound:DouseInSlime","Slimebound:Dissolve","Slimebound:RallyTheTroops+1","downfall:Bewildered","Slimebound:Dissolve+1","Slimebound:SplitAcid","Slimebound:MassRepurpose+1","Slimebound:LeechEnergy+1","Slimebound:SplitBruiser","Slimebound:PrepareCrush","Slimebound:LivingWall+1","Slimebound:Nibble+1","Slimebound:MinionMaster","Slimebound:Nibble","expansioncontent:DashGenerateEvil","Slimebound:ViciousTackle+1","Slimebound:GoopSpray+1","expansioncontent:StudyTheSpire","Slimebound:RainOfGoop+1"],"relics":["Slimebound:AbsorbEndCombat","Torii","Akabeko","Coffee Dripper","sneckomod:BabySnecko","Juzu Bracelet","Fusion Hammer","downfall:HeartBlessingRed","downfall:HeartBlessingGreen","downfall:HeartBlessingBlue","Blood Vial","MawBank","Strawberry","Anchor","ClockworkSouvenir"],"acts_visited":["Exordium","TheCity","TheBeyond"],"potions_floor_usage":[14,23,30,33,33,50,50],"damage_taken":[{"damage":9,"enemies":"Cultist","floor":2,"turns":3},{"damage":3,"enemies":"downfall:FleeingMerchant","floor":3,"turns":4},{"damage":4,"enemies":"Jaw Worm","floor":4,"turns":3},{"damage":3,"enemies":"downfall:FleeingMerchant","floor":5,"turns":4},{"damage":3,"enemies":"2 Louse","floor":6,"turns":1},{"damage":2,"enemies":"Blue Slaver","floor":8,"turns":3},{"damage":1,"enemies":"3 Louse","floor":10,"turns":3},{"damage":12,"enemies":"downfall:FleeingMerchant","floor":14,"turns":4},{"damage":19,"enemies":"2 Fungi Beasts","floor":15,"turns":4},{"damage":42,"enemies":"WA_ARCHETYPE_RETAIN","floor":16,"turns":5},{"damage":31,"enemies":"Book of Stabbing","floor":23,"turns":4},{"damage":3,"enemies":"Chosen","floor":25,"turns":2},{"damage":7,"enemies":"Snecko","floor":26,"turns":3},{"damage":2,"enemies":"Cultist and Chosen","floor":28,"turns":2},{"damage":0,"enemies":"Chosen and Byrds","floor":30,"turns":3},{"damage":3,"enemies":"3 Cultists","floor":31,"turns":2},{"damage":14,"enemies":"Centurion and Healer","floor":32,"turns":3},{"damage":53,"enemies":"IC_MUSHROOM_ARCHETYPE","floor":33,"turns":5},{"damage":26,"enemies":"3 Shapes","floor":36,"turns":2},{"damage":31,"enemies":"3 Darklings","floor":39,"turns":3},{"damage":4,"enemies":"Maw","floor":40,"turns":4},{"damage":51,"enemies":"Nemesis","floor":42,"turns":7},{"damage":13,"enemies":"Jaw Worm Horde","floor":43,"turns":4},{"damage":5,"enemies":"downfall:FleeingMerchant","floor":44,"turns":4},{"damage":3,"enemies":"3 Darklings","floor":45,"turns":1},{"damage":3,"enemies":"Reptomancer","floor":47,"turns":1},{"damage":0,"enemies":"downfall:FleeingMerchant","floor":48,"turns":1},{"damage":5,"enemies":"4 Shapes","floor":49,"turns":2},{"damage":122,"enemies":"DF_ARCHETYPE_ORBS","floor":50,"turns":6}],"seed_played":"9220723016850760009","potions_obtained":[{"floor":2,"key":"champ:CounterPotion"},{"floor":6,"key":"Fruit Juice"},{"floor":10,"key":"DuplicationPotion"},{"floor":16,"key":"Block Potion"},{"floor":26,"key":"FairyPotion"},{"floor":31,"key":"Weak Potion"},{"floor":40,"key":"SpeedPotion"},{"floor":43,"key":"SpeedPotion"},{"floor":45,"key":"Explosive Potion"}],"is_trial":false,"path_per_floor":["R","M","$","M","$","M","T","M","R","M","?","T","R","$","M","B",null,"R","?","?","?","?","E","T","M","M","R","M","R","M","M","M","B",null,"R","M","T","?","M","M","T","E","M","$","M","?","E","?","M","B"],"character_chosen":"SLIMEBOUND","items_purchased":["expansioncontent:DashGenerateEvil","ClockworkSouvenir","expansioncontent:StudyTheSpire","PowerPotion"],"campfire_rested":0,"item_purchase_floors":[44,48,48,48],"current_hp_per_floor":[71,64,65,65,68,69,69,71,71,70,70,70,70,67,52,26,76,76,76,76,76,76,51,51,50,55,55,55,55,55,54,52,17,76,86,74,74,74,53,75,75,45,44,49,56,56,61,63,62,0,0,0],"gold":62,"neow_bonus":"TEN_PERCENT_HP_BONUS","is_daily":false,"chose_seed":false,"campfire_upgraded":5,"win_rate":0.0,"timestamp":1612946688,"path_taken":["R","M","?","M","$","M","T","M","R","M","?","?","R","$","M","BOSS","R","?","?","?","?","E","T","M","M","R","M","R","M","M","M","BOSS","R","M","?","?","M","M","T","E","M","$","M","?","E","?","M","BOSS"],"items_purchased_type":["Card","Relic","Card","Potion"],"build_version":"2020-12-22","purchased_purges":2,"victory":false,"max_hp_per_floor":[71,71,71,71,71,71,71,71,71,71,71,71,71,76,76,76,76,76,76,76,76,76,76,76,76,76,76,76,76,76,76,76,76,76,86,86,86,86,86,86,86,93,93,93,93,93,93,93,93,93,93,93],"card_choices":[{"not_picked":["Slimebound:ComboTackle","Slimebound:LivingWall"],"picked":"Slimebound:SlimeTap","floor":2},{"not_picked":["Slimebound:FormOfPuddle","Slimebound:SlimeSpikes"],"picked":"Slimebound:RejuvenatingLick","floor":3},{"not_picked":["Slimebound:SlimeSpikes","Slimebound:PressTheAttack"],"picked":"Slimebound:WasteNot","floor":4},{"not_picked":["Slimebound:GoopSpray","Slimebound:WasteNot"],"picked":"Slimebound:ComboTackle","floor":5},{"not_picked":["Slimebound:SlimeSpikes","Slimebound:Prepare"],"picked":"Slimebound:Equalize","floor":6},{"not_picked":["Slimebound:SplitAcid","Slimebound:SplitLeeching"],"picked":"Slimebound:SlimeBarrage","floor":8},{"not_picked":["Slimebound:PressTheAttack","Slimebound:RainOfGoop"],"picked":"Slimebound:Overexert","floor":10},{"not_picked":["Slimebound:LivingWall","Slimebound:FinishingTackle"],"picked":"Slimebound:DouseInSlime","floor":14},{"not_picked":["Slimebound:SplitBruiser","Slimebound:ItLooksTasty"],"picked":"Slimebound:Dissolve","floor":15},{"not_picked":["Slimebound:DuplicatedForm","Slimebound:DouseInSlime"],"picked":"Slimebound:RallyTheTroops","floor":16},{"not_picked":["Slimebound:HauntingLick","Slimebound:SplitAcid"],"picked":"Slimebound:Dissolve+1","floor":23},{"not_picked":["Slimebound:ComboTackle","Slimebound:GoopTackle"],"picked":"Slimebound:SplitAcid","floor":25},{"not_picked":["Slimebound:FinishingTackle","Slimebound:LeechEnergy"],"picked":"Slimebound:MassRepurpose","floor":26},{"not_picked":["Slimebound:Schlurp","Slimebound:ItLooksTasty+1"],"picked":"Slimebound:LeechEnergy+1","floor":28},{"not_picked":["Slimebound:LeechingTouch","Slimebound:SplitLeeching"],"picked":"Slimebound:SplitBruiser","floor":30},{"not_picked":["Slimebound:SlimeTap","Slimebound:SamplingLick+1","Slimebound:FinishingTackle"],"picked":"SKIP","floor":31},{"not_picked":["Slimebound:FirmFortitude","Slimebound:GoopSpray","Slimebound:LivingWall"],"picked":"SKIP","floor":32},{"not_picked":["Slimebound:SlimeSlap","Slimebound:Teamwork"],"picked":"Slimebound:PrepareCrush","floor":33},{"not_picked":["Slimebound:GoopTackle","Slimebound:HauntingLick"],"picked":"Slimebound:LivingWall+1","floor":36},{"not_picked":["Slimebound:BestDefense","Slimebound:HauntingLick+1","Slimebound:GoopSpray"],"picked":"SKIP","floor":39},{"not_picked":["Slimebound:Prepare+1","Slimebound:ViciousTackle+1"],"picked":"Slimebound:Nibble+1","floor":40},{"not_picked":["Slimebound:SplitAcid","Slimebound:SlimeBarrage+1"],"picked":"Slimebound:MinionMaster","floor":42},{"not_picked":["Slimebound:HauntingLick+1","Slimebound:FlameTackle","Slimebound:Prepare"],"picked":"SKIP","floor":43},{"not_picked":["Slimebound:Replication","Slimebound:FinishingTackle+1"],"picked":"Slimebound:Nibble","floor":44},{"not_picked":["Slimebound:ProtectTheBoss+1","Slimebound:ComboTackle","Slimebound:Prepare"],"picked":"SKIP","floor":45},{"not_picked":["Slimebound:ProtectTheBoss+1","Slimebound:PressTheAttack+1"],"picked":"Slimebound:ViciousTackle+1","floor":47},{"not_picked":["Slimebound:PressTheAttack+1","Slimebound:SplitBruiser+1"],"picked":"Slimebound:GoopSpray+1","floor":48},{"not_picked":["Slimebound:FinishingTackle","Slimebound:Gluttony"],"picked":"Slimebound:RainOfGoop+1","floor":49}],"player_experience":1027594,"relics_obtained":[{"floor":7,"key":"Torii"},{"floor":12,"key":"Akabeko"},{"floor":23,"key":"Juzu Bracelet"},{"floor":37,"key":"Blood Vial"},{"floor":41,"key":"MawBank"},{"floor":42,"key":"Strawberry"},{"floor":47,"key":"Anchor"}],"event_choices":[{"cards_removed":["Slimebound:SlimeBarrage"],"damage_healed":0,"gold_gain":0,"player_choice":"Removed Attack","damage_taken":0,"max_hp_gain":0,"max_hp_loss":0,"event_name":"Falling","floor":46,"gold_loss":0}],"is_beta":false,"boss_relics":[{"not_picked":["Astrolabe","Empty Cage"],"picked":"Coffee Dripper"},{"not_picked":["SacredBark","Cursed Key"],"picked":"Fusion Hammer"}],"items_purged_floors":[3,44],"is_endless":false,"potions_floor_spawned":[2,6,10,16,26,28,31,40,43,45],"killed_by":"DF_ARCHETYPE_ORBS","ascension_level":0}}