{"host":"e3zuhorjxi9w14q4","time":1612961149,"event":{"mods":["AchievementEnabler","Aspiration","BaseMod","Defuse TimeMaze Blight","Downfall","Energized Spire","GifTheSpireLib","Hubris","Infinite Spire","Jorbs\u0027s Wanderer Trilogy","Minty Spire (QoL Compilation)","Reliquary","Replay The Spire","Spicy Shops","Spikes Relics","StSLib","Stuff the Spire","The Marked","The Servant 0.9.4"],"gold_per_floor":[117,117,131,131,149,176,176,176,176],"floor_reached":8,"language":"ENG","playtime":438,"items_purged":[],"score":62,"play_id":"f63b0d0a-4f4b-4242-9562-fecfc8418792","local_time":"20210210134549","is_ascension_mode":true,"campfire_choices":[{"data":"Rearm","floor":7,"key":"SMITH"}],"circlet_count":0,"master_deck":["Strike_S","Strike_S","Strike_S","Strike_S","Defend_S","Defend_S+1","Defend_S","Defend_S","KidneyShot+1","Exchange","Starlight","Rearm+1","Reaper"],"relics":["Uniform","aspiration:Nostalgia","Iron Core","FaceOfCleric","StuffTheSpire:OldFever"],"acts_visited":["Exordium"],"potions_floor_usage":[1],"damage_taken":[{"damage":2,"enemies":"Jaw Worm","floor":1,"turns":5},{"damage":3,"enemies":"Small Slimes","floor":3,"turns":2},{"damage":0,"enemies":"Cultist","floor":5,"turns":3},{"damage":26,"enemies":"3 Sentries","floor":6,"turns":11},{"damage":33,"enemies":"Replay:BlueRogue","floor":8,"turns":9}],"seed_played":"-7114771873801785635","potions_obtained":[{"floor":1,"key":"Fruit Juice"},{"floor":3,"key":"Elixir"},{"floor":6,"key":"SpeedPotion"}],"is_trial":false,"path_per_floor":["M","?","M","?","M","E","R","E"],"character_chosen":"THE_SERVANT","items_purchased":[],"campfire_rested":0,"item_purchase_floors":[],"current_hp_per_floor":[68,54,51,51,52,27,27,0,0],"gold":176,"neow_bonus":"NOSTALGIA","is_daily":false,"chose_seed":false,"campfire_upgraded":1,"win_rate":0.0,"timestamp":1612961149,"path_taken":["M","?","M","?","?","E","R","E"],"items_purchased_type":[],"build_version":"2020-12-22","purchased_purges":0,"victory":false,"max_hp_per_floor":[70,70,70,70,71,72,72,72,72],"card_choices":[{"not_picked":["ReplayTheSpireMod:System Scan","Turbo"],"picked":"Starlight","floor":1},{"not_picked":["FanOfKnives","ReturningBlade"],"picked":"Rearm","floor":3},{"not_picked":["DoubleEdge","ReturningBlade","Anger"],"picked":"SKIP","floor":5},{"not_picked":["Replace","Misdirection"],"picked":"Reaper","floor":6}],"player_experience":278526,"relics_obtained":[{"floor":6,"key":"StuffTheSpire:OldFever"}],"event_choices":[{"damage_healed":0,"gold_gain":0,"player_choice":"Entered Light","damage_taken":14,"max_hp_gain":0,"max_hp_loss":0,"event_name":"Shining Light","floor":2,"gold_loss":0,"cards_upgraded":["Defend_S","KidneyShot"]},{"damage_healed":0,"gold_gain":0,"player_choice":"Trade","damage_taken":0,"relics_obtained":["FaceOfCleric"],"max_hp_gain":0,"max_hp_loss":0,"event_name":"FaceTrader","floor":4,"gold_loss":0}],"is_beta":false,"boss_relics":[],"items_purged_floors":[],"is_endless":false,"potions_floor_spawned":[1,3,6],"killed_by":"Replay:BlueRogue","ascension_level":2}}