{"host":"c6u7e77myxvw4d0m","time":1612989553,"event":{"mods":["AchievementEnabler","BaseMod","Bestiary","Colored Map","Colored Powertips","Minty Spire (QoL Compilation)","Rare Cards Sparkle","Relic Stats","everything is the same but u backflip on backflip"],"gold_per_floor":[116,132,282,297,372,372,8,8,31,48,48,48,48,61,61,61,61],"floor_reached":16,"language":"ENG","playtime":677,"items_purged":[],"score":180,"play_id":"91465e46-7e9a-483c-977f-7287f4ef8723","local_time":"20210210223913","is_ascension_mode":true,"campfire_choices":[{"data":"Night Terror","floor":6,"key":"SMITH"},{"data":"Die Die Die","floor":8,"key":"SMITH"},{"data":"Neutralize","floor":11,"key":"SMITH"},{"data":"Sucker Punch","floor":15,"key":"SMITH"}],"circlet_count":0,"master_deck":["AscendersBane","Strike_G","Strike_G","Strike_G","Strike_G","Defend_G","Defend_G","Defend_G","Defend_G","Defend_G","Survivor","Neutralize+1","Accuracy","Sucker Punch+1","Doubt","Night Terror+1","Die Die Die+1","Slice","Reflex","Dagger Spray"],"relics":["Ring of the Snake","Kunai","Boot"],"acts_visited":["Exordium"],"potions_floor_usage":[14,16],"damage_taken":[{"damage":0,"enemies":"2 Louse","floor":1,"turns":4},{"damage":4,"enemies":"Jaw Worm","floor":2,"turns":8},{"damage":0,"enemies":"Small Slimes","floor":4,"turns":4},{"damage":3,"enemies":"2 Fungi Beasts","floor":10,"turns":6},{"damage":0,"enemies":"Large Slime","floor":14,"turns":2},{"damage":49,"enemies":"Hexaghost","floor":16,"turns":11}],"seed_played":"-1443592159247055059","potions_obtained":[{"floor":1,"key":"Energy Potion"},{"floor":4,"key":"Fire Potion"},{"floor":14,"key":"Strength Potion"}],"is_trial":false,"path_per_floor":["M","M","?","M","?","R","$","R","T","M","R","?","?","M","R","B"],"character_chosen":"THE_SILENT","items_purchased":["Die Die Die","Kunai"],"campfire_rested":0,"item_purchase_floors":[7,7],"current_hp_per_floor":[65,61,61,61,50,50,50,50,50,47,47,47,47,47,47,0,0],"gold":61,"neow_bonus":"TEN_PERCENT_HP_BONUS","is_daily":false,"chose_seed":false,"campfire_upgraded":4,"win_rate":0.0,"timestamp":1612989553,"path_taken":["M","M","?","M","?","R","$","R","T","M","R","?","?","M","R","BOSS"],"items_purchased_type":["Card","Relic"],"build_version":"2020-12-22","purchased_purges":0,"victory":false,"max_hp_per_floor":[72,72,72,72,72,72,72,72,72,72,72,72,72,72,72,72,72],"relic_stats":{"counters":[6,35],"Kunai":[3],"Boot":[7],"obtain_stats":[{"Kunai":7,"Boot":9,"Ring of the Snake":0},{"Kunai":3,"Boot":3,"Ring of the Snake":0},{"Kunai":16,"Boot":16,"Ring of the Snake":0}],"Ring of the Snake":[12]},"card_choices":[{"not_picked":["Heel Hook","Setup"],"picked":"Accuracy","floor":1},{"not_picked":["PiercingWail","Deadly Poison"],"picked":"Sucker Punch","floor":2},{"not_picked":["Deflect","PiercingWail"],"picked":"Night Terror","floor":4},{"not_picked":["Acrobatics","Outmaneuver"],"picked":"Slice","floor":10},{"not_picked":["Bane","Dodge and Roll"],"picked":"Dagger Spray","floor":14}],"player_experience":775400,"relics_obtained":[{"floor":9,"key":"Boot"}],"event_choices":[{"damage_healed":0,"gold_gain":150,"player_choice":"AGREE","damage_taken":0,"max_hp_gain":0,"max_hp_loss":0,"event_name":"Liars Game","floor":3,"gold_loss":0,"cards_obtained":["Doubt"]},{"damage_healed":0,"gold_gain":75,"player_choice":"Gather Gold","damage_taken":11,"max_hp_gain":0,"max_hp_loss":0,"event_name":"World of Goop","floor":5,"gold_loss":0},{"damage_healed":0,"gold_gain":0,"player_choice":"Ignored","damage_taken":0,"max_hp_gain":0,"max_hp_loss":0,"event_name":"Golden Idol","floor":12,"gold_loss":0},{"damage_healed":0,"gold_gain":0,"cards_transformed":["Strike_G"],"player_choice":"Change","damage_taken":0,"max_hp_gain":0,"max_hp_loss":0,"event_name":"Living Wall","floor":13,"gold_loss":0,"cards_obtained":["Reflex"]}],"is_beta":false,"boss_relics":[],"items_purged_floors":[],"is_endless":false,"potions_floor_spawned":[1,4,14],"killed_by":"Hexaghost","ascension_level":20}}