{"host":"yans4pr1zf0lm9bx","time":1612992877,"event":{"mods":["AchievementEnabler","BaseMod","Minty Spire (QoL Compilation)","Replay The Spire","StSLib","SuperFastMode","slay the spire mod where everything is the same but ironclad has a cowboy hat"],"gold_per_floor":[114,114,39,39,50,50,70,96,96,130,130,164,116,128,128,226,226,243,439,379,38,137,137,0,0,0,12,29,29,129,160,160,160,160],"floor_reached":33,"language":"ENG","playtime":1214,"items_purged":["Delirium","ReplayTheSpireMod:Splinters"],"score":365,"play_id":"7ea8834c-ad86-467f-babb-0fd863637f39","local_time":"20210210163437","is_ascension_mode":true,"campfire_choices":[{"data":"Survivor","floor":6,"key":"SMITH"},{"floor":11,"key":"REST"},{"floor":15,"key":"REST"},{"data":"Storm of Steel","floor":23,"key":"SMITH"},{"data":"Storm of Steel","floor":25,"key":"SMITH"},{"floor":32,"key":"REST"}],"circlet_count":0,"master_deck":["Strike_G","Defend_G","Defend_G","Defend_G","Defend_G","Defend_G","Survivor+1","Neutralize","Blade Dance","Hidden Blade","Storm of Steel+1","PiercingWail","Slice","Storm of Steel+1","Corpse Explosion","Leg Sweep+1","Sneak Up","Eviscerate"],"relics":["Ring of the Snake","Ring of Fury","Ring of Fangs","Garlic","ReplayTheSpireMod:Ninjato","Potion Belt","Mummified Hand","SlaversCollar","Sundial","White Beast Statue"],"acts_visited":["Exordium","TheCity"],"potions_floor_usage":[31,33],"damage_taken":[{"damage":0,"enemies":"Small Slimes","floor":1,"turns":6},{"damage":12,"enemies":"Jaw Worm","floor":5,"turns":6},{"damage":1,"enemies":"2 Louse","floor":7,"turns":3},{"damage":8,"enemies":"Gremlin Nob","floor":8,"turns":4},{"damage":18,"enemies":"Lagavulin","floor":10,"turns":5},{"damage":3,"enemies":"Replay:BlueRogue","floor":12,"turns":4},{"damage":13,"enemies":"Large Slime","floor":14,"turns":4},{"damage":8,"enemies":"Slime Boss","floor":16,"turns":6},{"damage":24,"enemies":"Spheric Guardian","floor":18,"turns":5},{"damage":15,"enemies":"Shell Parasite","floor":27,"turns":4},{"damage":12,"enemies":"Snecko","floor":28,"turns":3},{"damage":0,"enemies":"Slavers","floor":31,"turns":1},{"damage":71,"enemies":"Automaton","floor":33,"turns":6}],"seed_played":"-939492094871264457","potions_obtained":[{"floor":10,"key":"CultistPotion"},{"floor":12,"key":"SteroidPotion"},{"floor":14,"key":"FearPotion"}],"is_trial":false,"path_per_floor":["M","?","$","?","M","R","M","E","T","E","R","E","?","M","R","B",null,"M","?","?","$","?","R","?","R","T","M","M","?","?","E","R","B"],"character_chosen":"THE_SILENT","items_purchased":["Sundial"],"campfire_rested":3,"item_purchase_floors":[21],"current_hp_per_floor":[49,49,49,49,37,37,36,28,28,10,31,28,28,15,36,28,70,46,46,46,46,46,46,46,46,46,31,19,19,19,19,40,0,0],"gold":160,"neow_bonus":"REMOVE_TWO","is_daily":false,"chose_seed":false,"campfire_upgraded":3,"win_rate":0.0,"timestamp":1612992877,"path_taken":["M","?","$","?","M","R","M","E","T","E","R","E","?","?","R","BOSS","M","?","?","$","?","R","?","R","T","M","?","?","?","E","R","BOSS"],"items_purchased_type":["Relic"],"build_version":"2020-12-22","purchased_purges":2,"victory":false,"max_hp_per_floor":[70,70,70,70,70,70,70,70,70,70,70,70,70,70,70,70,70,70,70,70,70,70,70,70,70,70,70,70,70,70,70,70,70,70],"card_choices":[{"not_picked":["Underhanded Strike","PiercingWail"],"picked":"Blade Dance","floor":1},{"not_picked":["Dagger Spray","Outmaneuver"],"picked":"Hidden Blade","floor":5},{"not_picked":["Backstab","Poisoned Stab"],"picked":"Storm of Steel","floor":7},{"not_picked":["Choke","Dodge and Roll"],"picked":"PiercingWail","floor":8},{"not_picked":["Blur","Bane","Leg Sweep"],"picked":"SKIP","floor":10},{"not_picked":["Quick Slash","Poisoned Stab"],"picked":"Slice","floor":12},{"not_picked":["Hidden Blade","Dagger Spray"],"picked":"Storm of Steel","floor":14},{"not_picked":["Storm of Steel","Unload"],"picked":"Corpse Explosion","floor":16},{"not_picked":["Dodge and Roll","Predator"],"picked":"Leg Sweep+1","floor":18},{"not_picked":["Backflip","Predator"],"picked":"Sneak Up","floor":27},{"not_picked":["ReplayTheSpireMod:Tripwire","Heel Hook+1","Atom Bomb"],"picked":"SKIP","floor":28},{"not_picked":["Hidden Blade","Dodge and Roll"],"picked":"Eviscerate","floor":31}],"player_experience":261300,"relics_obtained":[{"floor":2,"key":"Ring of Fury"},{"floor":2,"key":"Ring of Fangs"},{"floor":8,"key":"Garlic"},{"floor":9,"key":"ReplayTheSpireMod:Ninjato"},{"floor":10,"key":"Potion Belt"},{"floor":12,"key":"Mummified Hand"},{"floor":31,"key":"White Beast Statue"}],"event_choices":[{"damage_healed":0,"gold_gain":0,"player_choice":"Left Gold","damage_taken":0,"max_hp_gain":0,"max_hp_loss":0,"event_name":"World of Goop","floor":13,"gold_loss":48},{"damage_healed":0,"gold_gain":99,"player_choice":"Stole From Cult","damage_taken":0,"max_hp_gain":0,"max_hp_loss":0,"event_name":"Nest","floor":22,"gold_loss":0},{"damage_healed":0,"gold_gain":0,"player_choice":"Paid Fearfully","damage_taken":0,"max_hp_gain":0,"max_hp_loss":0,"event_name":"Masked Bandits","floor":24,"gold_loss":137},{"cards_removed":["Strike_G"],"damage_healed":0,"gold_gain":0,"player_choice":"Elegance","damage_taken":0,"max_hp_gain":0,"max_hp_loss":0,"event_name":"Back to Basics","floor":29,"gold_loss":0},{"damage_healed":0,"gold_gain":100,"player_choice":"Pray","damage_taken":0,"max_hp_gain":0,"max_hp_loss":0,"event_name":"Golden Shrine","floor":30,"gold_loss":0}],"is_beta":false,"boss_relics":[{"not_picked":["Velvet Choker","Busted Crown"],"picked":"SlaversCollar"}],"items_purged_floors":[3,21],"is_endless":false,"potions_floor_spawned":[10,12,14],"killed_by":"Automaton","ascension_level":4}}