{"host":"dcj2yvrgcvh5dl2s","time":1612955154,"event":{"mods":["BaseMod","Bestiary","Better Note","Block Reminder","Colored Powertips","Curses Come First","DeckTracker","Minty Spire (QoL Compilation)","Quick Restart","Rare Cards Sparkle","Relic Stats","StSLib"],"gold_per_floor":[113,113,33,33,51,82,82,94,121,149,165,193,203,235,235,314,314,254,33,33,33,33,33,33],"floor_reached":23,"language":"ENG","playtime":669,"items_purged":["Perfected Strike"],"score":538,"play_id":"12973b2e-a722-480d-b3a9-5d187e13a392","local_time":"20210210210554","is_ascension_mode":true,"campfire_choices":[{"data":"Searing Blow","floor":7,"key":"SMITH"},{"floor":15,"key":"REST"}],"circlet_count":0,"master_deck":["AscendersBane","Strike_R","Strike_R","Strike_R","Strike_R","Defend_R","Defend_R","Defend_R","Defend_R","Bash","Searing Blow+1","Whirlwind","Metallicize","Dropkick","Offering","Offering","J.A.X."],"relics":["Burning Blood","NeowsBlessing","Pen Nib","Meat on the Bone","Bag of Marbles","Girya","Smiling Mask","Regal Pillow","Ectoplasm"],"acts_visited":["Exordium","TheCity"],"potions_floor_usage":[10,10,13,16,18,23],"damage_taken":[{"damage":0,"enemies":"Jaw Worm","floor":1,"turns":1},{"damage":0,"enemies":"Cultist","floor":5,"turns":1},{"damage":0,"enemies":"3 Sentries","floor":6,"turns":1},{"damage":7,"enemies":"Small Slimes","floor":8,"turns":3},{"damage":0,"enemies":"Lagavulin","floor":10,"turns":2},{"damage":0,"enemies":"3 Louse","floor":11,"turns":1},{"damage":26,"enemies":"Gremlin Nob","floor":12,"turns":4},{"damage":37,"enemies":"Exordium Thugs","floor":13,"turns":5},{"damage":28,"enemies":"3 Sentries","floor":14,"turns":6},{"damage":70,"enemies":"Hexaghost","floor":16,"turns":9},{"damage":27,"enemies":"2 Thieves","floor":18,"turns":3},{"damage":19,"enemies":"Chosen","floor":20,"turns":3},{"damage":53,"enemies":"Book of Stabbing","floor":23,"turns":4}],"seed_played":"-2091440372924795449","potions_obtained":[{"floor":1,"key":"Swift Potion"},{"floor":5,"key":"BlessingOfTheForge"},{"floor":6,"key":"DistilledChaos"},{"floor":12,"key":"Regen Potion"},{"floor":14,"key":"CultistPotion"},{"floor":16,"key":"PowerPotion"},{"floor":20,"key":"DistilledChaos"}],"is_trial":false,"path_per_floor":["M","?","$","?","M","E","R","M","T","E","M","E","M","E","R","B",null,"M","$","M","?","?","E"],"character_chosen":"IRONCLAD","items_purchased":["Whirlwind","Offering"],"campfire_rested":1,"item_purchase_floors":[3,19],"current_hp_per_floor":[74,63,63,63,69,75,75,74,74,75,75,55,50,40,75,23,62,53,53,52,52,52,0,0],"gold":33,"neow_bonus":"THREE_ENEMY_KILL","is_daily":false,"chose_seed":false,"campfire_upgraded":1,"win_rate":0.0,"timestamp":1612955154,"path_taken":["M","?","$","?","M","E","R","M","T","E","M","E","?","E","R","BOSS","M","$","M","?","?","E"],"items_purchased_type":["Card","Card"],"build_version":"2020-12-22","purchased_purges":1,"victory":false,"max_hp_per_floor":[75,75,75,75,75,75,75,75,75,75,75,75,75,75,75,75,75,75,75,75,75,75,75,75],"relic_stats":{"Regal Pillow":13,"counters":[13,43],"Pen Nib":[8],"Ectoplasm":141,"Smiling Mask":25,"obtain_stats":[{"Girya":10,"Regal Pillow":14,"NeowsBlessing":0,"Pen Nib":2,"Ectoplasm":17,"Bag of Marbles":9,"Smiling Mask":12,"Burning Blood":0,"Meat on the Bone":6},{"Girya":5,"Regal Pillow":9,"NeowsBlessing":0,"Pen Nib":1,"Ectoplasm":10,"Bag of Marbles":4,"Smiling Mask":7,"Burning Blood":0,"Meat on the Bone":3},{"Girya":8,"Regal Pillow":24,"NeowsBlessing":0,"Pen Nib":1,"Ectoplasm":33,"Bag of Marbles":6,"Smiling Mask":13,"Burning Blood":0,"Meat on the Bone":3}],"Burning Blood":61,"Meat on the Bone":60},"card_choices":[{"not_picked":["Power Through","Bloodletting"],"picked":"Searing Blow","floor":1},{"not_picked":["Heavy Blade","Armaments"],"picked":"Metallicize","floor":5},{"not_picked":["Thunderclap","Rupture"],"picked":"Dropkick","floor":6},{"not_picked":["Pommel Strike","Warcry","Sword Boomerang"],"picked":"SKIP","floor":8},{"not_picked":["Cleave","Iron Wave","Blood for Blood"],"picked":"SKIP","floor":10},{"not_picked":["Blood for Blood","Iron Wave","Rupture"],"picked":"SKIP","floor":11},{"not_picked":["Wild Strike","Havoc","Blood for Blood"],"picked":"SKIP","floor":12},{"not_picked":["Clothesline","Heavy Blade","Carnage"],"picked":"SKIP","floor":13},{"not_picked":["Seeing Red","Searing Blow","Clash"],"picked":"SKIP","floor":14},{"not_picked":["Bludgeon","Immolate"],"picked":"Offering","floor":16},{"not_picked":["Clash","Armaments","Rupture"],"picked":"SKIP","floor":18},{"not_picked":["Carnage","Seeing Red","Armaments+1"],"picked":"SKIP","floor":20}],"player_experience":2360863,"relics_obtained":[{"floor":6,"key":"Meat on the Bone"},{"floor":9,"key":"Bag of Marbles"},{"floor":10,"key":"Girya"},{"floor":12,"key":"Smiling Mask"},{"floor":14,"key":"Regal Pillow"}],"event_choices":[{"damage_healed":0,"gold_gain":0,"player_choice":"Success","damage_taken":11,"relics_obtained":["Pen Nib"],"max_hp_gain":0,"max_hp_loss":0,"event_name":"Scrap Ooze","floor":2,"gold_loss":0},{"damage_healed":0,"gold_gain":0,"cards_transformed":["Strike_R"],"player_choice":"Transformed","damage_taken":0,"max_hp_gain":0,"max_hp_loss":0,"event_name":"Transmorgrifier","floor":4,"gold_loss":0,"cards_obtained":["Perfected Strike"]},{"damage_healed":0,"gold_gain":50,"player_choice":"Stole From Cult","damage_taken":0,"max_hp_gain":0,"max_hp_loss":0,"event_name":"Nest","floor":21,"gold_loss":0},{"damage_healed":0,"gold_gain":0,"player_choice":"Obtain J.A.X.","damage_taken":0,"max_hp_gain":0,"max_hp_loss":0,"event_name":"Drug Dealer","floor":22,"gold_loss":0,"cards_obtained":["J.A.X."]}],"is_beta":false,"boss_relics":[{"not_picked":["Snecko Eye","Black Star"],"picked":"Ectoplasm"}],"items_purged_floors":[19],"is_endless":false,"potions_floor_spawned":[1,5,6,12,14,16,20],"killed_by":"Book of Stabbing","ascension_level":20}}