{"host":"f5gffvlv6a66yqkd","time":1612930213,"event":{"mods":["2.2 Compatiblity","BaseMod","Colored Map","Custom Start","DeckTracker","Keyboard Shortcuts","Minty Spire (QoL Compilation)","Permanent Neow","Quick Restart","Relic Stats","StSLib","SuperFastMode"],"gold_per_floor":[210,223,234,234,73,73,106,106,106,106,106,106,126,137,137,214,214,233,243,243,168,168,184,184,199,199,199,199,217,217,229,229,306,306,318,329,329,346,357,357,377,377,402,402,302,319,346,366,366,366,366,366],"floor_reached":51,"language":"KOR","playtime":2181,"items_purged":["Strike_B","Hyperbeam"],"score":1287,"play_id":"ff901454-3684-4688-ab21-816fac561332","local_time":"20210210131013","is_ascension_mode":true,"campfire_choices":[{"data":"Zap","floor":6.0,"key":"SMITH"},{"data":"Dualcast","floor":8.0,"key":"SMITH"},{"data":"Seek","floor":10.0,"key":"SMITH"},{"data":"Genetic Algorithm","floor":12.0,"key":"SMITH"},{"floor":15.0,"key":"REST"},{"floor":24.0,"key":"REST"},{"floor":27.0,"key":"REST"},{"floor":30.0,"key":"REST"},{"data":"Coolheaded","floor":32.0,"key":"SMITH"},{"floor":40.0,"key":"REST"},{"floor":42.0,"key":"RECALL"},{"data":"Creative AI","floor":44.0,"key":"SMITH"},{"floor":49.0,"key":"REST"}],"circlet_count":0,"master_deck":["AscendersBane","Zap+1","Dualcast+1","Rip and Tear","Coolheaded+1","FTL","Ball Lightning","Seek+1","Conserve Battery","Turbo","Genetic Algorithm+1","Rainbow+1","Seek+1","Capacitor","Defragment+1","Redo+1","Consume+1","Creative AI+1","Consume+1","Capacitor","Turbo+1","Rip and Tear","Storm","Melter","Heatsinks+1","Hologram+1","Force Field+1","Echo Form"],"relics":["Cracked Core","Potion Belt","Orrery","Ancient Tea Set","Toxic Egg 2","FaceOfCleric","Black Star","Bottled Lightning","Pandora\u0027s Box","StrikeDummy","Blood Vial"],"acts_visited":["Exordium","TheCity","TheBeyond"],"potions_floor_usage":[51,51],"damage_taken":[{"damage":3.0,"enemies":"2 Louse","floor":1.0,"turns":2.0},{"damage":2.0,"enemies":"Small Slimes","floor":2.0,"turns":3.0},{"damage":0.0,"enemies":"Cultist","floor":3.0,"turns":4.0},{"damage":24.0,"enemies":"Lagavulin","floor":7.0,"turns":6.0},{"damage":7.0,"enemies":"Exordium Thugs","floor":13.0,"turns":4.0},{"damage":0.0,"enemies":"Blue Slaver","floor":14.0,"turns":2.0},{"damage":22.0,"enemies":"Slime Boss","floor":16.0,"turns":7.0},{"damage":36.0,"enemies":"3 Byrds","floor":18.0,"turns":5.0},{"damage":0.0,"enemies":"Spheric Guardian","floor":19.0,"turns":3.0},{"damage":23.0,"enemies":"Snecko","floor":23.0,"turns":7.0},{"damage":15.0,"enemies":"Snake Plant","floor":25.0,"turns":5.0},{"damage":13.0,"enemies":"Shelled Parasite and Fungi","floor":29.0,"turns":4.0},{"damage":4.0,"enemies":"Snecko","floor":31.0,"turns":6.0},{"damage":31.0,"enemies":"Automaton","floor":33.0,"turns":12.0},{"damage":0.0,"enemies":"Orb Walker","floor":35.0,"turns":2.0},{"damage":6.0,"enemies":"3 Darklings","floor":36.0,"turns":4.0},{"damage":16.0,"enemies":"Writhing Mass","floor":38.0,"turns":6.0},{"damage":36.0,"enemies":"Jaw Worm Horde","floor":39.0,"turns":5.0},{"damage":8.0,"enemies":"4 Shapes","floor":41.0,"turns":4.0},{"damage":0.0,"enemies":"Writhing Mass","floor":46.0,"turns":4.0},{"damage":41.0,"enemies":"Reptomancer","floor":47.0,"turns":9.0},{"damage":0.0,"enemies":"3 Darklings","floor":48.0,"turns":3.0},{"damage":27.0,"enemies":"Time Eater","floor":50.0,"turns":10.0},{"damage":12,"enemies":"Awakened One","floor":51,"turns":1}],"seed_played":"-6429275250446809539","potions_obtained":[{"floor":1.0,"key":"PotionOfCapacity"},{"floor":13.0,"key":"DistilledChaos"},{"floor":16.0,"key":"CultistPotion"},{"floor":18.0,"key":"Strength Potion"},{"floor":23.0,"key":"LiquidMemories"},{"floor":38.0,"key":"Regen Potion"},{"floor":41.0,"key":"CultistPotion"},{"floor":46.0,"key":"Block Potion"},{"floor":48.0,"key":"PotionOfCapacity"}],"is_trial":false,"path_per_floor":["M","M","M","?","$","R","E","R","T","R","?","R","M","M","R","B",null,"M","M","?","$","?","M","R","M","T","R","?","M","R","M","R","B",null,"M","M","?","M","M","R","M","R","T","R","$","M","E","M","R","B","B"],"character_chosen":"DEFECT","items_purchased":["Orrery"],"campfire_rested":6,"item_purchase_floors":[5],"current_hp_per_floor":[61,59,59,54,54,54,30,30,30,30,30,30,24,25,46,25,62,27,28,28,28,28,6,29,15,15,38,38,26,49,46,46,16,65,66,61,61,46,11,36,41,41,41,41,41,42,2,5,31,7,0,0],"gold":366,"neow_bonus":"HUNDRED_GOLD","is_daily":false,"chose_seed":false,"campfire_upgraded":6,"win_rate":0.0,"timestamp":1612930213,"path_taken":["M","M","M","?","$","R","E","R","T","R","?","R","M","?","R","BOSS","M","M","?","$","?","M","R","M","T","R","?","M","R","M","R","BOSS","M","M","?","M","M","R","M","R","T","R","$","M","E","M","R","BOSS","BOSS"],"items_purchased_type":["Relic"],"build_version":"2020-12-22","purchased_purges":2,"victory":false,"max_hp_per_floor":[71,71,71,71,71,71,71,71,71,71,71,71,72,73,73,74,74,75,76,76,76,76,77,77,78,78,78,78,79,79,80,80,81,81,82,83,83,84,85,85,86,86,86,86,86,87,88,89,89,90,90,90],"relic_stats":{"Blood Vial":6,"FaceOfCleric":19,"counters":[24,118],"Pandora\u0027s Box":["Consume","Capacitor","Turbo","Rip and Tear","Hyperbeam","Storm","Melter"],"Black Star":1,"obtain_stats":[{"Potion Belt":4,"Blood Vial":47,"FaceOfCleric":11,"Orrery":5,"Pandora\u0027s Box":34,"Black Star":17,"Bottled Lightning":26,"Toxic Egg 2":9,"Cracked Core":0,"Ancient Tea Set":7,"StrikeDummy":47},{"Potion Belt":3,"Blood Vial":21,"FaceOfCleric":4,"Orrery":3,"Pandora\u0027s Box":14,"Black Star":7,"Bottled Lightning":11,"Toxic Egg 2":4,"Cracked Core":0,"Ancient Tea Set":4,"StrikeDummy":21},{"Potion Belt":9,"Blood Vial":104,"FaceOfCleric":15,"Orrery":9,"Pandora\u0027s Box":70,"Black Star":28,"Bottled Lightning":48,"Toxic Egg 2":15,"Cracked Core":0,"Ancient Tea Set":15,"StrikeDummy":104}]},"card_choices":[{"not_picked":["Aggregate","Steam"],"picked":"Rip and Tear","floor":1.0},{"not_picked":["Rebound","Leap"],"picked":"Coolheaded","floor":2.0},{"not_picked":["Stack","Capacitor"],"picked":"FTL","floor":3.0},{"not_picked":["Hologram","Sweeping Beam"],"picked":"Ball Lightning","floor":5.0},{"not_picked":["Hello World","Recycle"],"picked":"Seek","floor":5.0},{"not_picked":["Gash","Ball Lightning"],"picked":"Conserve Battery","floor":5.0},{"not_picked":["Hologram","Rebound"],"picked":"Turbo","floor":5.0},{"not_picked":["Rebound","Steam Power"],"picked":"Genetic Algorithm","floor":5.0},{"not_picked":["Leap","Beam Cell","Turbo"],"picked":"SKIP","floor":7.0},{"not_picked":["Turbo+1","Force Field+1","Rebound"],"picked":"SKIP","floor":13.0},{"not_picked":["Redo+1","Auto Shields+1"],"picked":"Rainbow+1","floor":14.0},{"not_picked":["Rainbow+1","Creative AI"],"picked":"Seek+1","floor":16.0},{"not_picked":["Sweeping Beam","Streamline","Darkness+1"],"picked":"SKIP","floor":18.0},{"not_picked":["Cold Snap","Melter"],"picked":"Capacitor","floor":19.0},{"not_picked":["Hologram+1","Sweeping Beam"],"picked":"Defragment","floor":23.0},{"not_picked":["Gash","Steam Power+1"],"picked":"Redo+1","floor":25.0},{"not_picked":["Blizzard","Gash"],"picked":"Consume+1","floor":29.0},{"not_picked":["All For One","Barrage+1","Storm"],"picked":"SKIP","floor":31.0},{"not_picked":["Multi-Cast+1","Machine Learning"],"picked":"Creative AI","floor":33.0},{"not_picked":["Conserve Battery+1","Barrage","Leap+1"],"picked":"SKIP","floor":35.0},{"not_picked":["Turbo+1","Storm","Sweeping Beam"],"picked":"SKIP","floor":36.0},{"not_picked":["Leap+1","Sweeping Beam"],"picked":"Heatsinks+1","floor":38.0},{"not_picked":["Compile Driver","Ball Lightning+1","Beam Cell+1"],"picked":"SKIP","floor":39.0},{"not_picked":["Storm+1","Self Repair"],"picked":"Hologram+1","floor":41.0},{"not_picked":["Go for the Eyes+1","Ball Lightning"],"picked":"Force Field+1","floor":46.0},{"not_picked":["Steam+1","Rebound"],"picked":"Echo Form","floor":47.0},{"not_picked":["Rebound+1","Gash","Ball Lightning"],"picked":"SKIP","floor":48.0}],"player_experience":1716385,"relics_obtained":[{"floor":7.0,"key":"Ancient Tea Set"},{"floor":9.0,"key":"Toxic Egg 2"},{"floor":26.0,"key":"Bottled Lightning"},{"floor":47.0,"key":"StrikeDummy"},{"floor":47.0,"key":"Blood Vial"}],"event_choices":[{"damage_healed":0.0,"max_hp_gain":0.0,"max_hp_loss":0.0,"gold_gain":0.0,"event_name":"Scrap Ooze","player_choice":"Success","floor":4.0,"gold_loss":0.0,"damage_taken":5.0,"relics_obtained":["Potion Belt"]},{"damage_healed":0.0,"max_hp_gain":0.0,"max_hp_loss":0.0,"gold_gain":0.0,"event_name":"FaceTrader","player_choice":"Trade","floor":11.0,"gold_loss":0.0,"damage_taken":0.0,"relics_obtained":["FaceOfCleric"]},{"damage_healed":0.0,"max_hp_gain":0.0,"max_hp_loss":0.0,"gold_gain":0.0,"event_name":"Vampires","player_choice":"Ignored","floor":20.0,"gold_loss":0.0,"damage_taken":0.0},{"damage_healed":0.0,"max_hp_gain":0.0,"max_hp_loss":0.0,"gold_gain":0.0,"event_name":"The Mausoleum","player_choice":"Ignored","floor":22.0,"gold_loss":0.0,"damage_taken":0.0},{"damage_healed":0.0,"max_hp_gain":0.0,"max_hp_loss":0.0,"gold_gain":0.0,"event_name":"Upgrade Shrine","player_choice":"Upgraded","floor":28.0,"gold_loss":0.0,"damage_taken":0.0,"cards_upgraded":["Defragment"]},{"damage_healed":0.0,"max_hp_gain":0.0,"max_hp_loss":0.0,"gold_gain":0.0,"event_name":"Tomb of Lord Red Mask","player_choice":"Ignored","floor":37.0,"gold_loss":0.0,"damage_taken":0.0}],"is_beta":false,"boss_relics":[{"not_picked":["Velvet Choker","Empty Cage"],"picked":"Black Star"},{"not_picked":["Runic Pyramid","FrozenCore"],"picked":"Pandora\u0027s Box"}],"items_purged_floors":[21,45],"is_endless":false,"potions_floor_spawned":[1,13,16,18,23,38,41,46,48],"killed_by":"Awakened One","ascension_level":20}}