{"host":"f5gffvlv6a66yqkd","time":1612926604,"event":{"mods":["2.2 Compatiblity","BaseMod","Colored Map","Custom Start","DeckTracker","Keyboard Shortcuts","Minty Spire (QoL Compilation)","Permanent Neow","Quick Restart","Relic Stats","StSLib","SuperFastMode"],"gold_per_floor":[114,114,124,144,144,178,178,178,259,259,282,282,282,307,307,396,396,420,130,145,161,161,161,161,185,185,228,228,228,242,263,263,359,359,377,9,33,33,49,49,80,80,132,132,132,170,170,170,170,170,170],"floor_reached":50,"language":"KOR","playtime":1454,"items_purged":["Strike_B","Steam Power"],"score":1114,"play_id":"9422b2e2-ae86-4b1e-aa35-89576b24190e","local_time":"20210210121004","is_ascension_mode":true,"campfire_choices":[{"floor":7.0,"key":"REST"},{"data":"Zap","floor":10.0,"key":"SMITH"},{"data":"Defragment","floor":12.0,"key":"SMITH"},{"data":"Redo","floor":15.0,"key":"SMITH"},{"data":"Go for the Eyes","floor":23.0,"key":"SMITH"},{"floor":29.0,"key":"REST"},{"floor":32.0,"key":"REST"},{"floor":40.0,"key":"REST"},{"floor":42.0,"key":"REST"},{"floor":47.0,"key":"REST"},{"floor":49.0,"key":"RECALL"}],"circlet_count":0,"master_deck":["AscendersBane","Defend_B","Defend_B","Zap+1","Dualcast","All For One","Go for the Eyes+1","Scrape","Redo+1","Cold Snap","BootSequence","Defragment+1","Gash","Reboot","Gash","Cold Snap","Beam Cell","Turbo+1","Skim","Coolheaded","All For One","Secret Weapon+1","Barrage+1","Reinforced Body+1","Glacier","Capacitor","Gash","Swift Strike","Hologram","Chill","Metamorphosis","Master of Strategy","Thinking Ahead","Self Repair+1","Recycle","Redo+1"],"relics":["Cracked Core","Golden Idol","Bag of Preparation","Spirit Poop","StrikeDummy","Anchor","Empty Cage","Lizard Tail","Dream Catcher","Astrolabe","Blood Vial","PreservedInsect"],"acts_visited":["Exordium","TheCity","TheBeyond"],"potions_floor_usage":[],"damage_taken":[{"damage":7.0,"enemies":"Small Slimes","floor":1.0,"turns":4.0},{"damage":6.0,"enemies":"Cultist","floor":3.0,"turns":4.0},{"damage":9.0,"enemies":"Jaw Worm","floor":4.0,"turns":2.0},{"damage":29.0,"enemies":"3 Sentries","floor":6.0,"turns":11.0},{"damage":0.0,"enemies":"Large Slime","floor":11.0,"turns":3.0},{"damage":5.0,"enemies":"Gremlin Gang","floor":14.0,"turns":3.0},{"damage":5.0,"enemies":"The Guardian","floor":16.0,"turns":11.0},{"damage":7.0,"enemies":"Shell Parasite","floor":18.0,"turns":5.0},{"damage":0.0,"enemies":"3 Byrds","floor":20.0,"turns":3.0},{"damage":2.0,"enemies":"3 Cultists","floor":21.0,"turns":4.0},{"damage":9.0,"enemies":"Centurion and Healer","floor":25.0,"turns":5.0},{"damage":7.0,"enemies":"Book of Stabbing","floor":27.0,"turns":5.0},{"damage":12.0,"enemies":"Chosen and Byrds","floor":30.0,"turns":7.0},{"damage":0.0,"enemies":"Snecko","floor":31.0,"turns":3.0},{"damage":17.0,"enemies":"Champ","floor":33.0,"turns":11.0},{"damage":0.0,"enemies":"3 Darklings","floor":35.0,"turns":4.0},{"damage":0.0,"enemies":"Orb Walker","floor":37.0,"turns":2.0},{"damage":15.0,"enemies":"Spire Growth","floor":39.0,"turns":4.0},{"damage":98.0,"enemies":"Reptomancer","floor":41.0,"turns":7.0},{"damage":36.0,"enemies":"Nemesis","floor":46.0,"turns":10.0},{"damage":0.0,"enemies":"Jaw Worm Horde","floor":48.0,"turns":1.0},{"damage":59,"enemies":"Awakened One","floor":50,"turns":6}],"seed_played":"-4202837459884221483","potions_obtained":[{"floor":1.0,"key":"Energy Potion"},{"floor":4.0,"key":"SkillPotion"},{"floor":20.0,"key":"AttackPotion"},{"floor":21.0,"key":"Ancient Potion"},{"floor":31.0,"key":"ColorlessPotion"},{"floor":41.0,"key":"EntropicBrew"},{"floor":46.0,"key":"SmokeBomb"}],"is_trial":false,"path_per_floor":["M","?","M","M","?","E","R","?","T","R","M","R","?","M","R","B",null,"M","$","M","M","?","R","?","M","T","E","?","R","M","M","R","B",null,"M","$","M","?","M","R","E","R","T","?","?","E","R","M","R","B"],"character_chosen":"DEFECT","items_purchased":["Gash","Trip","Cold Snap","Capacitor","Gash","Swift Strike","Hologram"],"campfire_rested":6,"item_purchase_floors":[19,19,19,36,36,36,36],"current_hp_per_floor":[57,57,51,42,42,13,34,34,34,34,34,34,16,11,11,6,55,48,48,48,46,46,46,46,37,37,30,30,51,39,39,60,43,64,64,64,64,54,39,60,13,34,34,34,58,32,49,51,51,0,0],"gold":170,"neow_bonus":"ONE_RANDOM_RARE_CARD","is_daily":false,"chose_seed":false,"campfire_upgraded":4,"win_rate":0.0,"timestamp":1612926604,"path_taken":["M","?","M","?","?","E","R","?","T","R","?","R","?","M","R","BOSS","M","$","M","M","?","R","?","M","T","E","?","R","?","M","R","BOSS","M","$","M","?","M","R","E","R","T","?","?","E","R","M","R","BOSS"],"items_purchased_type":["Card","Card","Card","Card","Card","Card","Card"],"build_version":"2020-12-22","purchased_purges":2,"victory":false,"max_hp_per_floor":[71,71,71,71,71,71,71,71,71,71,71,71,71,71,71,71,71,71,71,71,71,71,71,71,71,71,71,71,71,71,71,71,71,71,71,71,71,71,71,71,71,71,71,71,58,58,58,58,58,58,58],"relic_stats":{"Blood Vial":4,"Lizard Tail":35,"Dream Catcher":5,"counters":[22,115],"Golden Idol":116,"Astrolabe":["Secret Weapon","Barrage","Reinforced Body"],"PreservedInsect":0,"Bag of Preparation":[36],"obtain_stats":[{"Blood Vial":41,"Anchor":13,"Lizard Tail":26,"Dream Catcher":27,"Golden Idol":5,"Astrolabe":34,"Spirit Poop":8,"PreservedInsect":46,"Bag of Preparation":6,"Cracked Core":0,"StrikeDummy":9,"Empty Cage":17},{"Blood Vial":19,"Anchor":5,"Lizard Tail":11,"Dream Catcher":12,"Golden Idol":3,"Astrolabe":15,"Spirit Poop":4,"PreservedInsect":20,"Bag of Preparation":4,"Cracked Core":0,"StrikeDummy":4,"Empty Cage":7},{"Blood Vial":98,"Anchor":24,"Lizard Tail":55,"Dream Catcher":60,"Golden Idol":10,"Astrolabe":81,"Spirit Poop":21,"PreservedInsect":108,"Bag of Preparation":21,"Cracked Core":0,"StrikeDummy":21,"Empty Cage":38}]},"card_choices":[{"not_picked":["Auto Shields","Heatsinks"],"picked":"Go for the Eyes","floor":1.0},{"not_picked":["Fusion","Hologram"],"picked":"Redo","floor":3.0},{"not_picked":["Hologram","Conserve Battery"],"picked":"Cold Snap","floor":4.0},{"not_picked":["Stack","Reinforced Body"],"picked":"BootSequence","floor":6.0},{"not_picked":["Cold Snap","Gash"],"picked":"Defragment","floor":11.0},{"not_picked":["Hologram","Ball Lightning"],"picked":"Gash","floor":14.0},{"not_picked":["Machine Learning","Fission"],"picked":"Reboot","floor":16.0},{"not_picked":["Go for the Eyes","Streamline"],"picked":"Turbo","floor":18.0},{"not_picked":["Stack","Barrage","Sweeping Beam"],"picked":"SKIP","floor":20.0},{"not_picked":["Steam+1","Undo"],"picked":"Beam Cell","floor":21.0},{"not_picked":["Force Field","Hello World","Beam Cell"],"picked":"SKIP","floor":25.0},{"not_picked":["Hello World","Cold Snap","Stack"],"picked":"SKIP","floor":27.0},{"not_picked":["Loop","Fission"],"picked":"Turbo+1","floor":29.0},{"not_picked":["Go for the Eyes","Sweeping Beam"],"picked":"Skim","floor":30.0},{"not_picked":["Barrage+1","Streamline"],"picked":"Coolheaded","floor":31.0},{"not_picked":["Machine Learning","Electrodynamics"],"picked":"All For One","floor":33.0},{"not_picked":["Compile Driver","Glacier","Go for the Eyes"],"picked":"SKIP","floor":35.0},{"not_picked":["Compile Driver","Go for the Eyes"],"picked":"Glacier","floor":35.0},{"not_picked":["Barrage","Cold Snap"],"picked":"Chill","floor":37.0},{"not_picked":["Violence","HandOfGreed"],"picked":"Metamorphosis","floor":38.0},{"not_picked":["Mind Blast","Thinking Ahead"],"picked":"Master of Strategy","floor":38.0},{"not_picked":["Jack Of All Trades","Trip"],"picked":"Thinking Ahead","floor":38.0},{"not_picked":["Stack","Recycle"],"picked":"Self Repair+1","floor":39.0},{"not_picked":["Genetic Algorithm","Glacier"],"picked":"Recycle","floor":40.0},{"not_picked":["Streamline","Rainbow","Gash"],"picked":"SKIP","floor":41.0},{"not_picked":["Loop","Genetic Algorithm","Stack"],"picked":"SKIP","floor":46.0},{"not_picked":["Coolheaded+1","Self Repair+1"],"picked":"Redo+1","floor":47.0}],"player_experience":1714588,"relics_obtained":[{"floor":6.0,"key":"Bag of Preparation"},{"floor":9.0,"key":"StrikeDummy"},{"floor":26.0,"key":"Lizard Tail"},{"floor":27.0,"key":"Dream Catcher"},{"floor":41.0,"key":"Blood Vial"},{"floor":46.0,"key":"PreservedInsect"}],"event_choices":[{"damage_healed":0.0,"max_hp_gain":0.0,"max_hp_loss":0.0,"gold_gain":0.0,"cards_transformed":["Strike_B"],"event_name":"Transmorgrifier","player_choice":"Transformed","floor":2.0,"gold_loss":0.0,"damage_taken":0.0,"cards_obtained":["Scrape"]},{"damage_healed":0.0,"max_hp_gain":0.0,"max_hp_loss":0.0,"gold_gain":0.0,"event_name":"Golden Idol","player_choice":"Take Wound","floor":5.0,"gold_loss":0.0,"damage_taken":0.0,"relics_obtained":["Golden Idol"],"cards_obtained":["Injury"]},{"cards_removed":["Injury"],"damage_healed":0.0,"max_hp_gain":0.0,"max_hp_loss":0.0,"gold_gain":0.0,"event_name":"Bonfire Elementals","player_choice":"Offered Curse","floor":8.0,"gold_loss":0.0,"damage_taken":0.0,"relics_obtained":["Spirit Poop"]},{"damage_healed":0.0,"max_hp_gain":0.0,"max_hp_loss":0.0,"gold_gain":0.0,"event_name":"Scrap Ooze","player_choice":"Success","floor":13.0,"gold_loss":0.0,"damage_taken":18.0,"relics_obtained":["Anchor"]},{"damage_healed":0.0,"max_hp_gain":0.0,"max_hp_loss":0.0,"gold_gain":0.0,"event_name":"Cursed Tome","player_choice":"Ignored","floor":22.0,"gold_loss":0.0,"damage_taken":0.0},{"damage_healed":0.0,"max_hp_gain":0.0,"max_hp_loss":0.0,"gold_gain":0.0,"event_name":"The Mausoleum","player_choice":"Ignored","floor":24.0,"gold_loss":0.0,"damage_taken":0.0},{"damage_healed":0.0,"max_hp_gain":0.0,"max_hp_loss":0.0,"gold_gain":0.0,"cards_transformed":["Defend_B"],"event_name":"Transmorgrifier","player_choice":"Transformed","floor":28.0,"gold_loss":0.0,"damage_taken":0.0,"cards_obtained":["Steam Power"]},{"damage_healed":0.0,"max_hp_gain":0.0,"max_hp_loss":0.0,"gold_gain":0.0,"event_name":"SensoryStone","player_choice":"Memory 3","floor":38.0,"gold_loss":0.0,"damage_taken":10.0},{"damage_healed":0.0,"max_hp_gain":0.0,"max_hp_loss":0.0,"gold_gain":0.0,"event_name":"Mysterious Sphere","player_choice":"Ignored","floor":44.0,"gold_loss":0.0,"damage_taken":0.0},{"damage_healed":58.0,"max_hp_gain":0.0,"max_hp_loss":13.0,"gold_gain":0.0,"event_name":"The Moai Head","player_choice":"Heal","floor":45.0,"gold_loss":0.0,"damage_taken":0.0}],"is_beta":false,"boss_relics":[{"not_picked":["Runic Dome","Busted Crown"],"picked":"Empty Cage"},{"not_picked":["Fusion Hammer","Runic Pyramid"],"picked":"Astrolabe"}],"items_purged_floors":[19,36],"is_endless":false,"potions_floor_spawned":[1,4,20,21,31,41,46],"killed_by":"Awakened One","ascension_level":20}}