{"host":"6pgtslebjnyv5xmi","time":1612951139,"event":{"mods":["AchievementEnabler","BaseMod","Colored Map","Minty Spire (QoL Compilation)","Rare Cards Sparkle","StSLib","SuperFastMode","The Cursed","everything is the same but u backflip on backflip"],"gold_per_floor":[118,118,118,136,136,171,171,96,122,137,153,188,188,201,201,201,201],"floor_reached":16,"language":"KOR","playtime":575,"items_purged":[],"score":257,"play_id":"8beb8b64-0559-4e1f-aa81-8dd6b945b2f7","local_time":"20210210185859","is_ascension_mode":true,"campfire_choices":[{"data":"Seeing Red","floor":7,"key":"SMITH"},{"data":"Dropkick","floor":13,"key":"SMITH"},{"data":"Bash","floor":15,"key":"SMITH"}],"circlet_count":0,"master_deck":["AscendersBane","Strike_R","Strike_R","Strike_R","Defend_R","Defend_R","Defend_R","Bash+1","Seeing Red+1","Wild Strike","Dropkick+1"],"relics":["Burning Blood","NeowsBlessing","Bottled Lightning","Oddly Smooth Stone","The Courier"],"acts_visited":["Exordium"],"potions_floor_usage":[12,16],"damage_taken":[{"damage":0,"enemies":"Small Slimes","floor":1,"turns":1},{"damage":0,"enemies":"Cultist","floor":4,"turns":1},{"damage":0,"enemies":"3 Sentries","floor":6,"turns":2},{"damage":11,"enemies":"Jaw Worm","floor":10,"turns":4},{"damage":10,"enemies":"Blue Slaver","floor":11,"turns":5},{"damage":32,"enemies":"Gremlin Nob","floor":12,"turns":4},{"damage":0,"enemies":"Large Slime","floor":14,"turns":3},{"damage":54,"enemies":"Hexaghost","floor":16,"turns":7}],"seed_played":"-4207362021548034288","potions_obtained":[{"floor":4,"key":"Swift Potion"},{"floor":6,"key":"LiquidBronze"},{"floor":10,"key":"DuplicationPotion"}],"is_trial":false,"path_per_floor":["M","?","?","M","?","E","R","?","T","M","M","E","R","M","R","B"],"character_chosen":"IRONCLAD","items_purchased":[],"campfire_rested":0,"item_purchase_floors":[],"current_hp_per_floor":[74,67,67,73,78,80,80,80,80,75,71,45,45,51,51,0,0],"gold":201,"neow_bonus":"THREE_ENEMY_KILL","is_daily":false,"chose_seed":false,"campfire_upgraded":3,"win_rate":0.0,"timestamp":1612951139,"path_taken":["M","?","?","?","?","E","R","?","T","M","M","E","R","M","R","BOSS"],"items_purchased_type":[],"build_version":"2020-12-22","purchased_purges":0,"victory":false,"max_hp_per_floor":[75,75,75,75,80,80,80,80,80,80,80,80,80,80,80,80,80],"card_choices":[{"not_picked":["Headbutt","Sword Boomerang"],"picked":"Seeing Red","floor":1},{"not_picked":["Combust","Perfected Strike"],"picked":"Wild Strike","floor":4},{"not_picked":["Rage","Clash","Cleave"],"picked":"SKIP","floor":6},{"not_picked":["Clothesline","Anger"],"picked":"Dropkick","floor":10},{"not_picked":["Battle Trance","Limit Break","Anger"],"picked":"SKIP","floor":11},{"not_picked":["Warcry","Shrug It Off","Reaper"],"picked":"SKIP","floor":12},{"not_picked":["Clash","Pommel Strike","Searing Blow"],"picked":"SKIP","floor":14}],"player_experience":1100994,"relics_obtained":[{"floor":6,"key":"Bottled Lightning"},{"floor":9,"key":"Oddly Smooth Stone"},{"floor":12,"key":"The Courier"}],"event_choices":[{"cards_removed":["Strike_R"],"damage_healed":0,"gold_gain":0,"player_choice":"Card Removal","damage_taken":7,"max_hp_gain":0,"max_hp_loss":0,"event_name":"Golden Wing","floor":2,"gold_loss":0},{"cards_removed":["Strike_R"],"damage_healed":0,"gold_gain":0,"player_choice":"Purged","damage_taken":0,"max_hp_gain":0,"max_hp_loss":0,"event_name":"Purifier","floor":3,"gold_loss":0},{"damage_healed":0,"gold_gain":0,"player_choice":"Donut","damage_taken":0,"max_hp_gain":5,"max_hp_loss":0,"event_name":"Big Fish","floor":5,"gold_loss":0},{"cards_removed":["Defend_R"],"damage_healed":0,"gold_gain":0,"player_choice":"Card Removal","damage_taken":0,"max_hp_gain":0,"max_hp_loss":0,"event_name":"The Cleric","floor":8,"gold_loss":75}],"is_beta":false,"boss_relics":[],"items_purged_floors":[],"is_endless":false,"potions_floor_spawned":[4,6,10],"killed_by":"Hexaghost","ascension_level":18}}