{"host":"ydh61a5ftgdajrbo","time":1612938912,"event":{"mods":["BaseMod","Colored Map","Colored Powertips","DeckTracker","Downfall","HololiveMod","Minty Spire (QoL Compilation)","Prisma Mod","Relic Stats","Replay The Spire","Spire Arcade","StSLib","The Cursed","The Jungle","The Mystic","The Runesmith","The Servant 0.9.4","WarShipGirlsR/??¤Ö¤kR mod"],"gold_per_floor":[112,112,122,138,151,151,164,199,245,256,284,303,313,313,313,417,417,437,31,42,32,51,77,94,119,119,119,146,146,161,161,161,259,259,271,283,283,65,85,85,101,101,101,126,146,166,183,213,213,205],"floor_reached":51,"language":"ZHS","playtime":3151,"items_purged":["TheCursedMod:Strike_TheCursed","TheCursedMod:Defend_TheCursed"],"score":1107,"play_id":"3588d526-971d-482e-9b82-9af736086d73","local_time":"20210210143512","is_ascension_mode":true,"campfire_choices":[{"data":"TheCursedMod:CleanUpWorkshop","floor":6.0,"key":"SMITH"},{"floor":15.0,"key":"DIG"},{"data":"TheCursedMod:DemonSword","floor":27.0,"key":"SMITH"},{"data":"TheCursedMod:CursedRelics","floor":40.0,"key":"SMITH"},{"data":"TheCursedMod:VoidForm","floor":42,"key":"SMITH"},{"data":"TheCursedMod:CursedSpellbook","floor":49,"key":"SMITH"}],"circlet_count":0,"master_deck":["TheCursedMod:Strike_TheCursed","TheCursedMod:Strike_TheCursed","TheCursedMod:Strike_TheCursed","TheCursedMod:Defend_TheCursed","TheCursedMod:Defend_TheCursed","TheCursedMod:Defend_TheCursed","TheCursedMod:CursedWand","TheCursedMod:CleanUpWorkshop+1","TheCursedMod:Dregs","TheCursedMod:BlessingInDisguise","Pot Of Greed","Pot Of Greed","TheCursedMod:CursedShiv","TheCursedMod:TacticalStrike","TheCursedMod:Obscuration","TheCursedMod:CursedMace","TheCursedMod:CursedBlade","TheCursedMod:SpitefulStrike","TheCursedMod:SurpriseAttack","TheCursedMod:SmokeScreen","TheCursedMod:ShockAndAwe","TheCursedMod:SurpriseAttack","TheCursedMod:CursedRelics+1","TheCursedMod:CursedAmulet","Pot Of Greed","TheCursedMod:ManaBullet","TheCursedMod:VoidForm+1","TheCursedMod:CursedSpellbook+1","TheCursedMod:WearCloak","TheCursedMod:DemonSword+1","TheCursedMod:SpitefulPray","Shame","TheCursedMod:NeowsMight","TheCursedMod:RapidMovement+1","Madness","Madness","TheCursedMod:CursedRelics","TheCursedMod:CursedRelics","Pot Of Greed","TheCursedMod:AbyssShockwave+1","TheCursedMod:HellfireBreathing+1"],"relics":["TheCursedMod:BlackMagic101","hexamod:Sixitude","Grinning Jar","Shuriken","Potion Belt","PreservedInsect","Blue Candle","Torii","TheCursedMod:OminousMark","Matryoshka","Replay:Baseball","Runesmith:AutoHammer","Lantern","Pear","Iron Hammer","theJungle:PaperFaux","Calipers","sneckomod:SneckoTalon","Ancient Tea Set","Ornamental Fan","hexamod:BolsterEngine","Ice Cream","StoneCalendar"],"acts_visited":["Exordium","Exordium","TheBeyond"],"potions_floor_usage":[50,50],"damage_taken":[{"damage":1.0,"enemies":"2 Louse","floor":1.0,"turns":2.0},{"damage":0.0,"enemies":"Cultist","floor":3.0,"turns":3.0},{"damage":2.0,"enemies":"Jaw Worm","floor":4.0,"turns":4.0},{"damage":0.0,"enemies":"Large Slime","floor":5.0,"turns":5.0},{"damage":3.0,"enemies":"Blue Slaver","floor":7.0,"turns":3.0},{"damage":1.0,"enemies":"3 Sentries","floor":8.0,"turns":7.0},{"damage":0.0,"enemies":"2 Fungi Beasts","floor":10.0,"turns":2.0},{"damage":6.0,"enemies":"Lagavulin","floor":11.0,"turns":5.0},{"damage":0.0,"enemies":"Gremlin Gang","floor":12.0,"turns":2.0},{"damage":6.0,"enemies":"Looter","floor":13.0,"turns":2.0},{"damage":5.0,"enemies":"Hexaghost","floor":16.0,"turns":6.0},{"damage":1.0,"enemies":"Shell Parasite","floor":18.0,"turns":3.0},{"damage":3.0,"enemies":"theJungle:5_Spyders","floor":20.0,"turns":4.0},{"damage":20.0,"enemies":"theJungle:Snecko_Cultist_And_Trap","floor":22.0,"turns":4.0},{"damage":0.0,"enemies":"theJungle:MamaSnecko","floor":23.0,"turns":2.0},{"damage":1.0,"enemies":"Snake Plant","floor":24.0,"turns":3.0},{"damage":0.0,"enemies":"theJungle:Cassacara","floor":25.0,"turns":2.0},{"damage":0.0,"enemies":"theJungle:2_Phrogs","floor":28.0,"turns":3.0},{"damage":0.0,"enemies":"theJungle:2_Snecko_Cultists","floor":30.0,"turns":2.0},{"damage":55.0,"enemies":"theJungle:TotemBoss","floor":33.0,"turns":10.0},{"damage":11.0,"enemies":"3 Darklings","floor":35.0,"turns":4.0},{"damage":0.0,"enemies":"Orb Walker","floor":36.0,"turns":1.0},{"damage":2.0,"enemies":"4 Shapes","floor":39.0,"turns":2.0},{"damage":6.0,"enemies":"Writhing Mass","floor":41.0,"turns":3.0},{"damage":0,"enemies":"R_Hoarder","floor":44,"turns":2},{"damage":1,"enemies":"Transient","floor":45,"turns":5},{"damage":0,"enemies":"Nemesis","floor":46,"turns":3},{"damage":0,"enemies":"Maw","floor":47,"turns":2},{"damage":1,"enemies":"R_Hoarder","floor":48,"turns":4},{"damage":2,"enemies":"Donu and Deca","floor":50,"turns":5}],"seed_played":"1543434164275564521","potions_obtained":[{"floor":3.0,"key":"Fire Potion"},{"floor":4.0,"key":"SkillPotion"},{"floor":5.0,"key":"FairyPotion"},{"floor":10.0,"key":"Fruit Juice"},{"floor":12.0,"key":"CultistPotion"},{"floor":20.0,"key":"Block Potion"},{"floor":22.0,"key":"Dexterity Potion"},{"floor":25.0,"key":"Explosive Potion"},{"floor":33.0,"key":"Explosive Potion"},{"floor":35.0,"key":"champ:CounterPotion"},{"floor":36.0,"key":"Strength Potion"},{"floor":44,"key":"Flashbang"},{"floor":45,"key":"Strength Potion"}],"is_trial":false,"path_per_floor":["M","?","M","M","M","R","M","E","T","M","E","M","M","T","R_BF","B",null,"M","$","M","?","M","E","M","E","T","R","E","?","M","?","R_BF","B",null,"M","M","?","$","M","R","M","R","T","E","M","E","M","E","R","B",null],"character_chosen":"THE_CURSED","items_purchased":["TheCursedMod:CursedRelics","Matryoshka","TheCursedMod:CursedRelics"],"campfire_rested":0,"item_purchase_floors":[19,19,38],"current_hp_per_floor":[67,67,67,65,65,65,62,61,61,66,60,60,54,54,54,49,73,72,72,69,69,49,49,48,48,58,58,58,58,58,58,58,3,83,72,72,62,62,60,60,54,54,54,54,53,53,53,52,52,50],"gold":205,"neow_bonus":"ONE_RARE_RELIC","is_daily":false,"chose_seed":false,"campfire_upgraded":5,"win_rate":0.0,"timestamp":1612938912,"path_taken":["M","?","M","?","M","R","M","E","T","M","E","M","M","?","R_BF","BOSS","M","$","M","?","M","E","M","E","T","R","E","?","M","?","R_BF","BOSS","M","M","?","$","M","R","M","R","T","E","M","E","M","E","R","BOSS"],"items_purchased_type":["Card","Relic","Card"],"build_version":"2020-12-22","purchased_purges":2,"victory":true,"max_hp_per_floor":[68,68,68,68,68,68,68,68,68,73,73,73,73,73,73,73,73,73,73,73,73,73,73,73,73,83,83,83,83,83,83,83,83,83,83,83,83,83,83,83,83,83,83,83,83,83,83,83,83,83],"relic_stats":{"Torii":48,"counters":[30,105],"Shuriken":[54],"Ornamental Fan":[56],"Blue Candle":[9],"StoneCalendar":[0],"PreservedInsect":329,"obtain_stats":[{"Potion Belt":9,"Ice Cream":46,"TheCursedMod:BlackMagic101":0,"Lantern":26,"Pear":26,"Calipers":32,"Torii":15,"Blue Candle":14,"hexamod:Sixitude":0,"StoneCalendar":48,"PreservedInsect":11,"theJungle:PaperFaux":29,"sneckomod:SneckoTalon":34,"Ancient Tea Set":43,"Replay:Baseball":23,"Matryoshka":19,"TheCursedMod:OminousMark":17,"Shuriken":8,"Ornamental Fan":43,"Iron Hammer":28,"Runesmith:AutoHammer":25,"Grinning Jar":2,"hexamod:BolsterEngine":44},{"Potion Belt":6,"Ice Cream":27,"TheCursedMod:BlackMagic101":0,"Lantern":17,"Pear":17,"Calipers":19,"Torii":10,"Blue Candle":10,"hexamod:Sixitude":0,"StoneCalendar":29,"PreservedInsect":8,"theJungle:PaperFaux":18,"sneckomod:SneckoTalon":20,"Ancient Tea Set":24,"Replay:Baseball":15,"Matryoshka":12,"TheCursedMod:OminousMark":11,"Shuriken":6,"Ornamental Fan":24,"Iron Hammer":18,"Runesmith:AutoHammer":17,"Grinning Jar":1,"hexamod:BolsterEngine":25},{"Potion Belt":24,"Ice Cream":94,"TheCursedMod:BlackMagic101":0,"Lantern":59,"Pear":59,"Calipers":64,"Torii":35,"Blue Candle":35,"hexamod:Sixitude":0,"StoneCalendar":100,"PreservedInsect":31,"theJungle:PaperFaux":62,"sneckomod:SneckoTalon":74,"Ancient Tea Set":84,"Replay:Baseball":54,"Matryoshka":44,"TheCursedMod:OminousMark":41,"Shuriken":24,"Ornamental Fan":84,"Iron Hammer":62,"Runesmith:AutoHammer":59,"Grinning Jar":2,"hexamod:BolsterEngine":86}]},"card_choices":[{"not_picked":["TheCursedMod:CursedMace","TheCursedMod:CursedShiv"],"picked":"TheCursedMod:BlessingInDisguise","floor":1.0},{"not_picked":["TheCursedMod:RavingStaff","TheCursedMod:CursedAmulet"],"picked":"TheCursedMod:CursedShiv","floor":3.0},{"not_picked":["TheCursedMod:FleshFromBone","TheCursedMod:CursedAmulet","TheCursedMod:Torture"],"picked":"SKIP","floor":4.0},{"not_picked":["TheCursedMod:SaltUponWound","TheCursedMod:RavingStaff"],"picked":"TheCursedMod:TacticalStrike","floor":5.0},{"not_picked":["TheCursedMod:Wield","TheCursedMod:TacticalStrike"],"picked":"TheCursedMod:Obscuration","floor":7.0},{"not_picked":["TheCursedMod:ManaCirculation","TheCursedMod:SpitefulPray"],"picked":"TheCursedMod:CursedMace","floor":8.0},{"not_picked":["TheCursedMod:TacticalStrike","TheCursedMod:RavingStaff"],"picked":"TheCursedMod:CursedBlade","floor":10.0},{"not_picked":["TheCursedMod:CursedShiv","TheCursedMod:CircleOfAbyss"],"picked":"TheCursedMod:SpitefulStrike","floor":11.0},{"not_picked":["TheCursedMod:CircleOfFlame","TheCursedMod:TacticalStrike"],"picked":"TheCursedMod:SurpriseAttack","floor":12.0},{"not_picked":["TheCursedMod:Hemoplague","TheCursedMod:Torture"],"picked":"TheCursedMod:SmokeScreen","floor":13.0},{"not_picked":["TheCursedMod:CircleOfAbyss","TheCursedMod:DarkBarrier"],"picked":"TheCursedMod:ShockAndAwe","floor":16.0},{"not_picked":["TheCursedMod:TacticalStrike","TheCursedMod:SmokeScreen"],"picked":"TheCursedMod:SurpriseAttack","floor":18.0},{"not_picked":["TheCursedMod:TacticalStrike","TheCursedMod:SmokeScreen"],"picked":"TheCursedMod:CursedAmulet","floor":20.0},{"not_picked":[],"picked":"TheCursedMod:ManaBullet","floor":21.0},{"not_picked":[],"picked":"TheCursedMod:VoidForm","floor":21.0},{"not_picked":["TheCursedMod:VitalStrike","TheCursedMod:CursedMace","TheCursedMod:DemonicPact"],"picked":"SKIP","floor":22.0},{"not_picked":["TheCursedMod:VitalStrike","TheCursedMod:CursedMace","TheCursedMod:DemonicPact"],"picked":"SKIP","floor":22.0},{"not_picked":["TheCursedMod:SmokeScreen+1","TheCursedMod:EmpowerCircles"],"picked":"TheCursedMod:CursedSpellbook","floor":23.0},{"not_picked":["TheCursedMod:TacticalStrike","TheCursedMod:SmokeScreen"],"picked":"TheCursedMod:WearCloak","floor":24.0},{"not_picked":["TheCursedMod:SurpriseAttack","TheCursedMod:Torture"],"picked":"TheCursedMod:DemonSword","floor":25.0},{"not_picked":["TheCursedMod:CircleOfBlood+1","TheCursedMod:Stigma"],"picked":"TheCursedMod:SpitefulPray","floor":28.0},{"not_picked":["TheCursedMod:TroublousMinions","TheCursedMod:Obscuration","TheCursedMod:Wield"],"picked":"SKIP","floor":30.0},{"not_picked":["TheCursedMod:DemonSword","TheCursedMod:ManaCirculation"],"picked":"TheCursedMod:NeowsMight","floor":33.0},{"not_picked":["TheCursedMod:Torture","TheCursedMod:Stigma","TheCursedMod:Stretching"],"picked":"SKIP","floor":35.0},{"not_picked":["TheCursedMod:Obscuration+1","TheCursedMod:CircleOfFlame"],"picked":"TheCursedMod:RapidMovement+1","floor":36.0},{"not_picked":["TheCursedMod:Grudge","TheCursedMod:VitalStrike+1"],"picked":"TheCursedMod:AbyssShockwave+1","floor":39.0},{"not_picked":["TheCursedMod:VitalStrike","TheCursedMod:TroublousMinions","TheCursedMod:SpitefulPray+1"],"picked":"SKIP","floor":41.0},{"not_picked":["TheCursedMod:CursedShiv+1","TheCursedMod:ForbiddenAlchemy"],"picked":"TheCursedMod:HellfireBreathing+1","floor":44},{"not_picked":["TheCursedMod:RavingStaff+1","TheCursedMod:FuryStrike","TheCursedMod:CircleOfFlame"],"picked":"SKIP","floor":45},{"not_picked":["TheCursedMod:CircleOfFlame","TheCursedMod:RavingStaff","TheCursedMod:SoulReap+1"],"picked":"SKIP","floor":46},{"not_picked":["TheCursedMod:FleshFromBone+1","TheCursedMod:Stigma","TheCursedMod:CursedRelics"],"picked":"SKIP","floor":47},{"not_picked":["TheCursedMod:RapidMovement+1","TheCursedMod:WearCloak","TheCursedMod:RavingStaff+1"],"picked":"SKIP","floor":48}],"player_experience":377539,"relics_obtained":[{"floor":2.0,"key":"Grinning Jar"},{"floor":8.0,"key":"Shuriken"},{"floor":9.0,"key":"Potion Belt"},{"floor":11.0,"key":"PreservedInsect"},{"floor":14.0,"key":"Blue Candle"},{"floor":15.0,"key":"Torii"},{"floor":23.0,"key":"Replay:Baseball"},{"floor":25.0,"key":"Runesmith:AutoHammer"},{"floor":26.0,"key":"Lantern"},{"floor":26.0,"key":"Pear"},{"floor":28.0,"key":"Iron Hammer"},{"floor":32.0,"key":"Calipers"},{"floor":43,"key":"Ancient Tea Set"},{"floor":43,"key":"Ornamental Fan"},{"floor":44,"key":"hexamod:BolsterEngine"},{"floor":46,"key":"Ice Cream"},{"floor":48,"key":"StoneCalendar"}],"event_choices":[{"damage_healed":0.0,"max_hp_gain":0.0,"max_hp_loss":0.0,"gold_gain":0.0,"event_name":"Wheel of Change","player_choice":"Relic","floor":2.0,"gold_loss":0.0,"damage_taken":0.0},{"damage_healed":0.0,"max_hp_gain":0.0,"max_hp_loss":0.0,"gold_gain":0.0,"event_name":"Fountain of Cleansing","player_choice":"Ignored","floor":31.0,"gold_loss":0.0,"damage_taken":0.0},{"damage_healed":0.0,"max_hp_gain":0.0,"max_hp_loss":0.0,"gold_gain":0.0,"event_name":"Wheel of Change","player_choice":"Relic","floor":32.0,"gold_loss":0.0,"damage_taken":0.0},{"damage_healed":0.0,"max_hp_gain":0.0,"max_hp_loss":0.0,"gold_gain":0.0,"event_name":"Winding Halls","player_choice":"Embrace Madness","floor":37.0,"gold_loss":0.0,"damage_taken":10.0,"cards_obtained":["Madness","Madness"]}],"is_beta":false,"boss_relics":[{"not_picked":["Fusion Hammer","Hololive_ChaosS"],"picked":"TheCursedMod:OminousMark"},{"not_picked":["ChewingGum","Runic Pyramid"],"picked":"sneckomod:SneckoTalon"}],"items_purged_floors":[19,38],"is_endless":false,"potions_floor_spawned":[3,4,5,10,12,20,22,25,28,33,35,36,44,45],"ascension_level":2}}