{"host":"tpad8qsc9e0g0pa5","time":1612930797,"event":{"mods":["BaseMod","Minty Spire (QoL Compilation)","Quick Restart","StSLib","The Bug Knight"],"gold_per_floor":[109,28,28,103,103,103,135,151,206,206,206,206,42,57,57,183,183,201,43,56,56,56,56,90,90,90,103,120,43,43,70,70,170,170,189,189,37,57,57,90,90,90,90,103,129,147,147,174,174,174],"floor_reached":51,"language":"ZHS","playtime":4891,"items_purged":["Strike_P"],"score":954,"play_id":"f9e5aeed-562b-478d-b7e2-8c80450c7822","local_time":"20210210121957","is_ascension_mode":true,"campfire_choices":[{"data":"Purity","floor":6.0,"key":"SMITH"},{"floor":12.0,"key":"REST"},{"data":"Eruption","floor":15.0,"key":"SMITH"},{"data":"Flash of Steel","floor":23.0,"key":"SMITH"},{"data":"Ragnarok","floor":30.0,"key":"SMITH"},{"data":"Vigilance","floor":32.0,"key":"SMITH"},{"floor":41,"key":"REST"},{"floor":47,"key":"RECALL"},{"floor":49,"key":"REST"}],"circlet_count":0,"master_deck":["Defend_P+1","Eruption+1","Vigilance+1","Purity+1","ClearTheMind+1","Alpha+1","Omniscience+1","ThirdEye+1","Scrawl+1","ThirdEye+1","Flash of Steel+1","Crescendo+1","Collect+1","Ragnarok+1","ThirdEye+1","Evaluate+1","Sanctity+1","WaveOfTheHand+1","DevaForm+1","ForeignInfluence+1"],"relics":["PureWater","NeowsBlessing","MealTicket","Toxic Egg 2","Potion Belt","Bloody Idol","Empty Cage","War Paint","InkBottle","Bronze Scales","Busted Crown","HollowMod:JonisBlessing","Whetstone","Centennial Puzzle","Blood Vial","Toy Ornithopter"],"acts_visited":["Exordium","TheCity","TheBeyond"],"potions_floor_usage":[40,46,46,48,50,50],"damage_taken":[{"damage":0.0,"enemies":"Small Slimes","floor":1.0,"turns":2.0},{"damage":0.0,"enemies":"3 Sentries","floor":7.0,"turns":2.0},{"damage":0.0,"enemies":"Jaw Worm","floor":8.0,"turns":1.0},{"damage":2.0,"enemies":"2 Louse","floor":14.0,"turns":3.0},{"damage":0.0,"enemies":"Slime Boss","floor":16.0,"turns":3.0},{"damage":9.0,"enemies":"Shell Parasite","floor":18.0,"turns":6.0},{"damage":0.0,"enemies":"Chosen","floor":20.0,"turns":2.0},{"damage":52.0,"enemies":"Book of Stabbing","floor":24.0,"turns":5.0},{"damage":0.0,"enemies":"3 Cultists","floor":27.0,"turns":3.0},{"damage":4.0,"enemies":"Sentry and Sphere","floor":28.0,"turns":3.0},{"damage":1.0,"enemies":"Gremlin Leader","floor":31.0,"turns":5.0},{"damage":21,"enemies":"Automaton","floor":33,"turns":5},{"damage":0,"enemies":"Orb Walker","floor":35,"turns":2},{"damage":0,"enemies":"3 Darklings","floor":38,"turns":4},{"damage":5,"enemies":"Reptomancer","floor":40,"turns":4},{"damage":0,"enemies":"Sphere and 2 Shapes","floor":44,"turns":3},{"damage":0,"enemies":"HollowMod:StalkingDevout","floor":45,"turns":3},{"damage":6,"enemies":"Writhing Mass","floor":46,"turns":4},{"damage":0,"enemies":"Reptomancer","floor":48,"turns":4},{"damage":2,"enemies":"Time Eater","floor":50,"turns":9}],"seed_played":"1010836097327662508","potions_obtained":[{"floor":1.0,"key":"Explosive Potion"},{"floor":14.0,"key":"DuplicationPotion"},{"floor":24.0,"key":"Ancient Potion"},{"floor":27.0,"key":"FearPotion"},{"floor":31.0,"key":"ColorlessPotion"},{"floor":38,"key":"SkillPotion"},{"floor":40,"key":"StancePotion"},{"floor":46,"key":"Energy Potion"},{"floor":48,"key":"SpeedPotion"}],"is_trial":false,"path_per_floor":["M","$","?","?","T","R","E","M","T","?","?","R","$","M","R","B",null,"M","$","M","?","?","R","E","?","T","M","M","$","R","E","R","B",null,"M","?","$","M","?","E","R","$","T","M","E","M","R","E","R","B",null],"character_chosen":"WATCHER","items_purchased":["Purity","Omniscience+1","Flash of Steel","Sanctity+1","HollowMod:JonisBlessing"],"campfire_rested":3,"item_purchase_floors":[2,13,19,29,37],"current_hp_per_floor":[72,72,77,66,66,66,66,66,66,47,47,70,77,75,75,75,77,68,77,77,77,77,77,25,25,25,30,31,46,46,50,50,34,77,77,77,77,77,77,77,77,77,77,77,77,76,76,77,77,75],"gold":174,"neow_bonus":"THREE_ENEMY_KILL","is_daily":false,"chose_seed":false,"campfire_upgraded":5,"win_rate":0.0,"timestamp":1612930797,"path_taken":["M","$","?","?","?","R","E","M","T","?","?","R","$","M","R","BOSS","M","$","?","?","?","R","E","?","T","M","M","$","R","E","R","BOSS","M","?","$","?","?","E","R","$","T","?","E","M","R","E","R","BOSS"],"items_purchased_type":["Card","Card","Card","Card","Relic"],"build_version":"2020-12-22","purchased_purges":1,"victory":true,"max_hp_per_floor":[72,72,77,77,77,77,77,77,77,77,77,77,77,77,77,77,77,77,77,77,77,77,77,77,77,77,77,77,77,77,77,77,77,77,77,77,77,77,77,77,77,77,77,77,77,77,77,77,77,77],"card_choices":[{"not_picked":["SandsOfTime","CrushJoints","SashWhip"],"picked":"SKIP","floor":1.0},{"not_picked":["Halt+1","SashWhip","Nirvana"],"picked":"SKIP","floor":7.0},{"not_picked":["JustLucky","CutThroughFate"],"picked":"ClearTheMind+1","floor":8.0},{"not_picked":["Consecrate","FollowUp"],"picked":"ThirdEye+1","floor":14.0},{"not_picked":["Ragnarok","Omniscience+1"],"picked":"Scrawl+1","floor":16.0},{"not_picked":["BowlingBash","Nirvana+1"],"picked":"ThirdEye+1","floor":18.0},{"not_picked":["CrushJoints","ClearTheMind+1"],"picked":"Crescendo+1","floor":20.0},{"not_picked":["LessonLearned","PathToVictory+1"],"picked":"ThirdEye+1","floor":24.0},{"not_picked":["Prostrate+1","BowlingBash+1","WreathOfFlame+1"],"picked":"SKIP","floor":27.0},{"not_picked":["Prostrate+1","Wallop"],"picked":"Evaluate+1","floor":28.0},{"not_picked":["Devotion","SandsOfTime"],"picked":"WaveOfTheHand+1","floor":31.0},{"not_picked":["Establishment","Ragnarok"],"picked":"DevaForm","floor":33},{"not_picked":["Protect+1"],"picked":"SKIP","floor":35},{"not_picked":["Prostrate+1"],"picked":"SKIP","floor":38},{"not_picked":["CutThroughFate"],"picked":"SKIP","floor":40},{"not_picked":["SashWhip"],"picked":"SKIP","floor":44},{"not_picked":["Perseverance+1"],"picked":"SKIP","floor":45},{"not_picked":["ForeignInfluence+1"],"picked":"SKIP","floor":46},{"not_picked":["Study"],"picked":"SKIP","floor":48}],"player_experience":322990,"relics_obtained":[{"floor":5.0,"key":"MealTicket"},{"floor":7.0,"key":"Toxic Egg 2"},{"floor":9.0,"key":"Potion Belt"},{"floor":24.0,"key":"War Paint"},{"floor":26.0,"key":"InkBottle"},{"floor":31.0,"key":"Bronze Scales"},{"floor":40,"key":"Whetstone"},{"floor":43,"key":"Centennial Puzzle"},{"floor":45,"key":"Blood Vial"},{"floor":48,"key":"Toy Ornithopter"}],"event_choices":[{"damage_healed":0.0,"max_hp_gain":5.0,"max_hp_loss":0.0,"gold_gain":0.0,"event_name":"Big Fish","player_choice":"Donut","floor":3.0,"gold_loss":0.0,"damage_taken":0.0},{"damage_healed":0.0,"max_hp_gain":0.0,"max_hp_loss":0.0,"gold_gain":75.0,"event_name":"World of Goop","player_choice":"Gather Gold","floor":4.0,"gold_loss":0.0,"damage_taken":11.0},{"damage_healed":0.0,"max_hp_gain":0.0,"max_hp_loss":0.0,"gold_gain":0.0,"event_name":"Golden Idol","player_choice":"Take Damage","floor":10.0,"gold_loss":0.0,"damage_taken":19.0,"relics_obtained":["Golden Idol"]},{"damage_healed":0.0,"max_hp_gain":0.0,"max_hp_loss":0.0,"gold_gain":0.0,"cards_transformed":["Defend_P"],"event_name":"Transmorgrifier","player_choice":"Transformed","floor":11.0,"gold_loss":0.0,"damage_taken":0.0,"cards_obtained":["Alpha"]},{"damage_healed":0.0,"max_hp_gain":0.0,"max_hp_loss":0.0,"gold_gain":0.0,"event_name":"Cursed Tome","player_choice":"Ignored","floor":21.0,"gold_loss":0.0,"damage_taken":0.0},{"damage_healed":0.0,"max_hp_gain":0.0,"max_hp_loss":0.0,"gold_gain":0.0,"cards_transformed":["Defend_P","Strike_P"],"event_name":"Drug Dealer","player_choice":"Became Test Subject","floor":22.0,"gold_loss":0.0,"damage_taken":0.0,"cards_obtained":["Collect","Ragnarok"]},{"damage_healed":0.0,"max_hp_gain":0.0,"max_hp_loss":0.0,"gold_gain":0.0,"event_name":"Forgotten Altar","player_choice":"Gave Idol","floor":25.0,"relics_lost":["Golden Idol"],"gold_loss":0.0,"damage_taken":0.0,"relics_obtained":["Bloody Idol"]},{"damage_healed":0,"gold_gain":0,"cards_transformed":["Defend_P"],"player_choice":"Transformed","damage_taken":0,"max_hp_gain":0,"max_hp_loss":0,"event_name":"Transmorgrifier","floor":36,"gold_loss":0,"cards_obtained":["ForeignInfluence"]},{"damage_healed":0,"gold_gain":0,"player_choice":"Upgraded","damage_taken":0,"max_hp_gain":0,"max_hp_loss":0,"event_name":"Upgrade Shrine","floor":39,"gold_loss":0,"cards_upgraded":["DevaForm"]}],"is_beta":false,"boss_relics":[{"not_picked":["Snecko Eye","Velvet Choker"],"picked":"Empty Cage"},{"not_picked":["SacredBark","HolyWater"],"picked":"Busted Crown"}],"items_purged_floors":[19],"is_endless":false,"potions_floor_spawned":[1,14,24,27,31,38,40,46,48],"ascension_level":2}}