{"host":"j5shy70asow5koz5","time":1612981542,"event":{"mods":["2.2 Compatiblity","Act Like it!","Arknights","BaseMod","Colored Map","Marisa£¨Ùöéë¡¡Øª×âÞÞ£©","Minty Spire (QoL Compilation)","Prisma Mod","StSLib","SuperFastMode","Td1madao Mod","The Disciple","The Gatherer","The Servant 0.9.4","Waifu the Spire"],"gold_per_floor":[17,17,38,38,38,38,57,57,57,78,101,121,121,44,44,164,164,187,187,38,38,56,56,56,92,92,107,128,128,128],"floor_reached":29,"language":"KOR","playtime":556,"items_purged":["Strike_R"],"score":240,"play_id":"91eac8bc-6c6c-470f-8565-11017a398c79","local_time":"20210211032542","is_ascension_mode":false,"campfire_choices":[{"data":"True Grit","floor":6.0,"key":"SMITH"},{"data":"Dropkick","floor":8.0,"key":"SMITH"},{"data":"Heavy Blade","floor":13.0,"key":"SMITH"},{"data":"Whirlwind","floor":15.0,"key":"SMITH"},{"data":"Limit Break","floor":23.0,"key":"SMITH"}],"circlet_count":0,"master_deck":["Strike_R","Strike_R","Strike_R","Defend_R","Defend_R","Defend_R","Defend_R","Bash","Demon Form","True Grit+1","Cleave","Dropkick+1","Spot Weakness","Heavy Blade+1","Whirlwind+1","Limit Break+1","CurseOfTheBell","Dual Wield","Heavy Blade+1","Pommel Strike+1","Sever Soul","Inflame+1"],"relics":["Burning Blood","Golden Idol","Lizard Tail","Calling Bell","MealTicket","Sundial","TungstenRod","MutagenicStrength","Red Mask","Pear"],"acts_visited":["Exordium","TheCity"],"potions_floor_usage":[28,29],"damage_taken":[{"damage":7.0,"enemies":"2 Louse","floor":1.0,"turns":2.0},{"damage":5.0,"enemies":"Small Slimes","floor":3.0,"turns":4.0},{"damage":6.0,"enemies":"Jaw Worm","floor":7.0,"turns":3.0},{"damage":6.0,"enemies":"Large Slime","floor":10.0,"turns":6.0},{"damage":16.0,"enemies":"Blue Slaver","floor":11.0,"turns":4.0},{"damage":17.0,"enemies":"Red Slaver","floor":12.0,"turns":4.0},{"damage":35.0,"enemies":"Slime Boss","floor":16.0,"turns":5.0},{"damage":42.0,"enemies":"2 Thieves","floor":18.0,"turns":5.0},{"damage":0.0,"enemies":"3 Byrds","floor":22.0,"turns":2.0},{"damage":53,"enemies":"Masked Bandits","floor":25,"turns":5},{"damage":21,"enemies":"Snake Plant","floor":27,"turns":4},{"damage":16,"enemies":"Snecko","floor":28,"turns":4},{"damage":59,"enemies":"Gremlin Leader","floor":29,"turns":6}],"seed_played":"1583426869452827423","potions_obtained":[{"floor":16.0,"key":"ElixirPotion"},{"floor":18.0,"key":"SpeedPotion"},{"floor":27,"key":"Block Potion"}],"is_trial":false,"path_per_floor":["M","?","M","?","?","R","M","R","T","M","M","M","R","$","R","B",null,"M","?","$","?","M","R","$","?","T","M","M","E"],"character_chosen":"IRONCLAD","items_purchased":["Whirlwind","DistilledChaos"],"campfire_rested":0,"item_purchase_floors":[14,20],"current_hp_per_floor":[79,74,74,74,67,67,67,67,67,67,57,46,46,46,46,17,74,38,38,53,53,59,59,74,27,37,22,12,0,0],"gold":128,"neow_bonus":"THREE_RARE_CARDS","is_daily":false,"chose_seed":false,"campfire_upgraded":5,"win_rate":0.0,"timestamp":1612981542,"path_taken":["M","?","M","?","?","R","M","R","T","M","M","M","R","?","R","BOSS","M","?","$","?","?","R","$","?","T","M","M","E"],"items_purchased_type":["Card","Potion"],"build_version":"2020-12-22","purchased_purges":1,"victory":false,"max_hp_per_floor":[80,74,74,74,74,74,74,74,74,74,74,74,74,74,74,74,74,74,74,74,74,74,74,74,74,84,84,84,84,84],"card_choices":[{"not_picked":["Immolate","Limit Break"],"picked":"Demon Form","floor":0.0},{"not_picked":["Flex","Warcry"],"picked":"True Grit","floor":1.0},{"not_picked":["Twin Strike","Thunderclap"],"picked":"Cleave","floor":3.0},{"not_picked":["Evolve","Clothesline"],"picked":"Dropkick","floor":7.0},{"not_picked":["Perfected Strike","Cleave","Battle Trance"],"picked":"SKIP","floor":10.0},{"not_picked":["Pummel","Second Wind"],"picked":"Spot Weakness","floor":11.0},{"not_picked":["True Grit","Infernal Blade"],"picked":"Heavy Blade","floor":12.0},{"not_picked":["Impervious","Bludgeon"],"picked":"Limit Break","floor":16.0},{"not_picked":["Rampage","Barricade"],"picked":"Dual Wield","floor":18.0},{"not_picked":["Flex","Headbutt"],"picked":"Pommel Strike+1","floor":22.0},{"not_picked":["Twin Strike","Dropkick"],"picked":"Sever Soul","floor":27},{"not_picked":["Bloodletting","Warcry"],"picked":"Inflame+1","floor":28}],"player_experience":96547,"relics_obtained":[{"floor":9.0,"key":"Lizard Tail"},{"floor":17.0,"key":"MealTicket"},{"floor":17.0,"key":"Sundial"},{"floor":17.0,"key":"TungstenRod"},{"floor":25,"key":"Red Mask"},{"floor":26,"key":"Pear"}],"event_choices":[{"damage_healed":0.0,"max_hp_gain":0.0,"max_hp_loss":6.0,"gold_gain":0.0,"event_name":"Golden Idol","player_choice":"Lose Max HP","floor":2.0,"gold_loss":0.0,"damage_taken":0.0,"relics_obtained":["Golden Idol"]},{"damage_healed":0.0,"max_hp_gain":0.0,"max_hp_loss":0.0,"gold_gain":0.0,"event_name":"The Cleric","player_choice":"Leave","floor":4.0,"gold_loss":0.0,"damage_taken":0.0},{"cards_removed":["Strike_R"],"damage_healed":0.0,"max_hp_gain":0.0,"max_hp_loss":0.0,"gold_gain":0.0,"event_name":"Golden Wing","player_choice":"Card Removal","floor":5.0,"gold_loss":0.0,"damage_taken":7.0},{"damage_healed":0.0,"max_hp_gain":0.0,"max_hp_loss":0.0,"gold_gain":0.0,"event_name":"Drug Dealer","player_choice":"Inject Mutagens","floor":19.0,"gold_loss":0.0,"damage_taken":0.0,"relics_obtained":["MutagenicStrength"]},{"damage_healed":0.0,"max_hp_gain":0.0,"max_hp_loss":0.0,"gold_gain":0.0,"event_name":"Duplicator","player_choice":"Copied","floor":21.0,"gold_loss":0.0,"damage_taken":0.0,"cards_obtained":["Heavy Blade"]},{"damage_healed":0,"gold_gain":0,"player_choice":"Fought Bandits","damage_taken":0,"max_hp_gain":0,"max_hp_loss":0,"event_name":"Masked Bandits","floor":25,"gold_loss":0}],"is_beta":false,"boss_relics":[{"not_picked":["Velvet Choker","Black Blood"],"picked":"Calling Bell"}],"items_purged_floors":[20],"is_endless":false,"potions_floor_spawned":[16,18,27],"killed_by":"Gremlin Leader","ascension_level":0}}