{"host":"0tiuc76yumknr6qf","time":1612916148,"event":{"mods":["Aspiration","BaseMod","Bestiary","Colored Map","DeckTracker","Highlight Path","Minty Spire (QoL Compilation)","StSLib"],"gold_per_floor":[119,129,143,143,143,168,168,93,119,132,132,150,173,10,10,106,106,126,126,145,145,163,163,196,196,196,221,221,237,237,268,268,366,366,387,114,447,447,447,447,476,501,501,298,310,342,353,379,379,379,379,379,379,9,34,34,34],"floor_reached":56,"language":"ENG","playtime":3362,"items_purged":["Injury","Strike_B","Strike_B"],"score":1905,"play_id":"79c76976-2a71-4c4b-8c2b-9c13028142a7","local_time":"20210209181548","is_ascension_mode":true,"campfire_choices":[{"data":"Doom and Gloom","floor":7.0,"key":"SMITH"},{"data":"Coolheaded","floor":15.0,"key":"SMITH"},{"floor":23.0,"key":"REST"},{"floor":25.0,"key":"REST"},{"floor":30.0,"key":"REST"},{"floor":32.0,"key":"REST"},{"data":"Seek","floor":40.0,"key":"SMITH"},{"floor":49.0,"key":"RECALL"},{"data":"Hologram","floor":53.0,"key":"SMITH"}],"circlet_count":0,"master_deck":["AscendersBane","Defend_B","Defend_B","Defend_B+1","Defend_B","Zap","Dualcast","Reboot","Ball Lightning","Gash","Doom and Gloom+1","Gash+1","Conserve Battery+1","Go for the Eyes+1","Coolheaded+1","All For One+1","Conserve Battery","Necronomicurse","Steam","Hologram+1","Chaos","Go for the Eyes+1","Seek+1","Barrage+1","Biased Cognition","Self Repair","Undo+1","Meteor Strike+1","Gash+1","Conserve Battery+1","Panacea","Master of Strategy","Coolheaded"],"relics":["Cracked Core","Molten Egg 2","Ancient Tea Set","Torii","aspiration:EnhancedActuators","Inserter","Necronomicon","Sundial","The Courier","aspiration:HatOfInfinitePower","Busted Crown","Runic Capacitor","Meat on the Bone","Ice Cream","Thread and Needle","War Paint","Vajra","White Beast Statue"],"acts_visited":["Exordium","TheCity","TheBeyond","TheEnding"],"potions_floor_usage":[56,56],"damage_taken":[{"damage":1.0,"enemies":"2 Louse","floor":1.0,"turns":2.0},{"damage":7.0,"enemies":"Jaw Worm","floor":2.0,"turns":3.0},{"damage":8.0,"enemies":"Small Slimes","floor":3.0,"turns":2.0},{"damage":20.0,"enemies":"3 Louse","floor":6.0,"turns":2.0},{"damage":0.0,"enemies":"Large Slime","floor":10.0,"turns":3.0},{"damage":2.0,"enemies":"Blue Slaver","floor":12.0,"turns":3.0},{"damage":7.0,"enemies":"3 Louse","floor":13.0,"turns":2.0},{"damage":1.0,"enemies":"Hexaghost","floor":16.0,"turns":9.0},{"damage":25.0,"enemies":"Shell Parasite","floor":18.0,"turns":5.0},{"damage":0.0,"enemies":"Chosen","floor":20.0,"turns":3.0},{"damage":0.0,"enemies":"3 Cultists","floor":22.0,"turns":2.0},{"damage":13.0,"enemies":"Gremlin Leader","floor":24.0,"turns":5.0},{"damage":9.0,"enemies":"Sentry and Sphere","floor":27.0,"turns":4.0},{"damage":0.0,"enemies":"Cultist and Chosen","floor":29.0,"turns":3.0},{"damage":15.0,"enemies":"Slavers","floor":31.0,"turns":2.0},{"damage":18.0,"enemies":"Collector","floor":33.0,"turns":7.0},{"damage":23.0,"enemies":"3 Shapes","floor":35.0,"turns":5.0},{"damage":18.0,"enemies":"Giant Head","floor":41.0,"turns":5.0},{"damage":2.0,"enemies":"Mind Bloom Boss Battle","floor":42.0,"turns":8.0},{"damage":0.0,"enemies":"Orb Walker","floor":45.0,"turns":2.0},{"damage":7.0,"enemies":"Reptomancer","floor":46.0,"turns":3.0},{"damage":14.0,"enemies":"Writhing Mass","floor":47.0,"turns":4.0},{"damage":1.0,"enemies":"Nemesis","floor":48.0,"turns":5.0},{"damage":43.0,"enemies":"Donu and Deca","floor":50.0,"turns":8.0},{"damage":43.0,"enemies":"Awakened One","floor":51.0,"turns":11.0},{"damage":2,"enemies":"Shield and Spear","floor":55,"turns":5},{"damage":68,"enemies":"The Heart","floor":56,"turns":8}],"seed_played":"-7589783897592093847","potions_obtained":[{"floor":2.0,"key":"LiquidMemories"},{"floor":3.0,"key":"DistilledChaos"},{"floor":12.0,"key":"LiquidMemories"},{"floor":20.0,"key":"Energy Potion"},{"floor":22.0,"key":"Weak Potion"},{"floor":29.0,"key":"FocusPotion"},{"floor":33.0,"key":"EssenceOfDarkness"},{"floor":41.0,"key":"GamblersBrew"},{"floor":47.0,"key":"Energy Potion"},{"floor":48.0,"key":"FairyPotion"}],"is_trial":false,"path_per_floor":["M","M","M","?","?","M","R","$","T","M","T","M","M","$","R","B",null,"M","?","M","?","M","R","E","R","T","M","?","M","R","E","R","B",null,"M","$","?","?","T","R","E","?","T","$","M","E","M","E","R","B","B",null,"R","$","E","B"],"character_chosen":"DEFECT","items_purchased":["aspiration:EnhancedActuators","Runic Capacitor","Self Repair","Meteor Strike+1","Gash+1","Panacea","Master of Strategy","Regen Potion","Coolheaded","FocusPotion"],"campfire_rested":4,"item_purchase_floors":[14,36,36,44,44,54,54,54,54,54],"current_hp_per_floor":[63,56,48,48,48,28,28,28,28,28,28,26,19,19,19,18,53,28,7,7,7,7,26,13,32,32,23,23,23,42,27,46,28,55,32,32,32,32,32,32,33,38,38,38,45,38,43,49,49,25,36,55,55,55,53,0,0],"gold":34,"neow_bonus":"ONE_RANDOM_RARE_CARD","is_daily":false,"chose_seed":false,"campfire_upgraded":4,"win_rate":0.0,"timestamp":1612916148,"path_taken":["M","M","M","?","?","M","R","$","T","M","?","?","M","$","R","BOSS","M","?","M","?","M","R","E","R","T","M","?","M","R","E","R","BOSS","M","$","?","?","?","R","E","?","T","?","?","E","?","E","R","BOSS","BOSS","R","$","E","BOSS"],"items_purchased_type":["Relic","Relic","Card","Card","Card","Card","Card","Potion","Card","Potion"],"build_version":"2020-12-22","purchased_purges":3,"victory":false,"max_hp_per_floor":[71,71,71,71,64,64,64,64,64,64,64,64,64,64,64,64,64,64,64,64,64,64,64,64,64,64,64,64,64,64,64,64,64,64,64,64,64,61,61,61,61,61,61,61,61,61,61,61,61,61,61,61,61,61,61,61,61],"card_choices":[{"not_picked":["Streamline","Scrape"],"picked":"Ball Lightning","floor":1.0},{"not_picked":["Steam","Force Field"],"picked":"Gash","floor":2.0},{"not_picked":["Beam Cell","Stack"],"picked":"Doom and Gloom","floor":3.0},{"not_picked":["Barrage+1","Hello World"],"picked":"Gash+1","floor":6.0},{"not_picked":["Leap","Redo"],"picked":"Conserve Battery","floor":10.0},{"not_picked":["Beam Cell+1","Loop"],"picked":"Go for the Eyes+1","floor":12.0},{"not_picked":["Aggregate","Double Energy"],"picked":"Coolheaded","floor":13.0},{"not_picked":["Creative AI","Core Surge+1"],"picked":"All For One+1","floor":16.0},{"not_picked":["Go for the Eyes+1","Sweeping Beam+1"],"picked":"Conserve Battery","floor":18.0},{"not_picked":["Streamline+1","Sweeping Beam+1","Thunder Strike+1"],"picked":"SKIP","floor":20.0},{"not_picked":["Cold Snap+1","Streamline+1"],"picked":"Steam","floor":22.0},{"not_picked":["Coolheaded","Streamline+1","Leap"],"picked":"SKIP","floor":24.0},{"not_picked":["Rebound+1","Beam Cell+1"],"picked":"Hologram","floor":27.0},{"not_picked":["Conserve Battery","White Noise"],"picked":"Seek","floor":29.0},{"not_picked":["Steam","Rebound+1"],"picked":"Barrage+1","floor":31.0},{"not_picked":["Rainbow","Buffer"],"picked":"Biased Cognition","floor":33.0},{"not_picked":["Sweeping Beam+1"],"picked":"SKIP","floor":35.0},{"not_picked":["Blizzard+1"],"picked":"SKIP","floor":41.0},{"not_picked":[],"picked":"Undo+1","floor":42.0},{"not_picked":[],"picked":"Conserve Battery+1","floor":45.0},{"not_picked":["Auto Shields+1"],"picked":"SKIP","floor":46.0},{"not_picked":["Rebound+1"],"picked":"SKIP","floor":47.0},{"not_picked":["Redo"],"picked":"SKIP","floor":48.0},{"not_picked":["Darkness"],"picked":"SKIP","floor":55}],"player_experience":1961987,"relics_obtained":[{"floor":9.0,"key":"Ancient Tea Set"},{"floor":11.0,"key":"Torii"},{"floor":19.0,"key":"Necronomicon"},{"floor":24.0,"key":"Sundial"},{"floor":26.0,"key":"The Courier"},{"floor":31.0,"key":"aspiration:HatOfInfinitePower"},{"floor":39.0,"key":"Meat on the Bone"},{"floor":41.0,"key":"Ice Cream"},{"floor":42.0,"key":"Thread and Needle"},{"floor":46.0,"key":"War Paint"},{"floor":48.0,"key":"Vajra"},{"floor":55,"key":"White Beast Statue"}],"event_choices":[{"damage_healed":0.0,"max_hp_gain":0.0,"max_hp_loss":7.0,"gold_gain":0.0,"event_name":"Golden Idol","player_choice":"Lose Max HP","floor":5.0,"gold_loss":0.0,"damage_taken":0.0,"relics_obtained":["Golden Idol"]},{"damage_healed":0.0,"max_hp_gain":0.0,"max_hp_loss":0.0,"gold_gain":0.0,"event_name":"Cursed Tome","player_choice":"Obtained Book","floor":19.0,"gold_loss":0.0,"damage_taken":21.0},{"damage_healed":0.0,"max_hp_gain":0.0,"max_hp_loss":0.0,"gold_gain":0.0,"cards_transformed":["Strike_B","Strike_B"],"event_name":"Drug Dealer","player_choice":"Became Test Subject","floor":28.0,"gold_loss":0.0,"damage_taken":0.0,"cards_obtained":["Chaos","Go for the Eyes"]},{"damage_healed":0.0,"max_hp_gain":0.0,"max_hp_loss":0.0,"gold_gain":333.0,"event_name":"The Moai Head","player_choice":"Gave Idol","floor":37.0,"relics_lost":["Golden Idol"],"gold_loss":0.0,"damage_taken":0.0},{"damage_healed":0.0,"max_hp_gain":0.0,"max_hp_loss":3.0,"gold_gain":0.0,"event_name":"Winding Halls","player_choice":"Max HP","floor":38.0,"gold_loss":0.0,"damage_taken":0.0},{"damage_healed":0.0,"max_hp_gain":0.0,"max_hp_loss":0.0,"gold_gain":0.0,"event_name":"MindBloom","player_choice":"Fight","floor":42.0,"gold_loss":0.0,"damage_taken":0.0}],"is_beta":false,"boss_relics":[{"not_picked":["Runic Dome","Sozu"],"picked":"Inserter"},{"not_picked":["Velvet Choker","Nuclear Battery"],"picked":"Busted Crown"}],"items_purged_floors":[8,36,44],"is_endless":false,"potions_floor_spawned":[2,3,12,20,22,29,33,41,47,48],"killed_by":"The Heart","ascension_level":20}}