{"host":"mwb0clku6crgv6yl","time":1612959242,"event":{"mods":["AchievementEnabler","BaseMod","Highlight Path","Koishi","Minty Spire (QoL Compilation)","Replay The Spire","StSLib","The Administrix","The Construct","The Cursed","The Gatherer","The Hierophant"],"gold_per_floor":[116,130,1,1,1,1,36,111,137,174,183,209,230,230,230,341,341,363,408,408,433,452,452,452],"floor_reached":23,"language":"ZHS","playtime":872,"items_purged":[],"score":305,"play_id":"74acad09-c9ff-4358-9a3e-af4554f0c134","local_time":"20210210201402","is_ascension_mode":true,"campfire_choices":[{"data":"TheCursedMod:EmpowerCircles","floor":6.0,"key":"SMITH"},{"floor":15,"key":"REST"}],"circlet_count":0,"master_deck":["TheCursedMod:Defend_TheCursed","TheCursedMod:Defend_TheCursed","TheCursedMod:Defend_TheCursed","TheCursedMod:CursedWand","TheCursedMod:CleanUpWorkshop","TheCursedMod:Dregs","TheCursedMod:RapidMovement","TheCursedMod:CursedMace","TheCursedMod:EmpowerCircles+1","TheCursedMod:CursedAmulet+1","TheCursedMod:CircleOfAbyss","TheCursedMod:CursedShiv+1","TheCursedMod:CursedArmor","TheCursedMod:CursedShiv+1","TheCursedMod:SpitefulStrike+1","TheCursedMod:VoidForm","TheCursedMod:ReleasedStrength","Bite+1","Bite+1","Bite+1","Bite+1","Bite+1","TheCursedMod:WearCloak+1","TheCursedMod:Hemoplague"],"relics":["TheCursedMod:BlackMagic101","NeowsBlessing","ReplayTheSpireMod:CursedCoin","Molten Egg 2","Mummified Hand","CeramicFish","TheCursedMod:CrystalBall","SlaversCollar","White Beast Statue"],"acts_visited":["Exordium","TheCity"],"potions_floor_usage":[16,16,23,23],"damage_taken":[{"damage":0.0,"enemies":"Jaw Worm","floor":1.0,"turns":1.0},{"damage":0.0,"enemies":"Small Slimes","floor":2.0,"turns":1.0},{"damage":0.0,"enemies":"3 Sentries","floor":7.0,"turns":2.0},{"damage":33,"enemies":"Gremlin Nob","floor":10,"turns":6},{"damage":1,"enemies":"2 Louse","floor":12,"turns":3},{"damage":0,"enemies":"2 Fungi Beasts","floor":13,"turns":2},{"damage":36,"enemies":"Hexaghost","floor":16,"turns":11},{"damage":24,"enemies":"3 Byrds","floor":18,"turns":6},{"damage":13,"enemies":"Spheric Guardian","floor":21,"turns":4},{"damage":33,"enemies":"Centurion and Healer","floor":22,"turns":7},{"damage":31,"enemies":"Slavers","floor":23,"turns":3}],"seed_played":"6811871709559695776","potions_obtained":[{"floor":2.0,"key":"SkillPotion"},{"floor":13,"key":"Energy Potion"},{"floor":16,"key":"CultistPotion"},{"floor":18,"key":"Ancient Potion"},{"floor":21,"key":"PowerPotion"}],"is_trial":false,"path_per_floor":["M","M","$","?","?","R","E","?","T","E","?","M","M","?","R","B",null,"M","?","T","M","M","E"],"character_chosen":"THE_CURSED","items_purchased":["ReplayTheSpireMod:CursedCoin","Molten Egg 2","TheCursedMod:EmpowerCircles"],"campfire_rested":1,"item_purchase_floors":[3,3,3],"current_hp_per_floor":[75,75,75,68,68,68,68,57,57,24,24,23,23,23,45,9,59,35,35,35,28,22,0,0],"gold":452,"neow_bonus":"THREE_ENEMY_KILL","is_daily":false,"chose_seed":false,"campfire_upgraded":1,"win_rate":0.0,"timestamp":1612959242,"path_taken":["M","M","$","?","?","R","E","?","T","E","?","?","M","?","R","BOSS","M","?","?","?","M","E"],"items_purchased_type":["Relic","Relic","Card"],"build_version":"2020-12-22","purchased_purges":0,"victory":false,"max_hp_per_floor":[75,75,75,75,75,75,75,75,75,75,75,75,75,75,75,75,75,75,52,52,52,52,52,52],"card_choices":[{"not_picked":["TheCursedMod:Wield","TheCursedMod:Obscuration"],"picked":"TheCursedMod:RapidMovement","floor":1.0},{"not_picked":["TheCursedMod:FleshFromBone","TheCursedMod:CircleOfCorruption"],"picked":"TheCursedMod:CursedMace","floor":2.0},{"not_picked":["TheCursedMod:CursedAmulet","TheCursedMod:SmokeScreen"],"picked":"TheCursedMod:CircleOfAbyss","floor":7.0},{"not_picked":["TheCursedMod:RavingStaff+1","TheCursedMod:RapidMovement"],"picked":"TheCursedMod:CursedShiv+1","floor":10},{"not_picked":["TheCursedMod:Stretching","TheCursedMod:CircleOfAmplification"],"picked":"TheCursedMod:CursedShiv+1","floor":12},{"not_picked":["TheCursedMod:VitalStrike+1","TheCursedMod:ManaBullet+1"],"picked":"TheCursedMod:SpitefulStrike+1","floor":13},{"not_picked":["TheCursedMod:ForbiddenAlchemy","TheCursedMod:CircleOfAbyss"],"picked":"TheCursedMod:VoidForm","floor":16},{"not_picked":["TheCursedMod:SpitefulStrike+1","TheCursedMod:CursedBlade+1"],"picked":"TheCursedMod:ReleasedStrength","floor":18},{"not_picked":["TheCursedMod:FleshFromBone","TheCursedMod:DoubleShield"],"picked":"TheCursedMod:WearCloak+1","floor":21},{"not_picked":["TheCursedMod:Stretching","TheCursedMod:VitalStrike+1"],"picked":"TheCursedMod:Hemoplague","floor":22}],"player_experience":283868,"relics_obtained":[{"floor":7.0,"key":"Mummified Hand"},{"floor":9.0,"key":"CeramicFish"},{"floor":10,"key":"TheCursedMod:CrystalBall"},{"floor":20,"key":"White Beast Statue"}],"event_choices":[{"cards_removed":["Languid"],"damage_healed":0.0,"max_hp_gain":0.0,"max_hp_loss":0.0,"gold_gain":0.0,"event_name":"Golden Wing","player_choice":"Card Removal","floor":4.0,"gold_loss":0.0,"damage_taken":7.0},{"damage_healed":0.0,"max_hp_gain":0.0,"max_hp_loss":0.0,"gold_gain":75.0,"event_name":"World of Goop","player_choice":"Gather Gold","floor":8.0,"gold_loss":0.0,"damage_taken":11.0},{"damage_healed":0,"gold_gain":0,"cards_transformed":["TheCursedMod:Strike_TheCursed"],"player_choice":"Change","damage_taken":0,"max_hp_gain":0,"max_hp_loss":0,"event_name":"Living Wall","floor":11,"gold_loss":0,"cards_obtained":["TheCursedMod:CursedArmor"]},{"damage_healed":0,"gold_gain":0,"player_choice":"Ignored","damage_taken":0,"max_hp_gain":0,"max_hp_loss":0,"event_name":"Shining Light","floor":14,"gold_loss":0},{"damage_healed":0,"gold_gain":0,"player_choice":"Became a vampire","damage_taken":0,"max_hp_gain":0,"max_hp_loss":23,"event_name":"Vampires","floor":19,"gold_loss":0,"cards_obtained":["Bite","Bite","Bite","Bite","Bite"]}],"is_beta":false,"boss_relics":[{"not_picked":["Velvet Choker","TheCursedMod:BlackMagicAdvanced"],"picked":"SlaversCollar"}],"items_purged_floors":[],"is_endless":false,"potions_floor_spawned":[2,13,16,18,21,22],"killed_by":"Slavers","ascension_level":5}}