{"host":"z609fbm6pkeriks8","time":1612924809,"event":{"mods":["AchievementEnabler","BaseMod","Colored Map","Colored Powertips","Highlight Path","Minty Spire (QoL Compilation)","StSLib"],"gold_per_floor":[113,113,129,193,193,193,228,288,288,321,321,339,350,400,400,502,502,521,571,110,130,144,154,154,204,253,329,329,372,394,423,423,423,423],"floor_reached":33,"language":"ZHS","playtime":1080,"items_purged":[],"score":304,"play_id":"59246b4f-a9a3-46bc-bb89-a06d8ae99a80","local_time":"20210210104009","daily_mods":["SealedDeck"],"is_ascension_mode":false,"campfire_choices":[{"data":"Anger","floor":6,"key":"SMITH"},{"data":"Inflame","floor":15,"key":"SMITH"},{"floor":24,"key":"REST"},{"floor":28,"key":"REST"},{"floor":32,"key":"REST"}],"circlet_count":0,"master_deck":["Rage","Clash","Dark Embrace","Anger+1","Clash","Clash","Clash","Clash","Feel No Pain","Feed","Inflame+1","Bludgeon","Corruption","Barricade","Rampage","Evolve","Second Wind","Battle Trance","Spot Weakness","Bloodletting","Dark Embrace"],"relics":["Burning Blood","SsserpentHead","Potion Belt","Ornamental Fan","Turnip","Fusion Hammer","Medical Kit","Blue Candle","Nunchaku","CeramicFish","Red Skull"],"acts_visited":["Exordium","TheCity"],"potions_floor_usage":[29,31,31],"damage_taken":[{"damage":2,"enemies":"Jaw Worm","floor":1,"turns":2},{"damage":0,"enemies":"Cultist","floor":3,"turns":2},{"damage":0,"enemies":"Small Slimes","floor":4,"turns":2},{"damage":9,"enemies":"Lagavulin","floor":7,"turns":3},{"damage":0,"enemies":"Blue Slaver","floor":8,"turns":1},{"damage":6,"enemies":"3 Sentries","floor":10,"turns":5},{"damage":13,"enemies":"Red Slaver","floor":12,"turns":2},{"damage":9,"enemies":"2 Fungi Beasts","floor":13,"turns":3},{"damage":59,"enemies":"The Guardian","floor":16,"turns":7},{"damage":20,"enemies":"3 Byrds","floor":18,"turns":4},{"damage":0,"enemies":"Spheric Guardian","floor":21,"turns":3},{"damage":23,"enemies":"Chosen and Byrds","floor":22,"turns":4},{"damage":37,"enemies":"3 Cultists","floor":23,"turns":6},{"damage":41,"enemies":"Book of Stabbing","floor":29,"turns":5},{"damage":0,"enemies":"Centurion and Healer","floor":30,"turns":4},{"damage":17,"enemies":"Snecko","floor":31,"turns":5},{"damage":85,"enemies":"Automaton","floor":33,"turns":6}],"seed_played":"-8726508255641092399","potions_obtained":[{"floor":3,"key":"FearPotion"},{"floor":10,"key":"Swift Potion"},{"floor":12,"key":"Weak Potion"},{"floor":16,"key":"SkillPotion"},{"floor":18,"key":"ElixirPotion"},{"floor":22,"key":"PowerPotion"},{"floor":30,"key":"Fire Potion"},{"floor":31,"key":"BloodPotion"}],"is_trial":true,"path_per_floor":["M","?","M","M","$","R","E","M","T","E","?","M","M","?","R","B",null,"M","?","$","M","M","M","R","?","T","T","R","E","M","M","R","B"],"character_chosen":"IRONCLAD","items_purchased":["Rampage","Medical Kit","Blue Candle"],"campfire_rested":3,"item_purchase_floors":[20,20,20],"current_hp_per_floor":[80,80,80,80,80,80,77,80,80,80,80,73,73,83,83,30,83,69,69,69,75,61,33,59,59,59,59,85,50,56,45,71,0,0],"gold":423,"neow_bonus":"","is_daily":false,"chose_seed":false,"campfire_upgraded":2,"win_rate":0.0,"timestamp":1612924809,"path_taken":["M","?","M","?","$","R","E","?","T","E","?","M","M","?","R","BOSS","M","?","$","M","M","M","R","?","T","?","R","E","M","M","R","BOSS"],"items_purchased_type":["Card","Relic","Relic"],"build_version":"2020-12-22","purchased_purges":0,"victory":false,"max_hp_per_floor":[80,80,80,80,80,80,80,80,80,80,80,80,83,83,83,83,83,83,83,83,83,86,89,89,89,89,89,89,89,89,89,89,89,89],"card_choices":[{"not_picked":["Iron Wave","Wild Strike","Perfected Strike"],"picked":"SKIP","floor":1},{"not_picked":["Reckless Charge","Pommel Strike","True Grit"],"picked":"SKIP","floor":3},{"not_picked":["Cleave","True Grit","Iron Wave"],"picked":"SKIP","floor":4},{"not_picked":["Clothesline","True Grit"],"picked":"Feel No Pain","floor":7},{"not_picked":["Headbutt","True Grit","Dropkick"],"picked":"SKIP","floor":8},{"not_picked":["Cleave","Clothesline"],"picked":"Feed","floor":10},{"not_picked":["Headbutt","Sentinel"],"picked":"Inflame","floor":12},{"not_picked":["Thunderclap","Shrug It Off"],"picked":"Reckless Charge","floor":13},{"not_picked":["Corruption","Exhume"],"picked":"Bludgeon","floor":16},{"not_picked":["Wild Strike+1","Dual Wield+1"],"picked":"True Grit+1","floor":18},{"not_picked":["Havoc","Burning Pact+1","Thunderclap"],"picked":"SKIP","floor":21},{"not_picked":["Power Through","Havoc+1"],"picked":"Evolve","floor":22},{"not_picked":["Shrug It Off","Shockwave"],"picked":"Second Wind","floor":23},{"not_picked":["Barricade","Havoc"],"picked":"Spot Weakness","floor":29},{"not_picked":["Flex","Rampage"],"picked":"Bloodletting","floor":30},{"not_picked":["Clash","Combust"],"picked":"Dark Embrace","floor":31}],"player_experience":56676,"relics_obtained":[{"floor":7,"key":"Potion Belt"},{"floor":9,"key":"Ornamental Fan"},{"floor":10,"key":"Turnip"},{"floor":26,"key":"Nunchaku"},{"floor":27,"key":"CeramicFish"},{"floor":29,"key":"Red Skull"}],"event_choices":[{"damage_healed":0,"gold_gain":0,"player_choice":"Trade","damage_taken":0,"relics_obtained":["SsserpentHead"],"max_hp_gain":0,"max_hp_loss":0,"event_name":"FaceTrader","floor":2,"gold_loss":0},{"cards_removed":["Rage"],"damage_healed":0,"gold_gain":0,"player_choice":"Card Removal","damage_taken":0,"max_hp_gain":0,"max_hp_loss":0,"event_name":"The Cleric","floor":11,"gold_loss":50},{"cards_removed":["Rage"],"damage_healed":10,"gold_gain":0,"player_choice":"Offered Uncommon","damage_taken":0,"max_hp_gain":0,"max_hp_loss":0,"event_name":"Bonfire Elementals","floor":14,"gold_loss":0},{"damage_healed":0,"gold_gain":0,"cards_transformed":["True Grit","Reckless Charge"],"player_choice":"Became Test Subject","damage_taken":0,"max_hp_gain":0,"max_hp_loss":0,"event_name":"Drug Dealer","floor":19,"gold_loss":0,"cards_obtained":["Corruption","Barricade"]},{"damage_healed":0,"gold_gain":0,"player_choice":"Read","damage_taken":0,"max_hp_gain":0,"max_hp_loss":0,"event_name":"The Library","floor":25,"gold_loss":0,"cards_obtained":["Battle Trance"]}],"is_beta":false,"boss_relics":[{"not_picked":["Snecko Eye","Sozu"],"picked":"Fusion Hammer"}],"items_purged_floors":[],"is_endless":false,"potions_floor_spawned":[3,10,12,16,18,22,30,31],"killed_by":"Automaton","ascension_level":0}}