{"host":"bg4zdvygm46ags0b","time":1612922599,"event":{"mods":["BaseMod","GifTheSpireLib","Marisa????????","Minty Spire (QoL Compilation)","Remilia??????","StSLib","The Mystic","The Servant 0.9.4"],"gold_per_floor":[115,190,205,217,231,265,265],"floor_reached":6,"language":"ENG","playtime":419,"items_purged":[],"score":48,"play_id":"d09e1f44-b111-4846-b567-64a15d230bb1","local_time":"20210210120319","is_ascension_mode":false,"campfire_choices":[],"circlet_count":0,"master_deck":["mysticmod:Strike_Mystic","mysticmod:Strike_Mystic","mysticmod:Strike_Mystic","mysticmod:Strike_Mystic","mysticmod:Defend_Mystic","mysticmod:Defend_Mystic","mysticmod:Defend_Mystic","mysticmod:Defend_Mystic","mysticmod:ArcaneDodge","mysticmod:ShockingGrasp","mysticmod:ComboCaster","mysticmod:PowerSlash","mysticmod:CorrosiveTouch","mysticmod:Alacrity"],"relics":["mysticmod:SpellBook","NeowsBlessing","PreservedInsect"],"acts_visited":["Exordium"],"potions_floor_usage":[],"damage_taken":[{"damage":0,"enemies":"Jaw Worm","floor":1,"turns":1},{"damage":0,"enemies":"Cultist","floor":3,"turns":1},{"damage":0,"enemies":"Small Slimes","floor":4,"turns":1},{"damage":4,"enemies":"Gremlin Gang","floor":5,"turns":4},{"damage":57,"enemies":"Lagavulin","floor":6,"turns":10}],"seed_played":"3251412574804081936","potions_obtained":[{"floor":4,"key":"EntropicBrew"},{"floor":5,"key":"EntropicBrew"}],"is_trial":false,"path_per_floor":["M","?","M","M","M","E"],"character_chosen":"MYSTIC_CLASS","items_purchased":[],"campfire_rested":0,"item_purchase_floors":[],"current_hp_per_floor":[77,70,70,70,66,9,9],"gold":265,"neow_bonus":"THREE_ENEMY_KILL","is_daily":false,"chose_seed":false,"campfire_upgraded":0,"win_rate":0.0,"timestamp":1612922599,"path_taken":["M","?","M","M","M","E"],"items_purchased_type":[],"build_version":"2020-12-22","purchased_purges":0,"victory":false,"max_hp_per_floor":[77,77,77,77,77,77,77],"card_choices":[{"not_picked":["mysticmod:BulkUp","mysticmod:Flurry"],"picked":"mysticmod:ComboCaster","floor":1},{"not_picked":["mysticmod:Daze","mysticmod:PowerAttack"],"picked":"mysticmod:PowerSlash","floor":3},{"not_picked":["mysticmod:Riposte","mysticmod:Shield"],"picked":"mysticmod:CorrosiveTouch","floor":4},{"not_picked":["mysticmod:EnergizedRift","mysticmod:Riposte"],"picked":"mysticmod:Alacrity","floor":5},{"not_picked":["mysticmod:Sideswipe","mysticmod:LightningBolt","mysticmod:StyleChange"],"picked":"SKIP","floor":6},{"not_picked":["mysticmod:Sideswipe","mysticmod:LightningBolt","mysticmod:StyleChange"],"picked":"SKIP","floor":6}],"player_experience":98529,"relics_obtained":[{"floor":6,"key":"PreservedInsect"}],"event_choices":[{"damage_healed":0,"gold_gain":75,"player_choice":"Touch","damage_taken":7,"max_hp_gain":0,"max_hp_loss":0,"event_name":"FaceTrader","floor":2,"gold_loss":0}],"is_beta":false,"boss_relics":[],"items_purged_floors":[],"is_endless":false,"potions_floor_spawned":[4,5,6],"killed_by":"Lagavulin","ascension_level":0}}