{"host":"wyloba13dxa5qu9d","time":1612951042,"event":{"mods":["100% Spire Juice","AchievementEnabler","BaseMod","Bestiary","Colored Map","Colored Powertips","Curses Come First","Downfall","Lobotomy","Marked Mod","Minty Spire (QoL Compilation)","Quick Restart","StSLib","SuperFastMode"],"gold_per_floor":[116,131,149,39,39,39,58,58,128,8,21,33,50,50,50,151,151,162,181,200,219,135,135,28,28,28,47,58,89,49,63,63,158,38,51,62,62,82,95,95,105,119,119,134,14,28,38,52,52,52,52,52,52,16,42,42,42],"floor_reached":56,"language":"ZHS","playtime":3422,"items_purged":[],"score":702,"play_id":"7ff42f77-b52c-419a-8362-3b51a9811a6b","local_time":"20210210175722","is_ascension_mode":false,"campfire_choices":[{"data":"Moonworks:RedAndBlue","floor":6.0,"key":"SMITH"},{"floor":15.0,"key":"REST"},{"data":"Moonworks:Defend","floor":23.0,"key":"SMITH"},{"floor":25.0,"key":"REST"},{"floor":32.0,"key":"RECALL"},{"floor":40.0,"key":"REST"},{"floor":49.0,"key":"REST"},{"floor":53.0,"key":"REST"}],"circlet_count":0,"master_deck":["Moonworks:Strike","Moonworks:Strike","Moonworks:Strike","Moonworks:Strike","Moonworks:Defend","Moonworks:Defend","Moonworks:Defend","Moonworks:Defend+1","Moonworks:Ambush+1","Moonworks:LongDistanceShot","Moonworks:RedAndBlue+1","Moonworks:Assault","Moonworks:NicePresent","Moonworks:AwakeningOfTalent+1","Moonworks:NicePresent","Moonworks:LulusLuckyEgg+1","Moonworks:SakisCookie+1","Moonworks:BigMagnum+1","Moonworks:RagingMadness+1","Bandage Up+1","Moonworks:BigBangBell+1","Moonworks:BindingChains+1","Moonworks:Wanted+1","Moonworks:WindyEnchantment+1","Moonworks:CrystalBarrier","Parasite","Moonworks:SakisCookie+1","Moonworks:MiracleRedBeanIceCream+1","Moonworks:AwakeningOfTalent+1","Moonworks:Dash+1","Moonworks:MixPhenomenon+1","Moonworks:TacticalRetreat+1","Moonworks:BigMagnum+1","Moonworks:RagingMadness"],"relics":["Moonworks:BrokenBomb","Moonworks:Homemark","Toxic Egg 2","Sozu","Oddly Smooth Stone","Unceasing Top","Fusion Hammer","Bronze Scales"],"acts_visited":["Exordium","TheCity","TheBeyond","TheEnding"],"potions_floor_usage":[56,56,56],"damage_taken":[{"damage":0.0,"enemies":"Cultist","floor":1.0,"turns":3.0},{"damage":2.0,"enemies":"Jaw Worm","floor":2.0,"turns":3.0},{"damage":2.0,"enemies":"2 Louse","floor":3.0,"turns":2.0},{"damage":17.0,"enemies":"Exordium Thugs","floor":4.0,"turns":6.0},{"damage":9.0,"enemies":"2 Fungi Beasts","floor":7.0,"turns":3.0},{"damage":5.0,"enemies":"3 Louse","floor":11.0,"turns":2.0},{"damage":0.0,"enemies":"Red Slaver","floor":12.0,"turns":2.0},{"damage":0.0,"enemies":"Exordium Thugs","floor":13.0,"turns":4.0},{"damage":13.0,"enemies":"Slime Boss","floor":16.0,"turns":8.0},{"damage":6.0,"enemies":"Spheric Guardian","floor":18.0,"turns":2.0},{"damage":12.0,"enemies":"3 Byrds","floor":19.0,"turns":6.0},{"damage":7.0,"enemies":"3 Cultists","floor":20.0,"turns":5.0},{"damage":19.0,"enemies":"Snecko","floor":21.0,"turns":6.0},{"damage":3.0,"enemies":"Cultist and Chosen","floor":24.0,"turns":5.0},{"damage":1.0,"enemies":"Snake Plant","floor":27.0,"turns":4.0},{"damage":6.0,"enemies":"Centurion and Healer","floor":28.0,"turns":5.0},{"damage":10.0,"enemies":"Slavers","floor":29.0,"turns":5.0},{"damage":6.0,"enemies":"Snecko","floor":31.0,"turns":5.0},{"damage":62.0,"enemies":"Champ","floor":33.0,"turns":8.0},{"damage":6.0,"enemies":"Orb Walker","floor":35.0,"turns":2.0},{"damage":21.0,"enemies":"3 Shapes","floor":36.0,"turns":3.0},{"damage":6.0,"enemies":"Writhing Mass","floor":38.0,"turns":4.0},{"damage":11.0,"enemies":"Transient","floor":39.0,"turns":5.0},{"damage":15.0,"enemies":"4 Shapes","floor":41.0,"turns":5.0},{"damage":16.0,"enemies":"Sphere and 2 Shapes","floor":42.0,"turns":5.0},{"damage":24.0,"enemies":"3 Darklings","floor":44.0,"turns":4.0},{"damage":4.0,"enemies":"Spire Growth","floor":46.0,"turns":7.0},{"damage":6.0,"enemies":"Transient","floor":47.0,"turns":5.0},{"damage":6.0,"enemies":"Jaw Worm Horde","floor":48.0,"turns":5.0},{"damage":12.0,"enemies":"Time Eater","floor":50.0,"turns":15.0},{"damage":20.0,"enemies":"Shield and Spear","floor":55.0,"turns":6.0},{"damage":81,"enemies":"The Heart","floor":56,"turns":6}],"seed_played":"7443247311357573935","potions_obtained":[{"floor":7.0,"key":"champ:CounterPotion"},{"floor":11.0,"key":"PowerPotion"},{"floor":12.0,"key":"Dexterity Potion"}],"is_trial":false,"path_per_floor":["M","M","M","M","$","R","M","?","T","?","M","M","M","?","R","B",null,"M","M","M","M","$","R","M","R","T","M","M","E","?","M","R","B",null,"M","M","$","M","M","R","M","M","T","M","$","M","M","M","R","B",null,null,"R","$","E","B"],"character_chosen":"THE_STARBREAKER","items_purchased":["Bandage Up+1","Moonworks:RagingMadness"],"campfire_rested":5,"item_purchase_floors":[22,54],"current_hp_per_floor":[60,58,56,39,39,39,30,35,35,35,30,30,33,33,52,42,65,59,50,46,30,30,30,36,55,55,57,60,59,59,59,59,6,65,65,47,47,47,48,65,59,60,60,53,53,65,65,65,65,62,62,65,65,65,62,0,0],"gold":42,"neow_bonus":"THREE_CARDS","is_daily":false,"chose_seed":false,"campfire_upgraded":2,"win_rate":0.0,"timestamp":1612951042,"path_taken":["M","M","M","M","?","R","M","?","T","?","?","M","M","?","R","BOSS","M","M","M","M","$","R","M","R","T","M","M","E","?","M","R","BOSS","M","M","?","M","?","R","M","M","T","M","?","M","M","M","R","BOSS","R","$","E","BOSS"],"items_purchased_type":["Card","Card"],"build_version":"2020-12-22","purchased_purges":0,"victory":false,"max_hp_per_floor":[60,60,60,60,60,60,60,65,65,65,65,65,65,65,65,65,65,65,65,65,65,65,65,65,65,65,65,65,65,65,65,65,65,65,65,65,65,65,65,65,65,65,65,65,65,65,65,65,65,65,65,65,65,65,65,65,65],"card_choices":[{"not_picked":["Moonworks:MixPhenomenon","Moonworks:EvilSpyWorkPreparation"],"picked":"Moonworks:RedAndBlue","floor":0.0},{"not_picked":["Moonworks:CloudOfSeagulls","Moonworks:DeployBits"],"picked":"Moonworks:Assault","floor":1.0},{"not_picked":["Moonworks:RagingMadness","Moonworks:Dinner"],"picked":"Moonworks:NicePresent","floor":2.0},{"not_picked":["Moonworks:EvilSpyWorkPreparation","Moonworks:JonathanRush"],"picked":"Moonworks:AwakeningOfTalent","floor":3.0},{"not_picked":["Moonworks:CloudOfSeagulls","Moonworks:TreasureThief"],"picked":"Moonworks:NicePresent","floor":4.0},{"not_picked":["Moonworks:Assault","Moonworks:EvilSpyWorkPreparation","Moonworks:JonathanRush"],"picked":"SKIP","floor":7.0},{"not_picked":["Moonworks:Dash+1","Moonworks:CloudOfSeagulls"],"picked":"Moonworks:LulusLuckyEgg+1","floor":11.0},{"not_picked":["Moonworks:BigMagnum+1","Moonworks:ImOnFire+1"],"picked":"Moonworks:SakisCookie+1","floor":12.0},{"not_picked":["Moonworks:JonathanRush","Moonworks:IndiscriminateFireSupport"],"picked":"Moonworks:BigMagnum+1","floor":13.0},{"not_picked":["Moonworks:CastOff+1","Moonworks:ForcedRevival+1","Moonworks:EvilSpyWorkPreparation+1"],"picked":"SKIP","floor":18.0},{"not_picked":["Moonworks:EvilSpyWorkPreparation+1","Moonworks:MixPhenomenon+1"],"picked":"Moonworks:RagingMadness","floor":19.0},{"not_picked":["Moonworks:IndiscriminateFireSupport","Moonworks:NicePresent+1","Moonworks:LulusLuckyEgg+1"],"picked":"SKIP","floor":20.0},{"not_picked":["Moonworks:DeployBits+1","Moonworks:ImOnFire+1","Moonworks:IndiscriminateFireSupport"],"picked":"SKIP","floor":21.0},{"not_picked":["Moonworks:CloudOfSeagulls","Moonworks:BigMagnum+1"],"picked":"Moonworks:BigBangBell+1","floor":24.0},{"not_picked":["Moonworks:EvilSpyWorkPreparation+1","Moonworks:BeyondHell+1"],"picked":"Moonworks:BindingChains+1","floor":27.0},{"not_picked":["Moonworks:AwakeningOfTalent","Moonworks:SealedMemories+1"],"picked":"Moonworks:Wanted+1","floor":28.0},{"not_picked":["Moonworks:SakisCookie+1","Moonworks:ReproductionOfRecords+1"],"picked":"Moonworks:WindyEnchantment+1","floor":29.0},{"not_picked":["Moonworks:CloudOfSeagulls","Moonworks:Assault","Moonworks:JonathanRush"],"picked":"SKIP","floor":31.0},{"not_picked":["Moonworks:Gamble","Moonworks:Blazing"],"picked":"Moonworks:CrystalBarrier","floor":33.0},{"not_picked":["Moonworks:NicePresent+1","Moonworks:DeployBits+1","Moonworks:JonathanRush"],"picked":"SKIP","floor":35.0},{"not_picked":["Moonworks:NicePresent+1","Moonworks:x16BigRocket","Moonworks:DeployBits+1"],"picked":"SKIP","floor":36.0},{"not_picked":["Moonworks:IntelligenceOfficer+1","Moonworks:NicePresent+1"],"picked":"Moonworks:SakisCookie+1","floor":38.0},{"not_picked":["Moonworks:SakisCookie+1","Moonworks:NicePresent+1","Moonworks:Wanted+1"],"picked":"SKIP","floor":39.0},{"not_picked":["Moonworks:SakisCookie+1","Moonworks:BigMagnum+1"],"picked":"Moonworks:MiracleRedBeanIceCream+1","floor":41.0},{"not_picked":["Moonworks:ScrambledEve+1","Moonworks:Poppoformation+1"],"picked":"Moonworks:AwakeningOfTalent+1","floor":42.0},{"not_picked":["Moonworks:AngelHand+1","Moonworks:LulusLuckyEgg+1"],"picked":"Moonworks:Dash+1","floor":44.0},{"not_picked":["Moonworks:LulusLuckyEgg+1","Moonworks:MiracleRedBeanIceCream+1"],"picked":"Moonworks:MixPhenomenon+1","floor":46.0},{"not_picked":["Moonworks:DeployBits+1","Moonworks:ImOnFire+1"],"picked":"Moonworks:TacticalRetreat+1","floor":47.0},{"not_picked":["Moonworks:IndiscriminateFireSupport+1","Moonworks:FullSpeedAlicianrone"],"picked":"Moonworks:BigMagnum+1","floor":48.0},{"not_picked":["Moonworks:StiffCrystal+1","Moonworks:LulusLuckyEgg+1","Moonworks:TreasureThief+1"],"picked":"SKIP","floor":55.0}],"player_experience":148075,"relics_obtained":[{"floor":9.0,"key":"Toxic Egg 2"},{"floor":26.0,"key":"Oddly Smooth Stone"},{"floor":29.0,"key":"Unceasing Top"},{"floor":55.0,"key":"Bronze Scales"}],"event_choices":[{"damage_healed":0.0,"max_hp_gain":5.0,"max_hp_loss":0.0,"gold_gain":0.0,"event_name":"Big Fish","player_choice":"Donut","floor":8.0,"gold_loss":0.0,"damage_taken":0.0},{"damage_healed":0.0,"max_hp_gain":0.0,"max_hp_loss":0.0,"gold_gain":0.0,"event_name":"Accursed Blacksmith","player_choice":"Forge","floor":10.0,"gold_loss":0.0,"damage_taken":0.0,"cards_upgraded":["Moonworks:Ambush"]},{"damage_healed":0.0,"max_hp_gain":0.0,"max_hp_loss":0.0,"gold_gain":0.0,"event_name":"Living Wall","player_choice":"Grow","floor":14.0,"gold_loss":0.0,"damage_taken":0.0,"cards_upgraded":["Moonworks:AwakeningOfTalent"]},{"damage_healed":0.0,"max_hp_gain":0.0,"max_hp_loss":0.0,"gold_gain":0.0,"event_name":"Designer","player_choice":"Upgrade","floor":30.0,"gold_loss":40.0,"damage_taken":0.0,"cards_upgraded":["Moonworks:RagingMadness"]}],"is_beta":false,"boss_relics":[{"not_picked":["Calling Bell","Empty Cage"],"picked":"Sozu"},{"not_picked":["Pandora\u0027s Box","Coffee Dripper"],"picked":"Fusion Hammer"}],"items_purged_floors":[],"is_endless":false,"potions_floor_spawned":[7,11,12,18,19,20,29,33,36,38,46],"killed_by":"The Heart","ascension_level":0}}