{"host":"bhj73plqr6q46rek","time":1612959270,"event":{"mods":["2.2 Compatiblity","Act Like it!","Arknights","Aspiration","BaseMod","Better Third Choice","BetterRewards","Bossed Relics","CapriCore","Conspire","Downfall","Energized Spire","Friendly Minions","Hubris","Infinite Spire","Jorbs\u0027s Wanderer Trilogy","Minty Spire (QoL Compilation)","Relic Sorter","Reliquary","Replay The Spire","Shade Mod","StSLib","The Administrix","The Alterego","The Immortal","The Mystic","The Servant 0.9.4","TheVelvet","WarShipGirlsR/??è≠èóR mod","Åy?ï®?îvÅzREMEMod"],"gold_per_floor":[113,113,125,125,136,136,171,182,182,192,192,125,138,149,149,248,248,261,274,373,373,373,402,420,440,440,458,458,458],"floor_reached":28,"language":"FRA","playtime":2112,"items_purged":[],"score":244,"play_id":"3ea24c23-101e-4afb-a97a-d9b7838f35ff","local_time":"20210210131430","is_ascension_mode":false,"campfire_choices":[{"data":"mysticmod:SummonFamiliar","floor":6,"key":"SMITH"},{"data":"mysticmod:SummonFamiliar","floor":11,"key":"SMITH"},{"data":"mysticmod:EbbAndFlow","floor":15,"key":"SMITH"}],"circlet_count":0,"master_deck":["mysticmod:Strike_Mystic","mysticmod:Strike_Mystic","mysticmod:Strike_Mystic","mysticmod:Strike_Mystic","mysticmod:Defend_Mystic","mysticmod:Defend_Mystic","mysticmod:Defend_Mystic","mysticmod:Defend_Mystic","mysticmod:ArcaneDodge","mysticmod:ShockingGrasp","hexamod:VolcanoVisage+1","mysticmod:SummonFamiliar+1","mysticmod:SummonFamiliar+1","mysticmod:EnchantedMoulinet","mysticmod:EbbAndFlow+1","mysticmod:Discipline","mysticmod:Dedication","mysticmod:ComboCaster"],"relics":["mysticmod:SpellBook","REME_ComplimentaryCards","Eternal Feather","reliquary:RedPaperclip","alterego_mod:FleetingLove","MutagenicStrength","reliquary:Boomerang","Frozen Egg 2"],"acts_visited":["Exordium","TheCity"],"potions_floor_usage":[16,23,27],"damage_taken":[{"damage":0,"enemies":"Jaw Worm","floor":1,"turns":4},{"damage":1,"enemies":"Cultist","floor":3,"turns":4},{"damage":3,"enemies":"2 Louse","floor":5,"turns":3},{"damage":26,"enemies":"Gremlin Nob","floor":7,"turns":6},{"damage":0,"enemies":"2 Fungi Beasts","floor":8,"turns":2},{"damage":10,"enemies":"Exordium Thugs","floor":10,"turns":4},{"damage":2,"enemies":"Lots of Slimes","floor":13,"turns":2},{"damage":0,"enemies":"3 Louse","floor":14,"turns":1},{"damage":22,"enemies":"The Guardian","floor":16,"turns":12},{"damage":4,"enemies":"conspire:FuzzyDice","floor":18,"turns":5},{"damage":4,"enemies":"Shell Parasite","floor":19,"turns":10},{"damage":40,"enemies":"Nightmare","floor":23,"turns":10},{"damage":8,"enemies":"Shelled Parasite and Fungi","floor":24,"turns":9},{"damage":9,"enemies":"conspire:HollyBat","floor":25,"turns":7},{"damage":10,"enemies":"Snake Plant","floor":27,"turns":5},{"damage":0,"enemies":"3 Cultists","floor":28,"turns":1}],"seed_played":"-1025281194150285269","potions_obtained":[{"floor":5,"key":"Dexterity Potion"},{"floor":7,"key":"BlessingOfTheForge"},{"floor":8,"key":"Regen Potion"},{"floor":14,"key":"LifebloodPotion"},{"floor":18,"key":"Languid Potion"},{"floor":27,"key":"Guardian:BlockOnCardUsePotion"}],"is_trial":false,"path_per_floor":["M","?","M","?","M","R","E","M","T","M","R","$","M","M","R","B",null,"M","M","?","?","?","NM","M","M","T","M","M"],"character_chosen":"MYSTIC_CLASS","items_purchased":["mysticmod:EbbAndFlow"],"campfire_rested":0,"item_purchase_floors":[12],"current_hp_per_floor":[77,77,76,76,73,73,47,47,47,37,43,43,41,41,50,28,77,73,69,69,69,69,38,30,21,21,11,11,11],"gold":458,"neow_bonus":"RANDOM_COMMON_RELIC","is_daily":false,"chose_seed":false,"campfire_upgraded":3,"win_rate":0.0,"timestamp":1612959270,"path_taken":["M","?","M","?","?","R","E","M","T","M","R","$","M","M","R","BOSS","M","M","?","?","?","NM","M","M","T","M","?"],"items_purchased_type":["Card"],"build_version":"2020-12-22","purchased_purges":0,"victory":false,"max_hp_per_floor":[77,77,77,77,77,77,77,77,77,77,77,77,77,77,77,77,77,77,77,77,77,77,77,77,77,77,77,77,77],"card_choices":[{"not_picked":["mysticmod:Grease","mysticmod:Stoneskin","mysticmod:ComponentsPouch"],"picked":"SKIP","floor":1},{"not_picked":["mysticmod:Sideswipe","mysticmod:Daze"],"picked":"mysticmod:SummonFamiliar","floor":3},{"not_picked":["mysticmod:DiviningBlow","mysticmod:SpellCombat"],"picked":"mysticmod:SummonFamiliar","floor":5},{"not_picked":["mysticmod:BulkUp","mysticmod:FloatingDisk"],"picked":"mysticmod:EnchantedMoulinet","floor":7},{"not_picked":["mysticmod:Grease","mysticmod:Snowball","mysticmod:Alacrity"],"picked":"SKIP","floor":8},{"not_picked":["mysticmod:Shield","mysticmod:Grease","mysticmod:Probe"],"picked":"SKIP","floor":10},{"not_picked":["mysticmod:BulkUp","mysticmod:PureInstinct","mysticmod:SuddenClarity"],"picked":"SKIP","floor":13},{"not_picked":["mysticmod:ComponentsPouch","mysticmod:HeavyStrike","mysticmod:Probe"],"picked":"SKIP","floor":14},{"not_picked":["mysticmod:Doublecast","mysticmod:MirrorEntity"],"picked":"mysticmod:Discipline","floor":16},{"not_picked":["mysticmod:Flurry+1","mysticmod:BladedDash+1"],"picked":"mysticmod:Dedication","floor":18},{"not_picked":["mysticmod:Riposte","mysticmod:CorrosiveTouch+1","mysticmod:HeavyStrike"],"picked":"SKIP","floor":19},{"not_picked":["mysticmod:EnergizedRift","mysticmod:ComponentsPouch","mysticmod:MirrorStrike+1"],"picked":"SKIP","floor":23},{"not_picked":["mysticmod:EnergizedRift","mysticmod:ComponentsPouch","mysticmod:MirrorStrike+1"],"picked":"SKIP","floor":23},{"not_picked":["mysticmod:ComponentsPouch","mysticmod:PunishingArmor+1"],"picked":"mysticmod:ComboCaster","floor":24},{"not_picked":["mysticmod:BulkUp+1","mysticmod:Grapple","mysticmod:Snowball"],"picked":"SKIP","floor":25},{"not_picked":["mysticmod:PureInstinct","mysticmod:TomeOfSpells","mysticmod:PowerAttack"],"picked":"SKIP","floor":27}],"player_experience":286340,"relics_obtained":[{"floor":7,"key":"Replay:Mystery Machine"},{"floor":9,"key":"Eternal Feather"},{"floor":23,"key":"reliquary:Boomerang"},{"floor":26,"key":"Frozen Egg 2"}],"event_choices":[{"damage_healed":0,"gold_gain":0,"player_choice":"Grow","damage_taken":0,"max_hp_gain":0,"max_hp_loss":0,"event_name":"Living Wall","floor":2,"gold_loss":0,"cards_upgraded":["hexamod:VolcanoVisage"]},{"damage_healed":0,"gold_gain":0,"player_choice":"Bought 0 Potions","damage_taken":0,"max_hp_gain":0,"max_hp_loss":0,"event_name":"The Woman in Blue","floor":4,"gold_loss":0},{"damage_healed":0,"gold_gain":99,"player_choice":"Steal","damage_taken":0,"max_hp_gain":0,"max_hp_loss":0,"event_name":"betterThird:BetterNest","floor":20,"gold_loss":0},{"damage_healed":0,"gold_gain":0,"player_choice":"Choice 1","damage_taken":0,"relics_obtained":["alterego_mod:FleetingLove"],"max_hp_gain":0,"max_hp_loss":0,"event_name":"Secret Garden","floor":21,"gold_loss":0},{"damage_healed":0,"gold_gain":0,"player_choice":"Inject Mutagens","damage_taken":0,"relics_obtained":["MutagenicStrength"],"max_hp_gain":0,"max_hp_loss":0,"event_name":"Drug Dealer","floor":22,"gold_loss":0}],"is_beta":false,"boss_relics":[{"not_picked":["Runic Pyramid","aspiration:DefectSkillbook"],"picked":"reliquary:RedPaperclip"}],"items_purged_floors":[],"is_endless":true,"potions_floor_spawned":[5,7,8,10,14,18,19,27],"killed_by":"3 Cultists","ascension_level":0}}