{"host":"7f01flv6y0vhl3vt","time":1612987859,"event":{"mods":["Act Like it!","BaseMod","Downfall","Minty Spire (QoL Compilation)","StSLib"],"gold_per_floor":[99,111,286,286,300,321,370,409,409,209,234,334,334,352,370,370,370,370],"floor_reached":16,"language":"ENG","playtime":1504,"items_purged":[],"score":252,"play_id":"20fc9ef5-c706-4f8b-8cee-bceb984ff883","local_time":"20210210151059","is_ascension_mode":false,"campfire_choices":[{"floor":1,"key":"RECALL"},{"floor":10,"key":"REST"},{"data":"hexamod:WildfireWeapon","floor":13,"key":"SMITH"}],"circlet_count":0,"master_deck":["hexamod:Strike","hexamod:Strike+1","hexamod:Strike","hexamod:Strike","hexamod:Defend","hexamod:Defend+1","hexamod:Defend","hexamod:Defend","hexamod:Sear","hexamod:Float+1","hexamod:Haunt","Doubt","hexamod:SecondSeal","hexamod:FastForward","hexamod:SpectersWail","downfall:Malfunctioning","hexamod:EtherealExpedition","downfall:Haunted","downfall:Haunted","downfall:Aged","hexamod:WildfireWeapon+1","downfall:Aged","downfall:Icky","hexamod:SpectralAdrenaline","hexamod:RecurringNightmare"],"relics":["hexamod:SpiritBrand","TungstenRod","Matryoshka","Nunchaku","Akabeko","downfall:HeartBlessingBlue","downfall:HeartBlessingRed","Darkstone Periapt"],"acts_visited":["Exordium"],"potions_floor_usage":[8,8,16,16,16,16],"damage_taken":[{"damage":5,"enemies":"2 Louse","floor":2,"turns":3},{"damage":9,"enemies":"Small Slimes","floor":5,"turns":3},{"damage":0,"enemies":"Jaw Worm","floor":6,"turns":4},{"damage":24,"enemies":"Lagavulin","floor":8,"turns":6},{"damage":2,"enemies":"Large Slime","floor":11,"turns":6},{"damage":10,"enemies":"3 Louse","floor":14,"turns":4},{"damage":11,"enemies":"Blue Slaver","floor":15,"turns":2},{"damage":64,"enemies":"DF_ARCHETYPE_STREAMLINE","floor":16,"turns":9}],"seed_played":"-2485389130732616741","potions_obtained":[{"floor":2,"key":"EntropicBrew"},{"floor":5,"key":"GamblersBrew"},{"floor":6,"key":"SteroidPotion"},{"floor":14,"key":"SpeedPotion"}],"is_trial":false,"path_per_floor":["R","M","?","?","M","M","T","E","?","R","M","?","R","M","M","B"],"character_chosen":"THE_SPIRIT","items_purchased":[],"campfire_rested":1,"item_purchase_floors":[],"current_hp_per_floor":[63,58,58,49,40,40,40,16,16,47,45,80,80,70,59,0,0,0],"gold":370,"neow_bonus":"ONE_RARE_RELIC","is_daily":false,"chose_seed":false,"campfire_upgraded":1,"win_rate":0.0,"timestamp":1612987859,"path_taken":["R","M","?","?","M","M","T","E","?","R","M","?","R","M","M","BOSS"],"items_purchased_type":[],"build_version":"2020-12-22","purchased_purges":0,"victory":false,"max_hp_per_floor":[63,63,63,63,63,63,63,63,63,73,73,108,108,108,108,108,108,108],"card_choices":[{"not_picked":["hexamod:FourthSeal","hexamod:NecessarySacrifice"],"picked":"hexamod:Haunt","floor":2},{"not_picked":["hexamod:GhostShield","hexamod:Rewind"],"picked":"hexamod:SecondSeal","floor":5},{"not_picked":["hexamod:AdvancingGuard","hexamod:ThermalTransfer"],"picked":"hexamod:FastForward","floor":6},{"not_picked":["hexamod:NightmareStrike","hexamod:ShieldOfDarkness"],"picked":"hexamod:SpectersWail","floor":8},{"not_picked":["hexamod:InspiringFlames","hexamod:HeatMetal"],"picked":"hexamod:EtherealExpedition","floor":11},{"not_picked":["hexamod:SpectralSpark","hexamod:ExtraCrispy"],"picked":"hexamod:SpectralAdrenaline","floor":14},{"not_picked":["hexamod:Firestarter","hexamod:HauntingEcho"],"picked":"hexamod:RecurringNightmare","floor":15}],"player_experience":1705530,"relics_obtained":[{"floor":7,"key":"Nunchaku"},{"floor":8,"key":"Akabeko"}],"event_choices":[{"damage_healed":0,"gold_gain":0,"player_choice":"Success","damage_taken":12,"relics_obtained":["Matryoshka"],"max_hp_gain":0,"max_hp_loss":0,"event_name":"Scrap Ooze","floor":4,"gold_loss":0}],"is_beta":false,"boss_relics":[],"items_purged_floors":[],"is_endless":false,"potions_floor_spawned":[2,5,6,14],"killed_by":"DF_ARCHETYPE_STREAMLINE","ascension_level":0}}