{"host":"Ringo","time":1612963358,"event":{"mods":["BaseMod","Colored Map","Conspire","Dota2Spire","Hubris","Minty Spire (QoL Compilation)","Replay The Spire","StSLib","The Construct","[IsaacMod]ÒÔÈö¼âËþ","¡¾ÒÅÎï¿¨ÅÆ¡¿REMEMod"],"gold_per_floor":[111,111,111,76,76,76,76],"floor_reached":6,"language":"ZHS","playtime":141,"items_purged":[],"score":64,"play_id":"20ac4a82-7225-4155-a4b2-77a2d039e5ae","local_time":"20210210212238","daily_mods":["Draft","Vintage","Red Cards","Purple Cards","Colorless Cards","Heirloom","Time Dilation","Flight","DeadlyEvents","Elite Swarm","Lethality","Binary"],"is_ascension_mode":true,"campfire_choices":[],"circlet_count":0,"master_deck":["AscendersBane","construct:ClockworkEgg","Evaluate","Consecrate","Anger","hubris:ReadiedAction","EmptyBody","FlyingSleeves","Replay:Undeath\u0027s Touch","ClearTheMind","Shrug It Off","Protect","Bloodletting","Ghostly Armor","REME_MusicOfDeath","REME_Cut"],"relics":["Burning Blood","Busted Crown","HushsDoor","REME_ComplimentaryCards","replay:Trail_Library","hubris:BundleOfHerbs","GuppysPaw","InkBottle","Ancient Tea Set","hubris:Towel","Ornamental Fan"],"acts_visited":["Exordium"],"potions_floor_usage":[],"damage_taken":[{"damage":0,"enemies":"2 Louse","floor":1,"turns":3},{"damage":0,"enemies":"Replay:BlueRogue","floor":6,"turns":2}],"seed_played":"8171052250021435585","potions_obtained":[],"is_trial":true,"path_per_floor":["M","?","?","?","?","E"],"character_chosen":"IRONCLAD","items_purchased":[],"campfire_rested":0,"item_purchase_floors":[],"current_hp_per_floor":[60,45,45,60,60,60,60],"gold":76,"neow_bonus":"","is_daily":false,"chose_seed":false,"campfire_upgraded":0,"win_rate":0.0,"timestamp":1612963358,"path_taken":["M","?","?","?","?","E"],"items_purchased_type":[],"build_version":"2020-12-18","purchased_purges":0,"victory":false,"max_hp_per_floor":[60,60,60,60,60,60,60],"card_choices":[{"not_picked":["Protect","ClearTheMind"],"picked":"Evaluate","floor":0},{"not_picked":["REME_Repentance","REME_TwoStrings"],"picked":"CrushJoints","floor":0},{"not_picked":["MentalFortress","Shockwave"],"picked":"Consecrate","floor":0},{"not_picked":["Dual Wield","Fasting2"],"picked":"Anger","floor":0},{"not_picked":["CarveReality","Worship"],"picked":"hubris:ReadiedAction","floor":0},{"not_picked":["Clothesline","CrushJoints"],"picked":"EmptyBody","floor":0},{"not_picked":["Intimidate","Headbutt"],"picked":"FlyingSleeves","floor":0},{"not_picked":["ReplayTheSpireMod:Strike From Hell","Wild Strike"],"picked":"Replay:Undeath\u0027s Touch","floor":0},{"not_picked":["Nirvana","Evaluate"],"picked":"ClearTheMind","floor":0},{"not_picked":["FlyingSleeves","Power Through"],"picked":"Shrug It Off","floor":0},{"not_picked":["Replay:AtTheReady","Headbutt"],"picked":"Protect","floor":0},{"not_picked":["Consecrate","Body Slam"],"picked":"Bloodletting","floor":0},{"not_picked":["EmptyFist","Power Through"],"picked":"Ghostly Armor","floor":0},{"not_picked":["Reckless Charge","Body Slam"],"picked":"REME_MusicOfDeath","floor":0},{"not_picked":["Meditate","Defy Death"],"picked":"REME_Cut","floor":0}],"player_experience":670509,"relics_obtained":[{"floor":1,"key":"InkBottle"}],"event_choices":[{"damage_healed":15,"gold_gain":0,"player_choice":"Healed","damage_taken":0,"max_hp_gain":0,"max_hp_loss":0,"event_name":"The Cleric","floor":4,"gold_loss":35},{"cards_removed":["CrushJoints"],"damage_healed":0,"gold_gain":0,"player_choice":"Gave Card","damage_taken":0,"relics_obtained":["Ornamental Fan"],"max_hp_gain":0,"max_hp_loss":0,"event_name":"WeMeetAgain","floor":5,"gold_loss":0}],"is_beta":true,"boss_relics":[],"items_purged_floors":[],"is_endless":false,"potions_floor_spawned":[],"killed_by":"Replay:BlueRogue","ascension_level":20}}