{"host":"k7udt7atmcuzf6l0","time":1612934508,"event":{"mods":["AchievementEnabler","BaseMod","BetterRewards","Colored Map","Colored Powertips","Highlight Path","Minty Spire (QoL Compilation)","Quick Restart","Rare Cards Sparkle","Relic Stats","StSLib","UnlockEverythingMod"],"gold_per_floor":[118,118,132,132,5,5,15,15,64,64,88,111,135,170,170,294,294,307,307,125,125,152,164,210,14,40,57,73,73,93,45,45,144,444,462,475,230,246,296,296,331,331,331,341,365,365,412,429,429,429],"floor_reached":51,"language":"ZHS","playtime":1556,"items_purged":[],"score":770,"play_id":"7b63d63e-7786-444e-a38d-7eb222b6b476","local_time":"20210210132148","is_ascension_mode":false,"campfire_choices":[{"data":"Jack Of All Trades","floor":6.0,"key":"SMITH"},{"data":"Pommel Strike","floor":10.0,"key":"SMITH"},{"data":"Armaments","floor":15.0,"key":"SMITH"},{"data":"Rupture","floor":23.0,"key":"SMITH"},{"data":"Rupture","floor":29.0,"key":"SMITH"},{"data":"Brutality","floor":32.0,"key":"SMITH"},{"data":"Limit Break","floor":40,"key":"SMITH"},{"floor":42,"key":"REST"},{"floor":46,"key":"REST"},{"floor":49,"key":"REST"}],"circlet_count":0,"master_deck":["Strike_R","Strike_R","Strike_R","Strike_R","Defend_R","Defend_R+1","Defend_R+1","Bash","Clash+1","Pummel","Bloodletting","Jack Of All Trades+1","Pommel Strike+1","Dual Wield","Armaments+1","Immolate","Brutality+1","Exhume","Dropkick+1","Rupture+1","Whirlwind","Bloodletting","Battle Trance","Sword Boomerang","Rupture+1","True Grit+1","Exhume","CurseOfTheBell","Rage+1","Havoc+1","Limit Break+1","Carnage+1","Inflame+1","Hemokinesis+1","Disarm+1","Combust+1","Body Slam+1","Cleave+1"],"relics":["Burning Blood","Mango","War Paint","Bloody Idol","Tiny Chest","Blood Vial","Empty Cage","MawBank","Pocketwatch","Brimstone","Ancient Tea Set","Calling Bell","Centennial Puzzle","The Courier","Old Coin","Pen Nib","Medical Kit","Ginger","Dream Catcher","InkBottle","Regal Pillow","Torii"],"acts_visited":["Exordium","TheCity","TheBeyond"],"potions_floor_usage":[35,38,44,48,50],"damage_taken":[{"damage":1.0,"enemies":"Jaw Worm","floor":1.0,"turns":5.0},{"damage":0.0,"enemies":"2 Louse","floor":3.0,"turns":2.0},{"damage":8.0,"enemies":"Small Slimes","floor":7.0,"turns":3.0},{"damage":3.0,"enemies":"Exordium Thugs","floor":11.0,"turns":2.0},{"damage":5.0,"enemies":"Exordium Wildlife","floor":12.0,"turns":4.0},{"damage":9.0,"enemies":"2 Fungi Beasts","floor":13.0,"turns":3.0},{"damage":18.0,"enemies":"Lagavulin","floor":14.0,"turns":5.0},{"damage":31.0,"enemies":"Hexaghost","floor":16.0,"turns":8.0},{"damage":28.0,"enemies":"2 Thieves","floor":18.0,"turns":3.0},{"damage":79.0,"enemies":"Book of Stabbing","floor":24.0,"turns":6.0},{"damage":10.0,"enemies":"Chosen","floor":27.0,"turns":3.0},{"damage":8.0,"enemies":"Centurion and Healer","floor":28.0,"turns":2.0},{"damage":14.0,"enemies":"Sentry and Sphere","floor":30.0,"turns":3.0},{"damage":15.0,"enemies":"Champ","floor":33.0,"turns":4.0},{"damage":26,"enemies":"3 Darklings","floor":35,"turns":2},{"damage":12,"enemies":"Orb Walker","floor":36,"turns":2},{"damage":17,"enemies":"3 Darklings","floor":38,"turns":3},{"damage":45,"enemies":"Mind Bloom Boss Battle","floor":39,"turns":4},{"damage":17,"enemies":"Giant Head","floor":41,"turns":5},{"damage":29,"enemies":"Jaw Worm Horde","floor":44,"turns":3},{"damage":49,"enemies":"2 Orb Walkers","floor":47,"turns":4},{"damage":36,"enemies":"Maw","floor":48,"turns":5},{"damage":89,"enemies":"Awakened One","floor":50,"turns":6}],"seed_played":"-7395741347289802280","potions_obtained":[{"floor":3.0,"key":"EssenceOfSteel"},{"floor":7.0,"key":"Explosive Potion"},{"floor":12.0,"key":"Weak Potion"},{"floor":13.0,"key":"Ancient Potion"},{"floor":27.0,"key":"DistilledChaos"},{"floor":28.0,"key":"SteroidPotion"},{"floor":30.0,"key":"SteroidPotion"},{"floor":33.0,"key":"Fire Potion"},{"floor":41,"key":"HeartOfIron"},{"floor":44,"key":"Regen Potion"},{"floor":47,"key":"BlessingOfTheForge"}],"is_trial":false,"path_per_floor":["M","?","M","?","$","R","M","?","T","R","M","M","M","E","R","B",null,"M","?","$","?","T","R","E","$","T","M","M","R","M","$","R","B",null,"M","M","$","M","?","R","E","R","T","M","T","R","?","M","R","B",null],"character_chosen":"IRONCLAD","items_purchased":["Bloodletting","Jack Of All Trades","Rupture","Whirlwind","Bloodletting","Brimstone","Sword Boomerang","Block Potion","Pen Nib","Medical Kit"],"campfire_rested":3,"item_purchase_floors":[5,5,20,20,20,25,25,31,37,37],"current_hp_per_floor":[75,75,81,74,74,74,72,49,49,49,52,53,50,38,38,15,94,72,72,72,72,77,82,21,26,31,34,39,39,38,38,38,36,94,79,80,80,76,44,44,40,68,68,52,57,94,56,47,90,9],"gold":429,"neow_bonus":"ONE_RARE_RELIC","is_daily":false,"chose_seed":false,"campfire_upgraded":7,"win_rate":0.0,"timestamp":1612934508,"path_taken":["M","?","M","?","$","R","M","?","T","R","M","?","M","E","R","BOSS","M","?","$","?","?","R","E","?","T","M","?","R","M","$","R","BOSS","M","M","$","M","?","R","E","R","T","M","?","R","?","M","R","BOSS"],"items_purchased_type":["Card","Card","Card","Card","Card","Relic","Card","Potion","Relic","Relic"],"build_version":"2020-12-22","purchased_purges":0,"victory":true,"max_hp_per_floor":[94,94,94,94,94,94,94,94,94,94,94,94,94,94,94,94,94,94,94,94,94,94,94,94,94,94,94,94,94,94,94,94,94,94,94,94,94,94,94,94,94,94,94,94,94,94,94,94,94,94],"relic_stats":{"Regal Pillow":24,"Torii":4,"counters":[23,87],"Pen Nib":[5],"Ginger":[5],"War Paint":["Defend_R","Defend_R"],"MawBank":36,"Medical Kit":[0],"Burning Blood":138,"Blood Vial":26,"Centennial Puzzle":[27],"Dream Catcher":3,"Bloody Idol":100,"Tiny Chest":2,"obtain_stats":[{"Regal Pillow":45,"Torii":47,"Golden Idol":8,"Mango":0,"The Courier":34,"Pen Nib":37,"Ginger":39,"War Paint":4,"Empty Cage":17,"MawBank":22,"Ancient Tea Set":26,"Medical Kit":37,"Burning Blood":0,"Old Coin":34,"Blood Vial":14,"Calling Bell":34,"Centennial Puzzle":34,"Dream Catcher":41,"Brimstone":25,"Bloody Idol":19,"Tiny Chest":9,"InkBottle":43,"Pocketwatch":24},{"Regal Pillow":20,"Torii":21,"Golden Idol":3,"Mango":0,"The Courier":14,"Pen Nib":16,"Ginger":18,"War Paint":2,"Empty Cage":8,"MawBank":9,"Ancient Tea Set":10,"Medical Kit":16,"Burning Blood":0,"Old Coin":14,"Blood Vial":7,"Calling Bell":14,"Centennial Puzzle":14,"Dream Catcher":19,"Brimstone":10,"Bloody Idol":9,"Tiny Chest":3,"InkBottle":19,"Pocketwatch":10},{"Regal Pillow":72,"Torii":76,"Golden Idol":10,"Mango":0,"The Courier":53,"Pen Nib":57,"Ginger":64,"War Paint":7,"Empty Cage":32,"MawBank":35,"Ancient Tea Set":41,"Medical Kit":57,"Burning Blood":0,"Old Coin":53,"Blood Vial":24,"Calling Bell":53,"Centennial Puzzle":53,"Dream Catcher":69,"Brimstone":41,"Bloody Idol":35,"Tiny Chest":10,"InkBottle":69,"Pocketwatch":41}],"InkBottle":[7],"Pocketwatch":[12]},"card_choices":[{"not_picked":["Havoc","Inflame"],"picked":"Clash","floor":1.0},{"not_picked":["Bloodletting","Rage"],"picked":"Pummel","floor":3.0},{"not_picked":["Warcry","Fire Breathing"],"picked":"Pommel Strike","floor":7.0},{"not_picked":["Warcry","Uppercut"],"picked":"Dual Wield","floor":11.0},{"not_picked":["Bloodletting","Thunderclap"],"picked":"Armaments","floor":12.0},{"not_picked":["Clothesline","Dropkick"],"picked":"Immolate","floor":13.0},{"not_picked":["Wild Strike","Sword Boomerang"],"picked":"Brutality","floor":14.0},{"not_picked":["Immolate","Juggernaut"],"picked":"Exhume","floor":16.0},{"not_picked":["Warcry","Twin Strike"],"picked":"Dropkick+1","floor":18.0},{"not_picked":["Feel No Pain","Warcry","Heavy Blade"],"picked":"SKIP","floor":24.0},{"not_picked":["Headbutt","Searing Blow","Sword Boomerang"],"picked":"SKIP","floor":27.0},{"not_picked":["Searing Blow+1","Clash"],"picked":"Rupture","floor":28.0},{"not_picked":["Shrug It Off","Body Slam"],"picked":"True Grit+1","floor":30.0},{"not_picked":["Fiend Fire","Barricade"],"picked":"Exhume","floor":33.0},{"not_picked":["Wild Strike+1","Fire Breathing","Armaments"],"picked":"SKIP","floor":35},{"not_picked":["Thunderclap+1","Clothesline"],"picked":"Rage+1","floor":36},{"not_picked":["True Grit+1","Warcry"],"picked":"Havoc+1","floor":38},{"not_picked":["Armaments+1","Havoc+1"],"picked":"Limit Break","floor":39},{"not_picked":["Warcry","Disarm+1"],"picked":"Carnage+1","floor":41},{"not_picked":["Anger","Disarm"],"picked":"Inflame+1","floor":42},{"not_picked":["Anger+1","Flame Barrier"],"picked":"Hemokinesis+1","floor":44},{"not_picked":["Sentinel","Second Wind"],"picked":"Disarm+1","floor":46},{"not_picked":["Warcry","Havoc+1"],"picked":"Combust+1","floor":47},{"not_picked":["Anger","Whirlwind"],"picked":"Body Slam+1","floor":48},{"not_picked":["Fiend Fire","Flex"],"picked":"Cleave+1","floor":49}],"player_experience":87377,"relics_obtained":[{"floor":9.0,"key":"Tiny Chest"},{"floor":14.0,"key":"Blood Vial"},{"floor":22.0,"key":"MawBank"},{"floor":24.0,"key":"Pocketwatch"},{"floor":26.0,"key":"Ancient Tea Set"},{"floor":34.0,"key":"Centennial Puzzle"},{"floor":34.0,"key":"The Courier"},{"floor":34.0,"key":"Old Coin"},{"floor":39,"key":"Ginger"},{"floor":41,"key":"Dream Catcher"},{"floor":43,"key":"InkBottle"},{"floor":45,"key":"Regal Pillow"},{"floor":47,"key":"Torii"}],"event_choices":[{"damage_healed":0.0,"max_hp_gain":0.0,"max_hp_loss":0.0,"gold_gain":0.0,"event_name":"Living Wall","player_choice":"Grow","floor":2.0,"gold_loss":0.0,"damage_taken":0.0,"cards_upgraded":["Clash"]},{"damage_healed":0.0,"max_hp_gain":0.0,"max_hp_loss":0.0,"gold_gain":0.0,"event_name":"Scrap Ooze","player_choice":"Success","floor":4.0,"gold_loss":0.0,"damage_taken":7.0,"relics_obtained":["War Paint"]},{"damage_healed":0.0,"max_hp_gain":0.0,"max_hp_loss":0.0,"gold_gain":0.0,"event_name":"Golden Idol","player_choice":"Take Damage","floor":8.0,"gold_loss":0.0,"damage_taken":23.0,"relics_obtained":["Golden Idol"]},{"damage_healed":0.0,"max_hp_gain":0.0,"max_hp_loss":0.0,"gold_gain":0.0,"event_name":"Forgotten Altar","player_choice":"Gave Idol","floor":19.0,"relics_lost":["Golden Idol"],"gold_loss":0.0,"damage_taken":0.0,"relics_obtained":["Bloody Idol"]},{"damage_healed":0.0,"max_hp_gain":0.0,"max_hp_loss":0.0,"gold_gain":0.0,"event_name":"The Library","player_choice":"Read","floor":21.0,"gold_loss":0.0,"damage_taken":0.0,"cards_obtained":["Battle Trance"]},{"damage_healed":0,"gold_gain":0,"player_choice":"Fight","damage_taken":0,"max_hp_gain":0,"max_hp_loss":0,"event_name":"MindBloom","floor":39,"gold_loss":0},{"damage_healed":0,"gold_gain":0,"player_choice":"Fight","damage_taken":0,"max_hp_gain":0,"max_hp_loss":0,"event_name":"Mysterious Sphere","floor":47,"gold_loss":0}],"is_beta":false,"boss_relics":[{"not_picked":["Fusion Hammer","Busted Crown"],"picked":"Empty Cage"},{"not_picked":["Snecko Eye","Astrolabe"],"picked":"Calling Bell"}],"items_purged_floors":[],"is_endless":false,"potions_floor_spawned":[3,7,12,13,27,28,30,33,41,44,47],"ascension_level":0}}