{"host":"2pffx5rqbod9ds0c","time":1612932868,"event":{"mods":["BaseMod","Better Altar","Better Match","Better Note","Better Sensory Stone","Better Skull","Better Third Choice","Bossed Relics","Custom Start","Hubris","Minty Spire (QoL Compilation)","Quick Restart","Relic Stats","Spicy Shops","StSLib","The Marked"],"gold_per_floor":[1111111,1109915,1109915,1109935,1109953,1109978,1109997,1110017,1110017,1110017,1110048,1110048,1110062,1108675,1108675,1108780,1108780,1108790,1108801,1107463,1107482,1107497,1107526,1107536,1107536,1107613,1107624,1107624,1105894,1105914,1104566,1104566,1104679,1104679,1104703,1104715,1104738,1103768,1103668,1103700,1103711,1103737,1103737,1103771,1103785,1103785,1102868,1102868,1102868,1102868],"floor_reached":51,"language":"ENG","playtime":1467,"items_purged":["theMarked:Strike","theMarked:Strike","theMarked:Strike","Decay","theMarked:Strike","theMarked:Strike","theMarked:Defend","Decay","theMarked:Defend","theMarked:Defend","theMarked:Defend+1","theMarked:SoldierOfQuellstein+1"],"score":1146,"play_id":"e2619384-7d46-4224-a861-f58d0ed299ed","local_time":"20210209205428","is_ascension_mode":true,"campfire_choices":[{"data":"theMarked:SoldierOfQuellstein","floor":10.0,"key":"SMITH"},{"data":"Madness","floor":15.0,"key":"SMITH"},{"data":"theMarked:Levitate","floor":25,"key":"SMITH"},{"data":"theMarked:KeepCalmAndFight","floor":28,"key":"SMITH"},{"data":"Panache","floor":32,"key":"SMITH"},{"data":"theMarked:Defend","floor":46,"key":"SMITH"},{"floor":49,"key":"REST"}],"circlet_count":0,"master_deck":["Madness+1","theMarked:KeepCalmAndFight+1","theMarked:Levitate+1","Madness+1","Madness+1","theMarked:EmpowerWeapon+1","theMarked:SwordAndMagic+1","Panache+1","theMarked:EternalStudent+1","theMarked:EmpowerWeapon+1","theMarked:EmpowerWeapon+1"],"relics":["theMarked:ArtifactOfAir","NeowsBlessing","Mummified Hand","Strawberry","ClockworkSouvenir","Ancient Tea Set","hubris:SlimyHat","Letter Opener","Kunai","hubris:OldNail","Strange Spoon","Lee\u0027s Waffle","Potion Belt","theMarked:SecretDocuments","hubris:SphereOfDissonance","Ornamental Fan","Astrolabe","Molten Egg 2","hubris:MedicalManual","Toxic Egg 2","Orichalcum","DollysMirror","Boot","Gremlin Horn","Shuriken","Sling","OrangePellets","Blood Vial","Akabeko","hubris:ToyBattleship","CaptainsWheel","CeramicFish","Frozen Eye","HandDrill","Mercury Hourglass","SlaversCollar","Membership Card","hubris:CuriousFeather","Darkstone Periapt","Frozen Egg 2","Bottled Lightning","HornCleat","Dream Catcher","theMarked:NailFile","Whetstone","theMarked:Winder","Medical Kit","Bronze Scales","hubris:Metronome","Thread and Needle","MealTicket"],"acts_visited":["Exordium","TheCity","TheBeyond"],"potions_floor_usage":[],"damage_taken":[{"damage":0.0,"enemies":"Jaw Worm","floor":1.0,"turns":1.0},{"damage":0.0,"enemies":"Cultist","floor":4.0,"turns":1.0},{"damage":0.0,"enemies":"2 Louse","floor":5.0,"turns":1.0},{"damage":30.0,"enemies":"Gremlin Nob","floor":6.0,"turns":5.0},{"damage":0.0,"enemies":"2 Fungi Beasts","floor":7.0,"turns":2.0},{"damage":0.0,"enemies":"Exordium Thugs","floor":8.0,"turns":2.0},{"damage":0.0,"enemies":"3 Sentries","floor":11.0,"turns":2.0},{"damage":0.0,"enemies":"Looter","floor":13.0,"turns":3.0},{"damage":5.0,"enemies":"The Guardian","floor":16.0,"turns":10.0},{"damage":0.0,"enemies":"Shell Parasite","floor":18.0,"turns":2.0},{"damage":0,"enemies":"Spheric Guardian","floor":19,"turns":2},{"damage":5,"enemies":"Centurion and Healer","floor":21,"turns":4},{"damage":0,"enemies":"3 Cultists","floor":22,"turns":3},{"damage":0,"enemies":"Book of Stabbing","floor":23,"turns":4},{"damage":0,"enemies":"Snecko","floor":24,"turns":2},{"damage":0,"enemies":"Chosen and Byrds","floor":27,"turns":2},{"damage":0,"enemies":"Snake Plant","floor":30,"turns":1},{"damage":5,"enemies":"hubris:MusketHawk","floor":33,"turns":2},{"damage":0,"enemies":"3 Darklings","floor":35,"turns":1},{"damage":0,"enemies":"3 Shapes","floor":36,"turns":1},{"damage":0,"enemies":"Sphere and 2 Shapes","floor":37,"turns":1},{"damage":0,"enemies":"Reptomancer","floor":40,"turns":1},{"damage":0,"enemies":"Jaw Worm Horde","floor":41,"turns":1},{"damage":0,"enemies":"Nemesis","floor":42,"turns":1},{"damage":0,"enemies":"Reptomancer","floor":44,"turns":1},{"damage":0,"enemies":"3 Darklings","floor":45,"turns":1},{"damage":0,"enemies":"Donu and Deca","floor":50,"turns":1}],"seed_played":"-2759116837534374415","potions_obtained":[{"floor":1.0,"key":"SneckoOil"},{"floor":21,"key":"DuplicationPotion"},{"floor":24,"key":"theMarked:ChargePotion"},{"floor":27,"key":"Energy Potion"}],"is_trial":false,"path_per_floor":["M","$","?","M","M","E","M","M","T","R","E","?","M","$","R","B",null,"M","M","$","M","M","E","M","R","T","M","R","$","M","$","R","B",null,"M","M","M","$","NS","E","M","E","T","E","M","R","$","?","R","B",null],"character_chosen":"THE_DEFAULT","items_purchased":["theMarked:KeepCalmAndFight","Mummified Hand","Strawberry","ClockworkSouvenir","Ancient Tea Set","hubris:SlimyHat","DuplicationPotion","DuplicationPotion","SteroidPotion","Strange Spoon","Lee\u0027s Waffle","Potion Belt","theMarked:SecretDocuments","hubris:SphereOfDissonance","Ornamental Fan","Madness","Molten Egg 2","hubris:MedicalManual","Toxic Egg 2","Orichalcum","DollysMirror","Shuriken","Sling","OrangePellets","Blood Vial","Akabeko","hubris:ToyBattleship","theMarked:SwordAndMagic+1","Panache","CaptainsWheel","CeramicFish","Frozen Eye","HandDrill","Mercury Hourglass","Membership Card","hubris:CuriousFeather","Darkstone Periapt","Frozen Egg 2","Bottled Lightning","theMarked:Winder","Medical Kit","Bronze Scales","hubris:Metronome","Thread and Needle","MealTicket"],"campfire_rested":1,"item_purchase_floors":[2,2,2,2,2,2,2,2,2,14,14,14,14,14,14,14,20,20,20,20,20,29,29,29,29,29,29,29,29,31,31,31,31,31,38,38,38,38,38,47,47,47,47,47,47],"current_hp_per_floor":[70,77,77,77,77,47,47,47,47,47,47,47,47,84,84,79,84,84,84,84,79,79,79,79,79,79,79,79,79,81,81,81,78,84,84,84,84,84,84,84,84,84,84,84,84,84,84,80,80,80],"gold":1102868,"neow_bonus":"THREE_ENEMY_KILL","is_daily":false,"chose_seed":false,"campfire_upgraded":6,"win_rate":0.0,"timestamp":1612932868,"path_taken":["M","$","?","?","M","E","M","M","T","R","E","?","?","$","R","BOSS","M","M","$","M","M","E","M","R","T","?","R","?","M","$","R","BOSS","M","M","M","$","NS","E","M","E","T","E","M","R","$","?","R","BOSS"],"items_purchased_type":["Card","Relic","Relic","Relic","Relic","Relic","Potion","Potion","Potion","Relic","Relic","Relic","Relic","Relic","Relic","Card","Relic","Relic","Relic","Relic","Relic","Relic","Relic","Relic","Relic","Relic","Relic","Card","Card","Relic","Relic","Relic","Relic","Relic","Relic","Relic","Relic","Relic","Relic","Relic","Relic","Relic","Relic","Relic","Relic"],"build_version":"2020-12-22","purchased_purges":12,"victory":true,"max_hp_per_floor":[70,77,77,77,77,77,77,77,77,77,77,77,77,84,84,84,84,84,84,84,84,84,84,84,84,84,84,84,84,84,84,84,84,84,84,84,84,84,84,84,84,84,84,84,84,84,84,80,80,80],"relic_stats":{"Darkstone Periapt":0,"Lee\u0027s Waffle":37,"Gremlin Horn":[15,15],"counters":[27,58],"Astrolabe":[],"CeramicFish":27,"Letter Opener":[317],"Whetstone":[],"Orichalcum":[6],"Boot":[0],"Medical Kit":[0],"Mercury Hourglass":[66],"Blood Vial":4,"Strange Spoon":[44],"OrangePellets":[0],"Dream Catcher":1,"Mummified Hand":[12],"Ornamental Fan":[100],"Shuriken":[13],"Bronze Scales":[0],"MealTicket":0,"HandDrill":[8],"Kunai":[25],"obtain_stats":[{"Gremlin Horn":26,"CeramicFish":31,"Whetstone":44,"Boot":23,"Sling":29,"Blood Vial":29,"HornCleat":40,"DollysMirror":20,"Strawberry":2,"MealTicket":47,"HandDrill":31,"Kunai":9,"Toxic Egg 2":20,"Astrolabe":17,"hubris:SphereOfDissonance":14,"Letter Opener":6,"Akabeko":29,"OrangePellets":29,"SlaversCollar":34,"Shuriken":29,"Bronze Scales":47,"Molten Egg 2":20,"hubris:ToyBattleship":29,"Darkstone Periapt":38,"hubris:Metronome":47,"hubris:SlimyHat":2,"Ancient Tea Set":2,"ClockworkSouvenir":2,"Frozen Eye":31,"Dream Catcher":42,"Mummified Hand":2,"theMarked:SecretDocuments":14,"hubris:CuriousFeather":38,"Potion Belt":14,"theMarked:NailFile":43,"Lee\u0027s Waffle":14,"NeowsBlessing":0,"Thread and Needle":47,"hubris:MedicalManual":20,"Orichalcum":20,"Frozen Egg 2":38,"Medical Kit":47,"Mercury Hourglass":31,"theMarked:ArtifactOfAir":0,"Strange Spoon":14,"CaptainsWheel":31,"Ornamental Fan":14,"Membership Card":38,"Bottled Lightning":38,"theMarked:Winder":47,"hubris:OldNail":11},{"Gremlin Horn":15,"CeramicFish":17,"Whetstone":25,"Boot":14,"Sling":16,"Blood Vial":16,"HornCleat":22,"DollysMirror":11,"Strawberry":1,"MealTicket":26,"HandDrill":17,"Kunai":6,"Toxic Egg 2":11,"Astrolabe":9,"hubris:SphereOfDissonance":8,"Letter Opener":4,"Akabeko":16,"OrangePellets":16,"SlaversCollar":18,"Shuriken":16,"Bronze Scales":26,"Molten Egg 2":11,"hubris:ToyBattleship":16,"Darkstone Periapt":21,"hubris:Metronome":26,"hubris:SlimyHat":1,"Ancient Tea Set":1,"ClockworkSouvenir":1,"Frozen Eye":17,"Dream Catcher":24,"Mummified Hand":1,"theMarked:SecretDocuments":8,"hubris:CuriousFeather":21,"Potion Belt":8,"theMarked:NailFile":24,"Lee\u0027s Waffle":8,"NeowsBlessing":0,"Thread and Needle":26,"hubris:MedicalManual":11,"Orichalcum":11,"Frozen Egg 2":21,"Medical Kit":26,"Mercury Hourglass":17,"theMarked:ArtifactOfAir":0,"Strange Spoon":8,"CaptainsWheel":17,"Ornamental Fan":8,"Membership Card":21,"Bottled Lightning":21,"theMarked:Winder":26,"hubris:OldNail":7},{"Gremlin Horn":44,"CeramicFish":47,"Whetstone":56,"Boot":42,"Sling":46,"Blood Vial":46,"HornCleat":53,"DollysMirror":31,"Strawberry":1,"MealTicket":57,"HandDrill":47,"Kunai":12,"Toxic Egg 2":31,"Astrolabe":27,"hubris:SphereOfDissonance":17,"Letter Opener":8,"Akabeko":46,"OrangePellets":46,"SlaversCollar":49,"Shuriken":46,"Bronze Scales":57,"Molten Egg 2":31,"hubris:ToyBattleship":46,"Darkstone Periapt":52,"hubris:Metronome":57,"hubris:SlimyHat":1,"Ancient Tea Set":1,"ClockworkSouvenir":1,"Frozen Eye":47,"Dream Catcher":55,"Mummified Hand":1,"theMarked:SecretDocuments":17,"hubris:CuriousFeather":52,"Potion Belt":17,"theMarked:NailFile":55,"Lee\u0027s Waffle":17,"NeowsBlessing":0,"Thread and Needle":57,"hubris:MedicalManual":31,"Orichalcum":31,"Frozen Egg 2":52,"Medical Kit":57,"Mercury Hourglass":47,"theMarked:ArtifactOfAir":0,"Strange Spoon":17,"CaptainsWheel":47,"Ornamental Fan":17,"Membership Card":52,"Bottled Lightning":52,"theMarked:Winder":57,"hubris:OldNail":14}]},"card_choices":[{"not_picked":["theMarked:StartUp","theMarked:ElectricStrings","theMarked:Frustration"],"picked":"SKIP","floor":1.0},{"not_picked":["theMarked:BanishingStrike","theMarked:ChainLightning","theMarked:Friction"],"picked":"SKIP","floor":4.0},{"not_picked":["theMarked:BanishingStrike","theMarked:Memento"],"picked":"theMarked:Levitate","floor":5.0},{"not_picked":["theMarked:Determination","theMarked:Memento","theMarked:Opportunist"],"picked":"SKIP","floor":6.0},{"not_picked":["theMarked:Parkour","theMarked:ResourceFulStrike","theMarked:Overthink"],"picked":"SKIP","floor":7.0},{"not_picked":["theMarked:Parkour","theMarked:ResourceFulStrike","theMarked:Overthink"],"picked":"SKIP","floor":7.0},{"not_picked":["theMarked:Parkour","theMarked:EmpowerWeapon","theMarked:Polarize"],"picked":"SKIP","floor":8.0},{"not_picked":["theMarked:Levitate","theMarked:BanishingStrike","theMarked:Frustration"],"picked":"SKIP","floor":11.0},{"not_picked":["theMarked:Levitate","theMarked:BanishingStrike","theMarked:Frustration"],"picked":"SKIP","floor":11.0},{"not_picked":["theMarked:Aftermath","theMarked:TakeCover","theMarked:Memento"],"picked":"SKIP","floor":13.0},{"not_picked":["theMarked:Parkour","theMarked:ElectricStrings"],"picked":"theMarked:ResourceFulStrike+1","floor":18},{"not_picked":["theMarked:WardOff","theMarked:RogueSparks","theMarked:ResourceFulStrike"],"picked":"SKIP","floor":19},{"not_picked":["theMarked:Electrocute+1","theMarked:AttractMetal+1","theMarked:Generate+1"],"picked":"SKIP","floor":21},{"not_picked":["theMarked:Standoff+1","theMarked:KeepCalmAndFight+1","theMarked:TakeCover+1"],"picked":"SKIP","floor":22},{"not_picked":["theMarked:Maelstrom+1","theMarked:BanishingWave+1"],"picked":"theMarked:EmpowerWeapon+1","floor":23},{"not_picked":["theMarked:Memento+1","theMarked:WardOff+1","theMarked:Static+1"],"picked":"SKIP","floor":24},{"not_picked":["theMarked:Aftermath+1","theMarked:TwofoldDefense+1"],"picked":"theMarked:ResourceFulStrike+1","floor":27},{"not_picked":["theMarked:Electrify+1","theMarked:ElectricStrings+1","theMarked:WastefulAttack+1"],"picked":"SKIP","floor":30},{"not_picked":["theMarked:DispelDoubt+1","theMarked:Challenge+1"],"picked":"theMarked:EternalStudent+1","floor":33},{"not_picked":["theMarked:Reabsorb+1","theMarked:CreepingChasm+1"],"picked":"theMarked:EmpowerWeapon+1","floor":35},{"not_picked":["theMarked:CreepingChasm+1","theMarked:WardOff+1","theMarked:OneWithTheBlade+1"],"picked":"SKIP","floor":36},{"not_picked":["theMarked:SwordAndMagic+1","theMarked:RepellingDischarge+1"],"picked":"theMarked:EmpowerWeapon+1","floor":37},{"not_picked":["theMarked:ElectricStrings+1","theMarked:Memento+1","theMarked:WardOff+1"],"picked":"SKIP","floor":40},{"not_picked":["theMarked:ContemptForTheProud+1","theMarked:LightningStrikesTwice+1","theMarked:Defy+1"],"picked":"SKIP","floor":41},{"not_picked":["theMarked:Memento+1","theMarked:HeightenedSenses+1","theMarked:Frustration+1"],"picked":"SKIP","floor":42},{"not_picked":["theMarked:SwordAndMagic+1","theMarked:ChainLightning+1","theMarked:ElectricStrings+1"],"picked":"SKIP","floor":44},{"not_picked":["theMarked:WardOff+1","theMarked:HeightenedSenses+1","theMarked:Overcharge+1"],"picked":"SKIP","floor":45}],"player_experience":762953,"relics_obtained":[{"floor":6.0,"key":"Letter Opener"},{"floor":9.0,"key":"Kunai"},{"floor":11.0,"key":"hubris:OldNail"},{"floor":23,"key":"Boot"},{"floor":26,"key":"Gremlin Horn"},{"floor":40,"key":"HornCleat"},{"floor":42,"key":"Dream Catcher"},{"floor":43,"key":"theMarked:NailFile"},{"floor":44,"key":"Whetstone"}],"event_choices":[{"damage_healed":0.0,"max_hp_gain":0.0,"max_hp_loss":0.0,"gold_gain":0.0,"event_name":"Golden Shrine","player_choice":"Ignored","floor":3.0,"gold_loss":0.0,"damage_taken":0.0},{"damage_healed":0.0,"max_hp_gain":0.0,"max_hp_loss":0.0,"gold_gain":0.0,"event_name":"Golden Shrine","player_choice":"Ignored","floor":12.0,"gold_loss":0.0,"damage_taken":0.0},{"damage_healed":0,"gold_gain":0,"player_choice":"Max HP","damage_taken":0,"max_hp_gain":0,"max_hp_loss":4,"event_name":"Winding Halls","floor":48,"gold_loss":0}],"is_beta":false,"boss_relics":[{"not_picked":["hubris:CrackedHourglass","SacredBark"],"picked":"Astrolabe"},{"not_picked":["Pandora\u0027s Box","Velvet Choker"],"picked":"SlaversCollar"}],"items_purged_floors":[2,2,14,20,20,29,29,31,31,38,47,47],"is_endless":false,"potions_floor_spawned":[1,5,7,21,24,27,30,33,35,36,41,44],"ascension_level":1}}