{"host":"aas8f8jvicx6tcxp","time":1612931180,"event":{"mods":["BaseMod","Better Third Choice","BetterRewards","Clockwork Mod","Minty Spire (QoL Compilation)","Shop Mod","StSLib","The Bladedancer","The Cursed"],"gold_per_floor":[118,131,143,318,42,71,71,98,121,121,194,194,146,157,157,260,260,275,375,391,391,391,424,444,455,455,486,21,55,55,88,88,88,88],"floor_reached":33,"language":"ENG","playtime":1972,"items_purged":["Doubt"],"score":451,"play_id":"21bcc42f-2806-43c1-83d1-5dc465870f86","local_time":"20210209222620","is_ascension_mode":true,"campfire_choices":[{"data":"Flex","floor":7.0,"key":"SMITH"},{"floor":10.0,"key":"REST"},{"data":"Flex","floor":12.0,"key":"SMITH"},{"data":"Bash","floor":15.0,"key":"SMITH"},{"floor":30,"key":"REST"},{"data":"Apotheosis","floor":32,"key":"SMITH"}],"circlet_count":0,"master_deck":["Strike_R","Strike_R+1","Strike_R","Strike_R","Strike_R","Defend_R","Defend_R","Defend_R+1","Defend_R","Bash+1","Iron Wave","Anger+1","Twin Strike","Flex+1","Immolate","Flex+1","Heavy Blade","Ghostly Armor","Offering","Perfected Strike","Ghostly Armor+1","Ghostly","Ghostly","Ghostly+1","Ghostly","Ghostly","Limit Break","Inflame","Warcry+1","Ghostly Armor","Apotheosis+1","Searing Blow"],"relics":["Burning Blood","NeowsBlessing","Sling","Strawberry","Centennial Puzzle","Whetstone","SlaversCollar","Smiling Mask","InkBottle","Peace Pipe","Anchor","War Paint","Molten Egg 2"],"acts_visited":["Exordium","TheCity"],"potions_floor_usage":[28,29,31],"damage_taken":[{"damage":0.0,"enemies":"2 Louse","floor":1.0,"turns":1.0},{"damage":0.0,"enemies":"Small Slimes","floor":2.0,"turns":1.0},{"damage":0.0,"enemies":"Cultist","floor":3.0,"turns":1.0},{"damage":22.0,"enemies":"3 Sentries","floor":6.0,"turns":7.0},{"damage":13.0,"enemies":"Gremlin Nob","floor":8.0,"turns":3.0},{"damage":5.0,"enemies":"Looter","floor":14.0,"turns":2.0},{"damage":12.0,"enemies":"The Guardian","floor":16.0,"turns":6.0},{"damage":6.0,"enemies":"Spheric Guardian","floor":18.0,"turns":2.0},{"damage":6.0,"enemies":"2 Thieves","floor":20.0,"turns":4.0},{"damage":8.0,"enemies":"Slavers","floor":23.0,"turns":5.0},{"damage":18.0,"enemies":"Snake Plant","floor":24.0,"turns":3.0},{"damage":35,"enemies":"Centurion and Healer","floor":25,"turns":7},{"damage":6,"enemies":"Book of Stabbing","floor":27,"turns":5},{"damage":9,"enemies":"Slavers","floor":29,"turns":6},{"damage":1,"enemies":"Gremlin Leader","floor":31,"turns":6},{"damage":42,"enemies":"Automaton","floor":33,"turns":8}],"seed_played":"6405695034239658730","potions_obtained":[{"floor":2.0,"key":"ColorlessPotion"},{"floor":3.0,"key":"SpeedPotion"},{"floor":14.0,"key":"PowerPotion"},{"floor":18.0,"key":"LiquidBronze"},{"floor":23.0,"key":"FairyPotion"},{"floor":27,"key":"BlessingOfTheForge"},{"floor":31,"key":"Weak Potion"}],"is_trial":false,"path_per_floor":["M","M","M","?","$","E","R","E","T","R","?","R","$","M","R","B",null,"M","?","M","?","?","E","M","M","T","E","$","E","R","E","R","B"],"character_chosen":"IRONCLAD","items_purchased":["Sling","Flex","Heavy Blade","Fruit Juice","Apotheosis","Anchor","SkillPotion"],"campfire_rested":2,"item_purchase_floors":[5,5,13,28,28,28,28],"current_hp_per_floor":[80,80,80,80,80,71,71,64,64,87,87,87,87,87,87,81,87,87,87,87,87,43,41,29,18,18,18,23,20,34,39,39,0,0],"gold":88,"neow_bonus":"THREE_ENEMY_KILL","is_daily":false,"chose_seed":false,"campfire_upgraded":4,"win_rate":0.0,"timestamp":1612931180,"path_taken":["M","M","M","?","$","E","R","E","T","R","?","R","$","M","R","BOSS","M","?","?","?","?","E","M","M","T","E","$","E","R","E","R","BOSS"],"items_purchased_type":["Relic","Card","Card","Potion","Card","Relic","Potion"],"build_version":"2020-12-22","purchased_purges":1,"victory":false,"max_hp_per_floor":[80,80,80,80,80,87,87,87,87,87,87,87,87,87,87,87,87,87,87,87,87,43,43,43,43,43,43,48,48,48,48,48,48,48],"card_choices":[{"not_picked":["Clothesline","Seeing Red"],"picked":"Iron Wave","floor":1.0},{"not_picked":["Wild Strike","True Grit"],"picked":"Anger","floor":2.0},{"not_picked":["Perfected Strike","Combust"],"picked":"Twin Strike","floor":3.0},{"not_picked":["Inflame","Warcry"],"picked":"Immolate","floor":6.0},{"not_picked":["Battle Trance","Double Tap"],"picked":"Flex","floor":8.0},{"not_picked":["Carnage","Body Slam"],"picked":"Ghostly Armor","floor":14.0},{"not_picked":["Feed","Bludgeon"],"picked":"Offering","floor":16.0},{"not_picked":["Wild Strike+1","Warcry"],"picked":"Perfected Strike","floor":18.0},{"not_picked":["Spot Weakness+1","Pommel Strike"],"picked":"Ghostly Armor+1","floor":20.0},{"not_picked":["Dual Wield","Twin Strike+1"],"picked":"Limit Break","floor":23.0},{"not_picked":["Body Slam","True Grit"],"picked":"Inflame","floor":24.0},{"not_picked":["Pummel","Clothesline"],"picked":"Warcry+1","floor":25},{"not_picked":["Flex","Perfected Strike"],"picked":"Ghostly Armor","floor":27},{"not_picked":["Second Wind+1","Clothesline"],"picked":"Searing Blow","floor":29},{"not_picked":["Entrench","Sever Soul+1","Whirlwind+1"],"picked":"SKIP","floor":31}],"player_experience":287677,"relics_obtained":[{"floor":6.0,"key":"Strawberry"},{"floor":8.0,"key":"Centennial Puzzle"},{"floor":9.0,"key":"Whetstone"},{"floor":23.0,"key":"Smiling Mask"},{"floor":26,"key":"InkBottle"},{"floor":27,"key":"Peace Pipe"},{"floor":29,"key":"War Paint"},{"floor":31,"key":"Molten Egg 2"}],"event_choices":[{"damage_healed":0.0,"max_hp_gain":0.0,"max_hp_loss":0.0,"gold_gain":175.0,"event_name":"betterThird:BetterSerpent","player_choice":"AGREE","floor":4.0,"gold_loss":0.0,"damage_taken":143.0},{"damage_healed":0.0,"max_hp_gain":0.0,"max_hp_loss":0.0,"gold_gain":73.0,"event_name":"Golden Wing","player_choice":"Gained Gold","floor":11.0,"gold_loss":0.0,"damage_taken":0.0},{"damage_healed":0.0,"max_hp_gain":0.0,"max_hp_loss":0.0,"gold_gain":100.0,"event_name":"Golden Shrine","player_choice":"Pray","floor":19.0,"gold_loss":0.0,"damage_taken":0.0},{"damage_healed":0.0,"max_hp_gain":0.0,"max_hp_loss":0.0,"gold_gain":0.0,"event_name":"Vampires","player_choice":"Ignored","floor":21.0,"gold_loss":0.0,"damage_taken":0.0},{"damage_healed":0.0,"max_hp_gain":0.0,"max_hp_loss":44.0,"gold_gain":0.0,"event_name":"Ghosts","player_choice":"Became a Ghost","floor":22.0,"gold_loss":0.0,"damage_taken":0.0,"cards_obtained":["Ghostly","Ghostly","Ghostly","Ghostly","Ghostly"]}],"is_beta":false,"boss_relics":[{"not_picked":["Runic Pyramid","Busted Crown"],"picked":"SlaversCollar"}],"items_purged_floors":[5],"is_endless":false,"potions_floor_spawned":[2,3,14,18,23,27,31],"killed_by":"Automaton","ascension_level":1}}