{"host":"snn1c4qsf0fj7fzf","time":1612976088,"event":{"mods":["AchievementEnabler","Act Like it!","Aspiration","Astrologer","BaseMod","Colored Powertips","Downfall","Gensokyo","Hermit","Infinite Spire","Lobotomy","Minty Spire (QoL Compilation)","Random Character Button","Rare Cards Sparkle","Reimu??????","Reliquary","Replay The Spire","Shop Mod","Spire Arcade","StSLib","The Administrix","The Cursed","The Gatherer","The Hierophant","The Poker Player","The Runesmith"],"gold_per_floor":[112,112,202,202,69,99,110,110,110,142,42,42,55,68,68,163,163,182,200,200,200,200],"floor_reached":21,"language":"ENG","playtime":1496,"items_purged":["Defend_P","Strike_P"],"score":212,"play_id":"24d1356d-3fdb-4c88-8961-afb7e6f512a4","local_time":"20210211005448","is_ascension_mode":false,"campfire_choices":[{"floor":12,"key":"REST"},{"floor":15,"key":"REST"}],"circlet_count":0,"master_deck":["Strike_P","Strike_P","Strike_P","Defend_P","Defend_P","Defend_P","Eruption","Vigilance","Replay:ManipulateFuture+1","MasterReality+1","SandsOfTime","SandsOfTime","DevaForm","Wallop","EmptyMind","WindmillStrike","FlyingSleeves","Devotion","CurseOfTheBell","Nirvana"],"relics":["PureWater","Runesmith:AutoHammer","ReplayTheSpireMod:TigerMarble","Mummified Hand","reliquary:Dhvaja","reliquary:MudwinsCradle","Calling Bell","infinitespire:Satchel","Blue Candle","Du-Vu Doll"],"acts_visited":["Exordium","TheCity"],"potions_floor_usage":[16,18,21],"damage_taken":[{"damage":0,"enemies":"Small Slimes","floor":1,"turns":6},{"damage":36,"enemies":"3 Sentries","floor":6,"turns":5},{"damage":0,"enemies":"2 Louse","floor":7,"turns":2},{"damage":0,"enemies":"Replay:BlueRogue","floor":10,"turns":3},{"damage":0,"enemies":"Cultist","floor":13,"turns":2},{"damage":0,"enemies":"Large Slime","floor":14,"turns":3},{"damage":25,"enemies":"The Guardian","floor":16,"turns":9},{"damage":30,"enemies":"Shell Parasite","floor":18,"turns":5},{"damage":31,"enemies":"2 Thieves","floor":19,"turns":4},{"damage":21,"enemies":"Centurion and Healer","floor":21,"turns":2}],"seed_played":"-8374750905143846009","potions_obtained":[{"floor":1,"key":"Weak Potion"},{"floor":16,"key":"AttackPotion"},{"floor":19,"key":"SpeedPotion"}],"is_trial":false,"path_per_floor":["M","?","?","?","$","E","M","?","T","E","$","R","M","M","R","B",null,"M","M","?","M"],"character_chosen":"WATCHER","items_purchased":["SandsOfTime"],"campfire_rested":2,"item_purchase_floors":[5],"current_hp_per_floor":[72,77,58,43,43,7,7,7,7,7,7,30,30,30,53,28,77,47,16,16,0,0],"gold":200,"neow_bonus":"RANDOM_COMMON_RELIC","is_daily":false,"chose_seed":false,"campfire_upgraded":0,"win_rate":0.0,"timestamp":1612976088,"path_taken":["M","?","?","?","$","E","M","?","T","E","$","R","M","M","R","BOSS","M","M","?","M"],"items_purchased_type":["Card"],"build_version":"2020-12-22","purchased_purges":2,"victory":false,"max_hp_per_floor":[72,77,77,77,77,77,77,77,77,77,77,77,77,77,77,77,77,77,77,77,77,77],"card_choices":[{"not_picked":["BowlingBash","FlurryOfBlows"],"picked":"Replay:ManipulateFuture","floor":1},{"not_picked":["FlyingSleeves","Adaptation"],"picked":"MasterReality","floor":3},{"not_picked":["Weave","PathToVictory"],"picked":"DevaForm","floor":6},{"not_picked":["ClearTheMind","SignatureMove"],"picked":"Wallop","floor":7},{"not_picked":["Replay:AllIn","Wallop"],"picked":"EmptyMind","floor":10},{"not_picked":["FlyingSleeves","CrushJoints"],"picked":"WindmillStrike","floor":13},{"not_picked":["TalkToTheHand","Replay:BluntJabs"],"picked":"FlyingSleeves","floor":14},{"not_picked":["Scrawl","LessonLearned"],"picked":"Devotion","floor":16},{"not_picked":["Halt","Prostrate","WaveOfTheHand"],"picked":"SKIP","floor":18},{"not_picked":["Evaluate","CrushJoints"],"picked":"Nirvana","floor":19}],"player_experience":385051,"relics_obtained":[{"floor":3,"key":"ReplayTheSpireMod:TigerMarble"},{"floor":6,"key":"Mummified Hand"},{"floor":9,"key":"reliquary:Dhvaja"},{"floor":10,"key":"reliquary:MudwinsCradle"},{"floor":17,"key":"infinitespire:Satchel"},{"floor":17,"key":"Blue Candle"},{"floor":17,"key":"Du-Vu Doll"}],"event_choices":[{"damage_healed":0,"gold_gain":0,"player_choice":"Donut","damage_taken":0,"max_hp_gain":5,"max_hp_loss":0,"event_name":"Big Fish","floor":2,"gold_loss":0},{"damage_healed":0,"gold_gain":0,"player_choice":"Entered Light","damage_taken":15,"max_hp_gain":0,"max_hp_loss":0,"event_name":"Shining Light","floor":4,"gold_loss":0,"cards_upgraded":["Replay:ManipulateFuture","MasterReality"]},{"damage_healed":0,"gold_gain":0,"player_choice":"Ignored","damage_taken":0,"max_hp_gain":0,"max_hp_loss":0,"event_name":"NoteForYourself","floor":8,"gold_loss":0}],"is_beta":false,"boss_relics":[{"not_picked":["reliquary:RedPaperclip","Abe\u0027s Treasure"],"picked":"Calling Bell"}],"items_purged_floors":[5,11],"is_endless":false,"potions_floor_spawned":[1,16,19],"killed_by":"Centurion and Healer","ascension_level":0}}