{"host":"qxeepl7ydvsgmfdb","time":1612959521,"event":{"mods":["AchievementEnabler","BaseMod","Colored Powertips","Minty Spire (QoL Compilation)","Quick Restart","slay the spire mod where everything is the same but ironclad has a cowboy hat"],"gold_per_floor":[112,112,72,83,2,27,27,57,81,94,94,94,145,111,111,206,206,218,218,218],"floor_reached":19,"language":"ENG","playtime":656,"items_purged":[],"score":320,"play_id":"30aa6cbe-7b76-40cb-b6db-47f1da913e92","local_time":"20210210071841","is_ascension_mode":true,"campfire_choices":[{"data":"Cloak And Dagger","floor":7,"key":"SMITH"},{"floor":11,"key":"REST"},{"floor":15,"key":"REST"}],"circlet_count":0,"master_deck":["AscendersBane","Strike_G","Strike_G","Strike_G+1","Defend_G+1","Defend_G","Defend_G","Defend_G","Defend_G","Survivor","Neutralize","Distraction","Cloak And Dagger+1","Accuracy","Deflect","Poisoned Stab","All Out Attack","Noxious Fumes","Cloak And Dagger+1"],"relics":["Ring of the Snake","NeowsBlessing","Smiling Mask","Pear","Nunchaku","Orichalcum","Bag of Preparation","Empty Cage"],"acts_visited":["Exordium","TheCity"],"potions_floor_usage":[8,8],"damage_taken":[{"damage":0,"enemies":"Cultist","floor":1,"turns":1},{"damage":0,"enemies":"Small Slimes","floor":4,"turns":1},{"damage":0,"enemies":"Lagavulin","floor":6,"turns":1},{"damage":35,"enemies":"3 Sentries","floor":8,"turns":10},{"damage":9,"enemies":"Jaw Worm","floor":10,"turns":4},{"damage":6,"enemies":"Exordium Thugs","floor":14,"turns":5},{"damage":42,"enemies":"The Guardian","floor":16,"turns":11},{"damage":32,"enemies":"3 Byrds","floor":18,"turns":7},{"damage":41,"enemies":"Masked Bandits","floor":19,"turns":3}],"seed_played":"7331635438460392922","potions_obtained":[{"floor":1,"key":"CunningPotion"},{"floor":3,"key":"Regen Potion"},{"floor":10,"key":"Energy Potion"},{"floor":18,"key":"SpeedPotion"}],"is_trial":false,"path_per_floor":["M","?","?","M","$","E","R","E","T","M","R","?","T","M","R","B",null,"M","?"],"character_chosen":"THE_SILENT","items_purchased":["Accuracy","Deflect"],"campfire_rested":2,"item_purchase_floors":[5,5],"current_hp_per_floor":[63,49,49,49,49,49,49,36,36,27,51,33,33,27,51,9,62,30,0,0],"gold":218,"neow_bonus":"THREE_ENEMY_KILL","is_daily":false,"chose_seed":false,"campfire_upgraded":1,"win_rate":0.0,"timestamp":1612959521,"path_taken":["M","?","?","?","$","E","R","E","T","M","R","?","?","M","R","BOSS","M","?"],"items_purchased_type":["Card","Card"],"build_version":"2020-12-22","purchased_purges":0,"victory":false,"max_hp_per_floor":[70,70,70,70,70,70,70,80,80,80,80,80,80,80,80,80,80,80,80,80],"card_choices":[{"not_picked":["Leg Sweep","Acrobatics"],"picked":"Distraction","floor":1},{"not_picked":["Reflex","Slice"],"picked":"Cloak And Dagger","floor":4},{"not_picked":["Dodge and Roll","Skewer","Sucker Punch"],"picked":"SKIP","floor":6},{"not_picked":["Dagger Spray","All Out Attack"],"picked":"Poisoned Stab","floor":8},{"not_picked":["Prepared","Outmaneuver"],"picked":"All Out Attack","floor":10},{"not_picked":["Phantasmal Killer","Prepared"],"picked":"Noxious Fumes","floor":14},{"not_picked":["Dash","Masterful Stab"],"picked":"Cloak And Dagger+1","floor":18}],"player_experience":150739,"relics_obtained":[{"floor":6,"key":"Smiling Mask"},{"floor":8,"key":"Pear"},{"floor":9,"key":"Nunchaku"},{"floor":13,"key":"Bag of Preparation"}],"event_choices":[{"damage_healed":0,"gold_gain":0,"player_choice":"Entered Light","damage_taken":14,"max_hp_gain":0,"max_hp_loss":0,"event_name":"Shining Light","floor":2,"gold_loss":0,"cards_upgraded":["Defend_G","Strike_G"]},{"damage_healed":0,"gold_gain":0,"player_choice":"Bought 3 Potions","damage_taken":0,"max_hp_gain":0,"max_hp_loss":0,"event_name":"The Woman in Blue","floor":3,"gold_loss":0},{"damage_healed":0,"gold_gain":0,"player_choice":"Success","damage_taken":18,"relics_obtained":["Orichalcum"],"max_hp_gain":0,"max_hp_loss":0,"event_name":"Scrap Ooze","floor":12,"gold_loss":0},{"damage_healed":0,"gold_gain":0,"player_choice":"Fought Bandits","damage_taken":0,"max_hp_gain":0,"max_hp_loss":0,"event_name":"Masked Bandits","floor":19,"gold_loss":0}],"is_beta":false,"boss_relics":[{"not_picked":["HoveringKite","Astrolabe"],"picked":"Empty Cage"}],"items_purged_floors":[],"is_endless":false,"potions_floor_spawned":[1,4,10,18],"killed_by":"Masked Bandits","ascension_level":12}}