{"host":"8fjsnt81u6xsmhji","time":1612940077,"event":{"mods":["BaseMod","Beaked The Cultist","Colored Powertips","Downfall","Glutton Mod","Hermit","Minty Spire (QoL Compilation)","Quick Restart","StSLib","The Bug Knight","The Forsaken","The Hierophant","The Runesmith"],"gold_per_floor":[0,18,118,268,287,187,240,270,270,286,316,331,331,341,353,448,448,448,462,188,188,202,202,202,202,23,40,59,44,44,44,64,162,162,62,75,333,333,352,364,364,69,69,95,106,106,106,106],"floor_reached":46,"language":"ENG","playtime":2644,"items_purged":[],"score":548,"play_id":"35e38c2f-4230-469c-8700-6dd9af863cc3","local_time":"20210210005437","is_ascension_mode":true,"campfire_choices":[{"floor":1.0,"key":"RECALL"},{"data":"bronze:Replicate","floor":6.0,"key":"SMITH"},{"floor":13.0,"key":"REST"},{"data":"bronze:Optimize","floor":18.0,"key":"SMITH"},{"floor":30.0,"key":"REST"},{"data":"Pain","floor":35.0,"key":"PURGE"}],"circlet_count":0,"master_deck":["bronze:Strike","bronze:Strike","bronze:Strike","bronze:Defend","bronze:Defend","bronze:Defend","bronze:Defend","bronze:Replicate+1","bronze:Goto","bronze:Shield","bronze:DarkDash","bronze:Format","bronze:Fortify","bronze:DelayedGuard","bronze:Optimize+1","bronze:FollowUp","bronze:InfiniteLoop","bronze:Return","bronze:WhirlingStrike+1","J.A.X.","bronze:Shell+1","expansioncontent:StudyTheSpire","bronze:ForLoop","bronze:GetLatest+1","bronze:Format","bronze:BurnOut","bronze:AlphaBuild","Enlightenment","bronze:HardenedForm","downfall:Icky","bronze:BronzeOrb+1"],"relics":["bronze:BronzeCore","Gambling Chip","downfall:HeartBlessingRed","Pen Nib","Mango","Peace Pipe","Empty Cage","Bottled Tornado","Nloth\u0027s Gift","Bronze Scales","WarpedTongs","Cursed Key","downfall:HeartBlessingBlue","Strawberry","Potion Belt","Oddly Smooth Stone","Sundial"],"acts_visited":["Exordium","TheCity","TheBeyond"],"potions_floor_usage":[],"damage_taken":[{"damage":6.0,"enemies":"Small Slimes","floor":2.0,"turns":5.0},{"damage":3.0,"enemies":"Jaw Worm","floor":5.0,"turns":4.0},{"damage":4.0,"enemies":"HollowMod:MossKnight","floor":8.0,"turns":9.0},{"damage":0.0,"enemies":"Cultist","floor":10.0,"turns":2.0},{"damage":7.0,"enemies":"Blue Slaver","floor":12.0,"turns":4.0},{"damage":4.0,"enemies":"Gremlin Gang","floor":14.0,"turns":4.0},{"damage":0.0,"enemies":"Exordium Thugs","floor":15.0,"turns":3.0},{"damage":30.0,"enemies":"DF_ARCHETYPE_STREAMLINE","floor":16.0,"turns":10.0},{"damage":0.0,"enemies":"Spheric Guardian","floor":19.0,"turns":3.0},{"damage":0.0,"enemies":"downfall:FleeingMerchant","floor":20.0,"turns":4.0},{"damage":3.0,"enemies":"Shell Parasite","floor":22.0,"turns":3.0},{"damage":12.0,"enemies":"downfall:FleeingMerchant","floor":26.0,"turns":4.0},{"damage":13.0,"enemies":"Cultist and Chosen","floor":27.0,"turns":4.0},{"damage":15.0,"enemies":"Snake Plant","floor":28.0,"turns":3.0},{"damage":3.0,"enemies":"downfall:FleeingMerchant","floor":29.0,"turns":4.0},{"damage":3.0,"enemies":"Chosen and Byrds","floor":32.0,"turns":4.0},{"damage":41.0,"enemies":"WA_ARCHETYPE_CALM","floor":33.0,"turns":8.0},{"damage":6.0,"enemies":"3 Darklings","floor":36.0,"turns":3.0},{"damage":9.0,"enemies":"downfall:FleeingMerchant","floor":37.0,"turns":3.0},{"damage":28.0,"enemies":"3 Shapes","floor":39.0,"turns":5.0},{"damage":14.0,"enemies":"Spire Growth","floor":40.0,"turns":4.0},{"damage":22.0,"enemies":"Nemesis","floor":44.0,"turns":5.0},{"damage":3,"enemies":"3 Darklings","floor":45,"turns":5},{"damage":37,"enemies":"Maw","floor":46,"turns":8}],"seed_played":"-3745047508947040615","potions_obtained":[{"floor":5.0,"key":"bronze:BurnAndBuffPotion"},{"floor":12.0,"key":"LiquidBronze"},{"floor":14.0,"key":"FearPotion"},{"floor":27.0,"key":"Energy Potion"},{"floor":32.0,"key":"DuplicationPotion"},{"floor":33.0,"key":"sneckomod:MuddlingPotion"},{"floor":39.0,"key":"CultistPotion"},{"floor":44.0,"key":"LiquidMemories"}],"is_trial":false,"path_per_floor":["R","M","?","?","M","R","T","E","?","M","?","M","R","M","M","B",null,"R","M","$","?","M","?","T","?","$","M","M","$","R","T","M","B",null,"R","M","$","?","M","M","T","$","?","E","M","M"],"character_chosen":"THE_AUTOMATON","items_purchased":["Bottled Tornado","expansioncontent:StudyTheSpire","Enlightenment","Potion Belt","Oddly Smooth Stone"],"campfire_rested":2,"item_purchase_floors":[20,26,37,42,42],"current_hp_per_floor":[70,64,64,64,61,61,61,71,64,64,64,57,82,78,78,48,84,84,84,84,84,81,81,81,81,69,56,41,38,63,63,60,19,84,94,88,79,79,51,37,44,44,44,22,19,0,0,0],"gold":106,"neow_bonus":"ONE_RARE_RELIC","is_daily":false,"chose_seed":false,"campfire_upgraded":2,"win_rate":0.0,"timestamp":1612940077,"path_taken":["R","M","?","?","M","R","T","E","?","M","?","M","R","M","M","BOSS","R","M","$","?","?","?","T","?","$","M","?","$","R","?","M","BOSS","R","M","$","?","M","M","T","$","?","E","M","M"],"items_purchased_type":["Relic","Card","Card","Relic","Relic"],"build_version":"2020-12-22","purchased_purges":0,"victory":false,"max_hp_per_floor":[70,70,70,70,70,70,70,84,84,84,84,84,84,84,84,84,84,84,84,84,84,84,84,84,84,84,84,84,84,84,84,84,84,84,94,94,94,94,94,94,101,101,101,101,101,101,101,101],"card_choices":[{"not_picked":["bronze:Iterate","bronze:Invalidate"],"picked":"bronze:Shield","floor":2.0},{"not_picked":["bronze:Allocate","bronze:Shield"],"picked":"bronze:DarkDash","floor":5.0},{"not_picked":["bronze:CutThrough","bronze:ChildClass"],"picked":"bronze:Format","floor":8.0},{"not_picked":["bronze:ForceShield","bronze:Shield"],"picked":"bronze:Fortify","floor":10.0},{"not_picked":["bronze:WildBeam","bronze:BitShift"],"picked":"bronze:DelayedGuard","floor":12.0},{"not_picked":["bronze:CloningBeam","bronze:DarkDash"],"picked":"bronze:Optimize","floor":14.0},{"not_picked":["bronze:Deprecate","bronze:Separator"],"picked":"bronze:FollowUp","floor":15.0},{"not_picked":["bronze:ThunderWave","bronze:Break"],"picked":"bronze:InfiniteLoop","floor":16.0},{"not_picked":["bronze:DelayedSlice","bronze:BuggyMess"],"picked":"bronze:Return","floor":19.0},{"not_picked":["bronze:Invalidate","bronze:Allocate"],"picked":"bronze:WhirlingStrike+1","floor":20.0},{"not_picked":["bronze:DigitalCarnage","bronze:WildBeam","bronze:Turbo"],"picked":"SKIP","floor":22.0},{"not_picked":["bronze:BugBarrage+1","bronze:OilSpill"],"picked":"bronze:Shell+1","floor":26.0},{"not_picked":["bronze:Turbo+1","bronze:FineTuning","bronze:Fortify"],"picked":"SKIP","floor":27.0},{"not_picked":["bronze:GetLatest","bronze:Boost"],"picked":"bronze:ForLoop","floor":28.0},{"not_picked":["bronze:OilSpill","bronze:Repair"],"picked":"bronze:GetLatest+1","floor":29.0},{"not_picked":["bronze:Separator","bronze:Shield"],"picked":"bronze:Format","floor":32.0},{"not_picked":["bronze:FindAndReplace","bronze:Format"],"picked":"bronze:BurnOut","floor":33.0},{"not_picked":["bronze:BuggyMess","bronze:CutThrough+1"],"picked":"bronze:AlphaBuild","floor":36.0},{"not_picked":["bronze:OilSpill","bronze:Turbo","bronze:WildBeam+1"],"picked":"SKIP","floor":37.0},{"not_picked":["bronze:BitShift+1","bronze:Frontload"],"picked":"bronze:HardenedForm","floor":39.0},{"not_picked":["bronze:Constructor+1","bronze:Return+1","bronze:Philosophize+1"],"picked":"SKIP","floor":40.0},{"not_picked":["bronze:NullPointer","bronze:ForLoop","bronze:BuggyMess"],"picked":"SKIP","floor":44.0},{"not_picked":["bronze:Terminator","bronze:Backtrace+1"],"picked":"bronze:BronzeOrb+1","floor":45}],"player_experience":730319,"relics_obtained":[{"floor":7.0,"key":"Pen Nib"},{"floor":8.0,"key":"Mango"},{"floor":24.0,"key":"Bronze Scales"},{"floor":41.0,"key":"Strawberry"},{"floor":44.0,"key":"Sundial"}],"event_choices":[{"damage_healed":0.0,"max_hp_gain":0.0,"max_hp_loss":0.0,"gold_gain":0.0,"event_name":"Scrap Ooze","player_choice":"Success","floor":9.0,"gold_loss":0.0,"damage_taken":7.0,"relics_obtained":["Peace Pipe"]},{"damage_healed":0.0,"max_hp_gain":0.0,"max_hp_loss":0.0,"gold_gain":0.0,"event_name":"Drug Dealer","player_choice":"Obtain J.A.X.","floor":23.0,"gold_loss":0.0,"damage_taken":0.0,"cards_obtained":["J.A.X."]}],"is_beta":false,"boss_relics":[{"not_picked":["Tiny House","Snecko Eye"],"picked":"Empty Cage"},{"not_picked":["Black Star","Runic Pyramid"],"picked":"Cursed Key"}],"items_purged_floors":[],"is_endless":false,"potions_floor_spawned":[5,12,14,27,32,33,39,44],"killed_by":"Maw","ascension_level":1}}