{"host":"xi8yg1ddhptuxb9d","time":1612992546,"event":{"mods":["AchievementEnabler","BaseMod","Block Reminder","Minty Spire (QoL Compilation)","Relic Sorter","StSLib"],"gold_per_floor":[117,267,279,279,4,36,46,46,46,46,61,91,103,136,136,213,213,229,229,62,77,77,77,89,89,89,89,121,79,79,95,95,172,172,190,72,85,85,85,85],"floor_reached":39,"language":"ENG","playtime":1693,"items_purged":["Indignation+1"],"score":813,"play_id":"b3e3dcbf-a3ca-48e9-a7bb-b15f315f22cf","local_time":"20210210162906","is_ascension_mode":true,"campfire_choices":[{"data":"Eruption","floor":8.0,"key":"SMITH"},{"data":"Adaptation","floor":10.0,"key":"SMITH"},{"data":"TalkToTheHand","floor":15.0,"key":"SMITH"},{"data":"Scrawl","floor":23.0,"key":"SMITH"},{"data":"Collect","floor":27,"key":"SMITH"},{"data":"Fasting2","floor":30,"key":"SMITH"},{"data":"Ghostly","floor":32,"key":"SMITH"}],"circlet_count":0,"master_deck":["AscendersBane","Strike_P","Strike_P","Defend_P","Defend_P","Defend_P","Eruption+1","Vigilance","Collect+1","Conclude","Adaptation+1","ThirdEye","EmptyFist","Protect","TalkToTheHand+1","Scrawl+1","ThirdEye","FlyingSleeves","Ghostly","Ghostly","Ghostly+1","BattleHymn","Fasting2+1","TalkToTheHand","Devotion","Prostrate+1","BowlingBash+1","DeceiveReality","Meditate","Flash of Steel"],"relics":["Coffee Dripper","Spirit Poop","Eternal Feather","Bag of Marbles","Matryoshka","Odd Mushroom","Bag of Preparation","Cursed Key","Omamori","Potion Belt","Astrolabe"],"acts_visited":["Exordium","TheCity","TheBeyond"],"potions_floor_usage":[24,33,33,39],"damage_taken":[{"damage":2.0,"enemies":"Jaw Worm","floor":1.0,"turns":6.0},{"damage":0.0,"enemies":"2 Louse","floor":3.0,"turns":2.0},{"damage":13.0,"enemies":"3 Sentries","floor":6.0,"turns":3.0},{"damage":0.0,"enemies":"Cultist","floor":7.0,"turns":2.0},{"damage":0.0,"enemies":"2 Fungi Beasts","floor":11.0,"turns":3.0},{"damage":16.0,"enemies":"The Mushroom Lair","floor":12.0,"turns":4.0},{"damage":8.0,"enemies":"Blue Slaver","floor":13.0,"turns":3.0},{"damage":5.0,"enemies":"Lagavulin","floor":14.0,"turns":4.0},{"damage":11.0,"enemies":"Slime Boss","floor":16.0,"turns":6.0},{"damage":0.0,"enemies":"Chosen","floor":18.0,"turns":2.0},{"damage":10.0,"enemies":"Spheric Guardian","floor":21.0,"turns":5.0},{"damage":14,"enemies":"Centurion and Healer","floor":24,"turns":3},{"damage":2,"enemies":"Slavers","floor":28,"turns":6},{"damage":0,"enemies":"Snake Plant","floor":31,"turns":5},{"damage":3,"enemies":"Champ","floor":33,"turns":12},{"damage":24,"enemies":"3 Shapes","floor":35,"turns":3},{"damage":0,"enemies":"Orb Walker","floor":37,"turns":4},{"damage":22,"enemies":"Transient","floor":39,"turns":4}],"seed_played":"-850580250995123342","potions_obtained":[{"floor":3.0,"key":"AttackPotion"},{"floor":7.0,"key":"Regen Potion"},{"floor":16.0,"key":"Fruit Juice"},{"floor":28,"key":"LiquidBronze"},{"floor":31,"key":"SteroidPotion"}],"is_trial":false,"path_per_floor":["M","?","M","?","$","E","M","R","T","R","M","?","M","E","R","B",null,"M","?","$","M","?","R","M","?","T","R","E","$","R","M","R","B",null,"M","$","M","?","M"],"character_chosen":"WATCHER","items_purchased":["Eternal Feather","Omamori","Fasting2","Meditate"],"campfire_rested":0,"item_purchase_floors":[5,20,29,36],"current_hp_per_floor":[59,59,59,59,59,46,46,55,55,64,64,48,40,35,44,33,59,59,40,40,30,30,42,33,33,33,39,37,37,39,39,39,36,38,14,14,14,14,0,0],"gold":85,"neow_bonus":"BOSS_RELIC","is_daily":false,"chose_seed":false,"campfire_upgraded":7,"win_rate":0.0,"timestamp":1612992546,"path_taken":["M","?","M","?","$","E","M","R","T","R","?","?","M","E","R","BOSS","M","?","$","M","?","R","M","?","T","R","E","$","R","M","R","BOSS","M","$","M","?","M"],"items_purchased_type":["Relic","Relic","Card","Card"],"build_version":"2020-12-22","purchased_purges":1,"victory":false,"max_hp_per_floor":[68,68,68,68,68,68,68,68,68,68,68,68,68,68,68,68,68,68,73,73,73,73,73,78,39,39,39,39,39,39,39,39,39,39,39,39,39,39,39,39],"card_choices":[{"not_picked":["FlurryOfBlows","Halt"],"picked":"Collect","floor":1.0},{"not_picked":["Prostrate","ClearTheMind"],"picked":"Conclude","floor":3.0},{"not_picked":["ThirdEye","Worship"],"picked":"Adaptation","floor":6.0},{"not_picked":["Collect","EmptyFist"],"picked":"ThirdEye","floor":7.0},{"not_picked":["WindmillStrike","JustLucky"],"picked":"EmptyFist","floor":11.0},{"not_picked":["ReachHeaven","Alpha"],"picked":"Protect","floor":12.0},{"not_picked":["CrushJoints","Indignation","ForeignInfluence"],"picked":"SKIP","floor":13.0},{"not_picked":["ThirdEye","SashWhip"],"picked":"TalkToTheHand","floor":14.0},{"not_picked":["DevaForm","ConjureBlade"],"picked":"Scrawl","floor":16.0},{"not_picked":["BowlingBash","Consecrate"],"picked":"ThirdEye","floor":18.0},{"not_picked":["ThirdEye","Indignation"],"picked":"FlyingSleeves","floor":21.0},{"not_picked":["JustLucky","CrushJoints","Protect"],"picked":"SKIP","floor":24},{"not_picked":["Protect","JustLucky"],"picked":"BattleHymn","floor":28},{"not_picked":["FlyingSleeves","Tantrum"],"picked":"TalkToTheHand","floor":31},{"not_picked":["Vault","Scrawl"],"picked":"Devotion","floor":33},{"not_picked":["FlurryOfBlows","InnerPeace+1"],"picked":"DeceiveReality","floor":35},{"not_picked":["InnerPeace","Prostrate+1","JustLucky+1"],"picked":"SKIP","floor":37},{"not_picked":["Swift Strike","Mayhem"],"picked":"Flash of Steel","floor":38}],"player_experience":709137,"relics_obtained":[{"floor":6.0,"key":"Bag of Marbles"},{"floor":9.0,"key":"Matryoshka"},{"floor":12.0,"key":"Odd Mushroom"},{"floor":14.0,"key":"Bag of Preparation"},{"floor":28,"key":"Potion Belt"}],"event_choices":[{"damage_healed":0.0,"max_hp_gain":0.0,"max_hp_loss":0.0,"gold_gain":150.0,"event_name":"Liars Game","player_choice":"AGREE","floor":2.0,"gold_loss":0.0,"damage_taken":0.0,"cards_obtained":["Doubt"]},{"cards_removed":["Doubt"],"damage_healed":0.0,"max_hp_gain":0.0,"max_hp_loss":0.0,"gold_gain":0.0,"event_name":"Bonfire Elementals","player_choice":"Offered Curse","floor":4.0,"gold_loss":0.0,"damage_taken":0.0,"relics_obtained":["Spirit Poop"]},{"damage_healed":0.0,"max_hp_gain":0.0,"max_hp_loss":0.0,"gold_gain":0.0,"event_name":"Mushrooms","player_choice":"Fought Mushrooms","floor":12.0,"gold_loss":0.0,"damage_taken":0.0},{"damage_healed":0.0,"max_hp_gain":5.0,"max_hp_loss":0.0,"gold_gain":0.0,"event_name":"Forgotten Altar","player_choice":"Shed Blood","floor":19.0,"gold_loss":0.0,"damage_taken":24.0},{"damage_healed":0.0,"max_hp_gain":0.0,"max_hp_loss":0.0,"gold_gain":0.0,"event_name":"Beggar","player_choice":"Ignored","floor":22.0,"gold_loss":0.0,"damage_taken":0.0},{"damage_healed":0,"gold_gain":0,"player_choice":"Became a Ghost","damage_taken":0,"max_hp_gain":0,"max_hp_loss":39,"event_name":"Ghosts","floor":25,"gold_loss":0,"cards_obtained":["Ghostly","Ghostly","Ghostly"]},{"damage_healed":0,"gold_gain":0,"player_choice":"Memory 1","damage_taken":0,"max_hp_gain":0,"max_hp_loss":0,"event_name":"SensoryStone","floor":38,"gold_loss":0}],"is_beta":false,"boss_relics":[{"not_picked":["Runic Dome","Ectoplasm"],"picked":"Cursed Key"},{"not_picked":["Pandora\u0027s Box","Velvet Choker"],"picked":"Astrolabe"}],"items_purged_floors":[36],"is_endless":false,"potions_floor_spawned":[3,7,16,18,28,31],"killed_by":"Transient","ascension_level":20}}