{"host":"mhzgc0zma59jtmoj","time":1612932723,"event":{"mods":["BaseMod","BetterRewards","Custom Start","Glutton Mod","Ironclad Rager","Minty Spire (QoL Compilation)","Replay The Spire","Somnambulant","StSLib","The Cursed","The Hierophant","The Jungle","Treasure Hunter"],"gold_per_floor":[596,132,132,207,237,266,266,291,291,321,396,434,434,454,454,640,640,678,425,425,425,491,534,560,560,631,662,662,692,692,764,764,819,819],"floor_reached":33,"language":"ENG","playtime":1482,"items_purged":["Glutton:Strike","Glutton:Strike","Glutton:Defend"],"score":386,"play_id":"bd7d4638-35a4-41c9-8f82-902d49082f45","local_time":"20210209235203","is_ascension_mode":false,"campfire_choices":[{"floor":7,"key":"REST"},{"floor":13,"key":"REST"},{"floor":15,"key":"REST"},{"floor":25,"key":"REST"},{"floor":28,"key":"REST"},{"floor":30,"key":"REST"},{"floor":32,"key":"REST"}],"circlet_count":0,"master_deck":["Glutton:Strike","Glutton:Strike","Glutton:Defend","Glutton:Defend","Glutton:Flail+1","Glutton:Misery+1","Glutton:BloodyKnuckle","Glutton:Mug","Glutton:Rest","Glutton:Hoard","TH:ArmorSpikes+1","Glutton:Treat+1","Glutton:Treat","Glutton:GuardStance","TH:ArmorSpikes","Glutton:Retaliation+1","Glutton:Dispepsia+1","ReplayTheSpireMod:Faulty Equipment","Glutton:GuardStance","Glutton:Scab","Glutton:Fast","TH:Mimic","Glutton:Feed","Glutton:Devour+1"],"relics":["Glutton:EternalHunger","Darkstone Periapt","Membership Card","Bloody Idol","StoneCalendar","Empty Cage","Bag of Preparation","Guide Book","MealTicket","Gremlin Food","Divine Protection"],"acts_visited":["Exordium","TheCity"],"potions_floor_usage":[16,16,16,23,23,29,31,33],"damage_taken":[{"damage":17.0,"enemies":"Jaw Worm","floor":1.0,"turns":3.0},{"damage":12,"enemies":"2 Louse","floor":6,"turns":2},{"damage":19,"enemies":"Cultist","floor":8,"turns":3},{"damage":26,"enemies":"Blue Slaver","floor":10,"turns":4},{"damage":18,"enemies":"Large Slime","floor":11,"turns":6},{"damage":11,"enemies":"2 Fungi Beasts","floor":12,"turns":2},{"damage":15,"enemies":"Lots of Slimes","floor":14,"turns":2},{"damage":81,"enemies":"Slime Boss","floor":16,"turns":7},{"damage":58,"enemies":"2 Thieves","floor":18,"turns":4},{"damage":43,"enemies":"Shell Parasite","floor":22,"turns":6},{"damage":66,"enemies":"Book of Stabbing","floor":23,"turns":5},{"damage":34,"enemies":"Snake Plant","floor":24,"turns":4},{"damage":76,"enemies":"Centurion and Healer","floor":27,"turns":7},{"damage":52,"enemies":"Sentry and Sphere","floor":29,"turns":5},{"damage":87,"enemies":"Snake Plant","floor":31,"turns":6},{"damage":101,"enemies":"Pondfish","floor":33,"turns":7}],"seed_played":"4727736370853189479","potions_obtained":[{"floor":6,"key":"Cursed Concoction"},{"floor":10,"key":"ColorlessPotion"},{"floor":14,"key":"FearPotion"},{"floor":16,"key":"SneckoOil"},{"floor":22,"key":"Reflective Coating"},{"floor":24,"key":"Strength Potion"},{"floor":27,"key":"Regen Potion"},{"floor":29,"key":"SkillPotion"}],"is_trial":false,"path_per_floor":["M","$","?","?","?","M","R","M","T","M","M","M","R","M","R","B",null,"M","$","?","?","M","E","M","R","T","M","R","M","R","M","R","B"],"character_chosen":"GLUTTON","items_purchased":["Glutton:Misery","Darkstone Periapt","Membership Card","Bag of Preparation","Glutton:Dispepsia","Guide Book"],"campfire_rested":7,"item_purchase_floors":[0,2,2,19,19,19],"current_hp_per_floor":[103,103,103,92,48,36,69,60,60,34,26,15,48,33,66,3,111,61,61,61,67,47,17,14,49,54,29,64,41,76,35,70,0,0],"gold":819,"neow_bonus":"","is_daily":false,"chose_seed":false,"campfire_upgraded":0,"win_rate":0.0,"timestamp":1612932723,"path_taken":["M","$","?","?","?","M","R","M","T","M","M","M","R","M","R","BOSS","M","$","?","?","M","E","M","R","T","M","R","M","R","M","R","BOSS"],"items_purchased_type":["Card","Relic","Relic","Relic","Card","Relic"],"build_version":"2020-12-22","purchased_purges":3,"victory":false,"max_hp_per_floor":[120,120,111,111,111,111,111,111,111,111,111,111,111,111,111,111,111,111,111,111,117,117,117,117,117,117,117,117,117,117,117,117,117,117],"card_choices":[{"not_picked":["Glutton:Rest","Glutton:ShedFat"],"picked":"Glutton:BloodyKnuckle","floor":1.0},{"not_picked":["Glutton:Slam","Glutton:Scab"],"picked":"Glutton:Mug","floor":5},{"not_picked":["Glutton:KneeJerk","Glutton:ObsessiveGreed"],"picked":"Glutton:Rest","floor":6},{"not_picked":["Glutton:LashOut","Glutton:BellySlam"],"picked":"Glutton:Hoard","floor":8},{"not_picked":["TH:ElvenBoots"],"picked":"TH:ArmorSpikes","floor":9},{"not_picked":["Glutton:Reminisce","Glutton:Torment","Glutton:Profligacy"],"picked":"SKIP","floor":10},{"not_picked":["Glutton:Brace","Glutton:PainMeditation"],"picked":"Glutton:Treat","floor":11},{"not_picked":["Glutton:Devour","Glutton:ToxicResidue"],"picked":"Glutton:Treat","floor":12},{"not_picked":["Glutton:ToxicResidue","Glutton:Devour"],"picked":"Glutton:GuardStance","floor":14},{"not_picked":["TH:TreasureMap"],"picked":"TH:ArmorSpikes","floor":16},{"not_picked":["Glutton:Enfeeblement","Glutton:FragileMight"],"picked":"Glutton:Retaliation","floor":16},{"not_picked":["Glutton:Brace","Glutton:ShareWeakness","Glutton:Scab"],"picked":"SKIP","floor":18},{"not_picked":["Glutton:Treat+1","Glutton:Revivification"],"picked":"Glutton:GuardStance","floor":22},{"not_picked":["Glutton:Clot+1","Glutton:Thrombosis"],"picked":"Glutton:Scab","floor":23},{"not_picked":["TH:ElvenBoots","TH:EnergyPotion"],"picked":"SKIP","floor":23},{"not_picked":["Glutton:PainMeditation","Glutton:Thrombosis"],"picked":"Glutton:Fast","floor":24},{"not_picked":["TH:ArmorSpikes"],"picked":"TH:Mimic","floor":26},{"not_picked":["Glutton:Demolish","Glutton:Borborygmi","Glutton:GnawingHunger"],"picked":"SKIP","floor":27},{"not_picked":["Glutton:Treasure","Glutton:Rapacity"],"picked":"Glutton:Feed","floor":29},{"not_picked":["Glutton:LashOut+1","Glutton:Demolish"],"picked":"Glutton:Devour+1","floor":31}],"player_experience":251071,"relics_obtained":[{"floor":5,"key":"StoneCalendar"},{"floor":23,"key":"Gremlin Food"},{"floor":26,"key":"Divine Protection"}],"event_choices":[{"damage_healed":0.0,"max_hp_gain":0.0,"max_hp_loss":9.0,"gold_gain":0.0,"event_name":"Golden Idol","player_choice":"Lose Max HP","floor":3.0,"gold_loss":0.0,"damage_taken":0.0,"relics_obtained":["Golden Idol"]},{"damage_healed":0,"gold_gain":75,"player_choice":"Gather Gold","damage_taken":11,"max_hp_gain":0,"max_hp_loss":0,"event_name":"World of Goop","floor":4,"gold_loss":0},{"damage_healed":0,"gold_gain":0,"player_choice":"Gave Idol","damage_taken":0,"relics_obtained":["Bloody Idol"],"max_hp_gain":0,"max_hp_loss":0,"event_name":"Forgotten Altar","floor":20,"relics_lost":["Golden Idol"],"gold_loss":0}],"is_beta":false,"boss_relics":[{"not_picked":["Fusion Hammer","Tiny House"],"picked":"Empty Cage"}],"items_purged_floors":[0,2,19],"is_endless":false,"potions_floor_spawned":[6,10,14,16,22,24,27,29],"killed_by":"Pondfish","ascension_level":0}}