{"host":"ababi7n1w04ome7c","time":1612930871,"event":{"mods":["AchievementEnabler","BaseMod","Colored Map","Minty Spire (QoL Compilation)","Permanent Neow","StSLib","everything is the same but u backflip on backflip"],"gold_per_floor":[119,119,184,184,198,198,198],"floor_reached":6,"language":"KOR","playtime":161,"items_purged":[],"score":43,"play_id":"7968f085-d2c4-48eb-b846-19eb54ad55c1","local_time":"20210210132111","is_ascension_mode":true,"campfire_choices":[],"circlet_count":0,"master_deck":["Strike_G","Strike_G","Strike_G","Strike_G","Defend_G","Defend_G","Defend_G","Defend_G","Defend_G","Survivor","Neutralize","Corpse Explosion","Dagger Throw","Backstab"],"relics":["Ring of the Snake","SsserpentHead"],"acts_visited":["Exordium"],"potions_floor_usage":[],"damage_taken":[{"damage":0.0,"enemies":"2 Louse","floor":1.0,"turns":2.0},{"damage":1.0,"enemies":"Cultist","floor":3.0,"turns":4.0},{"damage":0.0,"enemies":"Small Slimes","floor":5.0,"turns":3.0},{"damage":51,"enemies":"Lagavulin","floor":6,"turns":9}],"seed_played":"-5914385635847359197","potions_obtained":[{"floor":5.0,"key":"ColorlessPotion"}],"is_trial":false,"path_per_floor":["M","?","M","?","M","E"],"character_chosen":"THE_SILENT","items_purchased":[],"campfire_rested":0,"item_purchase_floors":[],"current_hp_per_floor":[70,70,69,69,69,18,18],"gold":198,"neow_bonus":"ONE_RANDOM_RARE_CARD","is_daily":false,"chose_seed":false,"campfire_upgraded":0,"win_rate":0.0,"timestamp":1612930871,"path_taken":["M","?","?","?","M","E"],"items_purchased_type":[],"build_version":"2020-12-22","purchased_purges":0,"victory":false,"max_hp_per_floor":[70,70,70,70,70,70,70],"card_choices":[{"not_picked":["Outmaneuver","Deflect","Dodge and Roll"],"picked":"SKIP","floor":1.0},{"not_picked":["Choke","Sucker Punch"],"picked":"Dagger Throw","floor":3.0},{"not_picked":["Calculated Gamble","Bane"],"picked":"Backstab","floor":5.0}],"player_experience":331914,"relics_obtained":[],"event_choices":[{"damage_healed":0.0,"max_hp_gain":0.0,"max_hp_loss":0.0,"gold_gain":0.0,"event_name":"FaceTrader","player_choice":"Trade","floor":2.0,"gold_loss":0.0,"damage_taken":0.0,"relics_obtained":["SsserpentHead"]},{"cards_removed":["Strike_G"],"damage_healed":0.0,"max_hp_gain":0.0,"max_hp_loss":0.0,"gold_gain":0.0,"event_name":"The Cleric","player_choice":"Card Removal","floor":4.0,"gold_loss":50.0,"damage_taken":0.0}],"is_beta":false,"boss_relics":[],"items_purged_floors":[],"is_endless":false,"potions_floor_spawned":[5],"killed_by":"Lagavulin","ascension_level":4}}