{"host":"syozzdlzcqop4jia","time":1612992278,"event":{"mods":["AchievementEnabler","BaseMod","Colored Map","Colored Powertips","Minty Spire (QoL Compilation)","Quick Restart"],"gold_per_floor":[109,109,124,224,234,234,262,262,286,306,9,23,38,51,51,51,51],"floor_reached":16,"language":"ENG","playtime":675,"items_purged":[],"score":104,"play_id":"a9aa17f6-4e0d-4de0-9275-52ae52c6e9e2","local_time":"20210210222438","is_ascension_mode":false,"campfire_choices":[{"floor":6,"key":"RECALL"},{"data":"Carnage","floor":8,"key":"SMITH"},{"data":"Pummel","floor":15,"key":"SMITH"}],"circlet_count":0,"master_deck":["Strike_R","Strike_R","Strike_R","Strike_R","Strike_R","Defend_R","Defend_R","Defend_R","Defend_R","Bash","Cleave","Shrug It Off","Carnage+1","Sword Boomerang","Headbutt","Twin Strike","Pummel+1","Headbutt","Reckless Charge"],"relics":["Burning Blood","Nunchaku","Meat on the Bone"],"acts_visited":["Exordium"],"potions_floor_usage":[16],"damage_taken":[{"damage":5,"enemies":"Small Slimes","floor":1,"turns":4},{"damage":0,"enemies":"Cultist","floor":3,"turns":3},{"damage":0,"enemies":"2 Louse","floor":5,"turns":2},{"damage":14,"enemies":"Gremlin Nob","floor":7,"turns":4},{"damage":12,"enemies":"Blue Slaver","floor":10,"turns":2},{"damage":17,"enemies":"Exordium Thugs","floor":12,"turns":5},{"damage":16,"enemies":"Large Slime","floor":13,"turns":4},{"damage":0,"enemies":"3 Louse","floor":14,"turns":2},{"damage":63,"enemies":"Hexaghost","floor":16,"turns":9}],"seed_played":"6179630002468795712","potions_obtained":[{"floor":5,"key":"LiquidMemories"},{"floor":12,"key":"PowerPotion"},{"floor":13,"key":"SteroidPotion"},{"floor":14,"key":"LiquidBronze"}],"is_trial":false,"path_per_floor":["M","?","M","?","M","R","E","R","T","M","$","M","M","M","R","B"],"character_chosen":"IRONCLAD","items_purchased":["Pummel","Meat on the Bone"],"campfire_rested":0,"item_purchase_floors":[11,11],"current_hp_per_floor":[80,80,80,80,80,80,72,72,72,66,66,55,57,63,63,0,0],"gold":51,"neow_bonus":"THREE_CARDS","is_daily":false,"chose_seed":false,"campfire_upgraded":2,"win_rate":0.0,"timestamp":1612992278,"path_taken":["M","?","M","?","?","R","E","R","T","M","?","M","M","M","R","BOSS"],"items_purchased_type":["Card","Relic"],"build_version":"2020-12-22","purchased_purges":0,"victory":false,"max_hp_per_floor":[80,80,80,80,80,80,80,80,80,80,80,80,80,80,80,80,80],"card_choices":[{"not_picked":["Warcry","True Grit"],"picked":"Cleave","floor":0},{"not_picked":["Armaments","Body Slam"],"picked":"Shrug It Off","floor":1},{"not_picked":["Cleave","Iron Wave"],"picked":"Carnage","floor":3},{"not_picked":["Pommel Strike","Flame Barrier"],"picked":"Sword Boomerang","floor":5},{"not_picked":["Searing Blow","Barricade"],"picked":"Headbutt","floor":7},{"not_picked":["Sword Boomerang","Thunderclap"],"picked":"Twin Strike","floor":10},{"not_picked":["Hemokinesis","Searing Blow"],"picked":"Headbutt","floor":12},{"not_picked":["Warcry","Armaments"],"picked":"Reckless Charge","floor":13},{"not_picked":["Havoc","Armaments","Metallicize"],"picked":"SKIP","floor":14}],"player_experience":666790,"relics_obtained":[{"floor":7,"key":"Nunchaku"}],"event_choices":[{"damage_healed":0,"gold_gain":0,"player_choice":"Ignored","damage_taken":0,"max_hp_gain":0,"max_hp_loss":0,"event_name":"Golden Wing","floor":2,"gold_loss":0},{"damage_healed":0,"gold_gain":100,"player_choice":"Pray","damage_taken":0,"max_hp_gain":0,"max_hp_loss":0,"event_name":"Golden Shrine","floor":4,"gold_loss":0}],"is_beta":false,"boss_relics":[],"items_purged_floors":[],"is_endless":false,"potions_floor_spawned":[5,12,13,14],"killed_by":"Hexaghost","ascension_level":0}}