{"host":"mal0jdk4f6ubgyb8","time":1612949412,"event":{"mods":["100% Spire Juice","Act Like it!","Aspiration","BaseMod","Gensokyo","KinomotoSakuraMod(木之本樱)","Luminous","Marisa（F雨　魔理沙）","Minty Spire (QoL Compilation)","Quick Restart","Relic Stats","Reliquary","Remilia（蕾米莉亚）","Replay The Spire","StSLib","WarShipGirlsR/战舰少女R mod","Yakumo Yukari mod"],"gold_per_floor":[116,116,136,136,136,165,165,196,219,244,6,6,22,35,35,137,137,156,156,38,128,140,172,172,182,182,240,274,330,341,376,376,476,476,491,510,559,577,596,596,628,644,671,700,712,712,712,737,737,737],"floor_reached":51,"language":"ZHS","playtime":2555,"items_purged":[],"score":1060,"play_id":"4485ba2b-5466-4dca-b7e8-7790257ba32c","local_time":"20210210173012","is_ascension_mode":true,"campfire_choices":[{"data":"Infinite Blades","floor":7.0,"key":"SMITH"},{"floor":15.0,"key":"REST"},{"data":"Phantasmal Killer","floor":24.0,"key":"SMITH"},{"data":"Cloak And Dagger","floor":32.0,"key":"SMITH"},{"data":"Blade Dance","floor":40,"key":"SMITH"},{"data":"Pot Of Greed","floor":46,"key":"SMITH"},{"floor":49,"key":"DIG"}],"circlet_count":0,"master_deck":["Strike_G","Strike_G","Strike_G+1","Strike_G","Defend_G","Defend_G","Defend_G+1","Defend_G","Defend_G","Survivor","Neutralize","Infinite Blades+1","Underhanded Strike","Cloak And Dagger+1","Noxious Fumes+1","Storm of Steel","Footwork+1","Hallucinations","Phantasmal Killer+1","Envenom+1","Cloak And Dagger+1","Fluid Movement+1","Blade Dance","Noxious Fumes+1","Dash+1","Blade Dance+1","Blade Dance+1","Envenom+1","Slice+1","Capacitor+1","Acrobatics+1","Prepared+1","Compile Driver","Caltrops+1","Conserve Battery+1","Parasite","Reflex","Pot Of Greed","Pot Of Greed","Pot Of Greed","Pot Of Greed+1","Machine Learning+1","BasicCrystalCard+1","Compile Driver"],"relics":["Ring of the Snake","NeowsBlessing","Frozen Egg 2","Pen Nib","Snake Skull","Iron Hammer","ReplayTheSpireMod:Ring of Collecting","Painkiller Herb","Replay:Multitool","ReplayTheSpireMod:Ring of Challenge","Snack Pack","aspiration:HiddenCompartment","aspiration:DefectSkillbook","CatCart","Meat on the Bone","ReplayTheSpireMod:Ring of Exchange","Grinning Jar","aspiration:StickyExplosives_weak","Meat on the Bone","Boot"],"acts_visited":["Exordium","TheCity","TheBeyond"],"potions_floor_usage":[33,33,37,39,44],"damage_taken":[{"damage":0.0,"enemies":"Cultist","floor":1.0,"turns":1.0},{"damage":0.0,"enemies":"Small Slimes","floor":3.0,"turns":1.0},{"damage":0.0,"enemies":"Lagavulin","floor":6.0,"turns":1.0},{"damage":22.0,"enemies":"3 Sentries","floor":8.0,"turns":14.0},{"damage":18.0,"enemies":"Gremlin Nob","floor":10.0,"turns":5.0},{"damage":0.0,"enemies":"2 Louse","floor":13.0,"turns":2.0},{"damage":10.0,"enemies":"Looter","floor":14.0,"turns":3.0},{"damage":7.0,"enemies":"Hexaghost","floor":16.0,"turns":7.0},{"damage":8.0,"enemies":"Spheric Guardian","floor":18.0,"turns":4.0},{"damage":17.0,"enemies":"2 Thieves","floor":22.0,"turns":4.0},{"damage":9.0,"enemies":"Gremlin Leader","floor":23.0,"turns":6.0},{"damage":6.0,"enemies":"Centurion and Healer","floor":25.0,"turns":6.0},{"damage":12.0,"enemies":"3 Cultists","floor":27.0,"turns":6.0},{"damage":1.0,"enemies":"Slavers","floor":28.0,"turns":4.0},{"damage":0.0,"enemies":"Cultist and Chosen","floor":29.0,"turns":4.0},{"damage":23.0,"enemies":"Shelled Parasite and Fungi","floor":30.0,"turns":4.0},{"damage":0.0,"enemies":"Gremlin Leader","floor":31.0,"turns":5.0},{"damage":31,"enemies":"Champ","floor":33,"turns":8},{"damage":10,"enemies":"3 Shapes","floor":35,"turns":3},{"damage":2,"enemies":"Orb Walker","floor":36,"turns":2},{"damage":29,"enemies":"Orin","floor":37,"turns":7},{"damage":27,"enemies":"Sphere and 2 Shapes","floor":38,"turns":4},{"damage":20,"enemies":"Jaw Worm Horde","floor":39,"turns":3},{"damage":0,"enemies":"R_Hoarder","floor":41,"turns":6},{"damage":20,"enemies":"Writhing Mass","floor":42,"turns":5},{"damage":30,"enemies":"Reptomancer","floor":44,"turns":5},{"damage":0,"enemies":"Spire Growth","floor":45,"turns":2},{"damage":0,"enemies":"Giant Head","floor":48,"turns":5},{"damage":37,"enemies":"Time Eater","floor":50,"turns":8}],"seed_played":"-8725700695039190527","potions_obtained":[{"floor":1.0,"key":"Swift Potion"},{"floor":3.0,"key":"Energy Potion"},{"floor":10.0,"key":"Reflective Coating"},{"floor":16.0,"key":"LifebloodPotion"},{"floor":25.0,"key":"SpeedPotion"},{"floor":27.0,"key":"SkillPotion"},{"floor":28.0,"key":"Ancient Potion"},{"floor":30.0,"key":"Languid Potion"},{"floor":36,"key":"Dexterity Potion"},{"floor":38,"key":"Swift Potion"},{"floor":41,"key":"SmokeBomb"},{"floor":42,"key":"Explosive Potion"},{"floor":44,"key":"GamblersBrew"},{"floor":48,"key":"LifebloodPotion"}],"is_trial":false,"path_per_floor":["M","?","M","?","?","E","R","E","T","E","$","?","M","M","R","B",null,"?","?","T","?","?","E","T","?","T","?","E","?","?","E","T","B",null,"?","?","?","?","?","T","E","?","T","E","?","T","?","E","T","B",null],"character_chosen":"THE_SILENT","items_purchased":["Storm of Steel","Footwork+1","Blade Dance","Noxious Fumes+1"],"campfire_rested":1,"item_purchase_floors":[11,11,20,20],"current_hp_per_floor":[70,56,56,61,54,54,54,32,32,14,14,14,14,4,26,19,75,67,67,67,55,38,29,29,23,23,11,10,22,11,23,23,12,75,69,73,58,37,21,21,37,43,43,35,39,39,85,85,85,64],"gold":737,"neow_bonus":"THREE_ENEMY_KILL","is_daily":false,"chose_seed":false,"campfire_upgraded":5,"win_rate":0.0,"timestamp":1612949412,"path_taken":["M","?","M","?","?","E","R","E","T","E","$","?","M","M","R","BOSS","?","?","T","?","?","E","T","?","T","?","E","?","?","E","T","BOSS","?","?","?","?","?","T","E","?","T","E","?","T","?","E","T","BOSS"],"items_purchased_type":["Card","Card","Card","Card"],"build_version":"2020-12-22","purchased_purges":0,"victory":true,"max_hp_per_floor":[70,70,70,75,75,75,75,75,75,75,75,75,75,75,75,75,75,75,75,75,75,75,75,75,75,75,75,75,75,75,75,75,75,75,75,75,75,75,75,75,75,75,75,75,75,75,85,85,85,85],"relic_stats":{"counters":[29,134],"Pen Nib":[47],"Snake Skull":[379],"Boot":[16],"obtain_stats":[{"ReplayTheSpireMod:Ring of Exchange":43,"NeowsBlessing":0,"Painkiller Herb":17,"Pen Nib":8,"Snake Skull":9,"Replay:Multitool":23,"Frozen Egg 2":6,"aspiration:HiddenCompartment":31,"Boot":49,"aspiration:StickyExplosives_weak":44,"aspiration:DefectSkillbook":34,"ReplayTheSpireMod:Ring of Collecting":12,"Iron Hammer":10,"reliquary:SculptingSteel":48,"Snack Pack":28,"ReplayTheSpireMod:Ring of Challenge":26,"CatCart":37,"Grinning Jar":43,"Ring of the Snake":0,"Meat on the Bone":41},{"ReplayTheSpireMod:Ring of Exchange":25,"NeowsBlessing":0,"Painkiller Herb":8,"Pen Nib":4,"Snake Skull":4,"Replay:Multitool":11,"Frozen Egg 2":3,"aspiration:HiddenCompartment":17,"Boot":28,"aspiration:StickyExplosives_weak":26,"aspiration:DefectSkillbook":18,"ReplayTheSpireMod:Ring of Collecting":5,"Iron Hammer":5,"reliquary:SculptingSteel":28,"Snack Pack":14,"ReplayTheSpireMod:Ring of Challenge":12,"CatCart":21,"Grinning Jar":25,"Ring of the Snake":0,"Meat on the Bone":24},{"ReplayTheSpireMod:Ring of Exchange":115,"NeowsBlessing":0,"Painkiller Herb":34,"Pen Nib":17,"Snake Skull":17,"Replay:Multitool":48,"Frozen Egg 2":3,"aspiration:HiddenCompartment":77,"Boot":126,"aspiration:StickyExplosives_weak":119,"aspiration:DefectSkillbook":85,"ReplayTheSpireMod:Ring of Collecting":22,"Iron Hammer":22,"reliquary:SculptingSteel":126,"Snack Pack":64,"ReplayTheSpireMod:Ring of Challenge":54,"CatCart":97,"Grinning Jar":115,"Ring of the Snake":0,"Meat on the Bone":110}],"Ring of the Snake":[58],"Meat on the Bone":24},"card_choices":[{"not_picked":["Heel Hook","Toxin Wave"],"picked":"Infinite Blades","floor":1.0},{"not_picked":["Outmaneuver","Acrobatics"],"picked":"Underhanded Strike","floor":3.0},{"not_picked":["Riddle With Holes","Skewer","Bane"],"picked":"SKIP","floor":6.0},{"not_picked":["Sneak Up","Quick Slash"],"picked":"Cloak And Dagger","floor":8.0},{"not_picked":["Deflect","Bane"],"picked":"Noxious Fumes+1","floor":10.0},{"not_picked":["Deflect","Crippling Poison"],"picked":"Phantasmal Killer","floor":13.0},{"not_picked":["Bane","Terror","Dodge and Roll"],"picked":"SKIP","floor":14.0},{"not_picked":["Die Die Die","Venomology"],"picked":"Envenom+1","floor":16.0},{"not_picked":["Deadly Poison+1","Backflip"],"picked":"Cloak And Dagger+1","floor":18.0},{"not_picked":["Crippling Poison","Outmaneuver"],"picked":"Dash+1","floor":22.0},{"not_picked":["PiercingWail+1","Deflect"],"picked":"Blade Dance+1","floor":23.0},{"not_picked":["Dodge and Roll","Deflect+1"],"picked":"Blade Dance","floor":25.0},{"not_picked":["Doppelganger","Deadly Poison","Sucker Punch"],"picked":"SKIP","floor":27.0},{"not_picked":["Acrobatics+1","Skewer"],"picked":"Envenom+1","floor":28.0},{"not_picked":["Outmaneuver","Predator+1","Deadly Poison"],"picked":"SKIP","floor":29.0},{"not_picked":["Outmaneuver","Blur"],"picked":"Slice+1","floor":30.0},{"not_picked":["Dodge and Roll+1","Poisoned Stab"],"picked":"Storm of Steel","floor":31.0},{"not_picked":["ReplayGash+1","Beam Cell","Poisoned Stab+1"],"picked":"Capacitor+1","floor":35},{"not_picked":["BootSequence+1","Flying Knee","Reprogram+1"],"picked":"Acrobatics+1","floor":36},{"not_picked":["Eviscerate","Auto Shields+1","Distraction+1"],"picked":"Prepared+1","floor":37},{"not_picked":["aspiration:Lunge","Beam Cell","Leg Sweep"],"picked":"Compile Driver","floor":38},{"not_picked":["Bane","Well Laid Plans+1","Backflip+1"],"picked":"Caltrops+1","floor":39},{"not_picked":["Panic Button+1","Scrape+1","Self Repair+1"],"picked":"Conserve Battery+1","floor":41},{"not_picked":["Underhanded Strike+1","Self Repair+1","Bane"],"picked":"Reflex","floor":42},{"not_picked":["Draining Mist+1","Barrage","Sucker Punch+1"],"picked":"Machine Learning+1","floor":44},{"not_picked":["Quick Slash","Cloak And Dagger","Blade Dance"],"picked":"BasicCrystalCard+1","floor":45},{"not_picked":["Rebound+1","Self Repair+1","ReplayTheSpireMod:Calculation Training+1"],"picked":"Compile Driver","floor":48}],"player_experience":311428,"relics_obtained":[{"floor":6.0,"key":"Frozen Egg 2"},{"floor":8.0,"key":"Pen Nib"},{"floor":9.0,"key":"Snake Skull"},{"floor":10.0,"key":"Iron Hammer"},{"floor":12.0,"key":"ReplayTheSpireMod:Ring of Collecting"},{"floor":23.0,"key":"Replay:Multitool"},{"floor":26.0,"key":"ReplayTheSpireMod:Ring of Challenge"},{"floor":28.0,"key":"Snack Pack"},{"floor":31.0,"key":"aspiration:HiddenCompartment"},{"floor":37,"key":"CatCart"},{"floor":41,"key":"Meat on the Bone"},{"floor":43,"key":"ReplayTheSpireMod:Ring of Exchange"},{"floor":43,"key":"Grinning Jar"},{"floor":44,"key":"aspiration:StickyExplosives_weak"},{"floor":48,"key":"reliquary:SculptingSteel"},{"floor":49,"key":"Boot"}],"event_choices":[{"damage_healed":0.0,"max_hp_gain":0.0,"max_hp_loss":0.0,"gold_gain":0.0,"event_name":"Shining Light","player_choice":"Entered Light","floor":2.0,"gold_loss":0.0,"damage_taken":14.0,"cards_upgraded":["Strike_G","Defend_G"]},{"damage_healed":0.0,"max_hp_gain":5.0,"max_hp_loss":0.0,"gold_gain":0.0,"event_name":"Big Fish","player_choice":"Donut","floor":4.0,"gold_loss":0.0,"damage_taken":0.0},{"cards_removed":["Strike_G"],"damage_healed":0.0,"max_hp_gain":0.0,"max_hp_loss":0.0,"gold_gain":0.0,"event_name":"Golden Wing","player_choice":"Card Removal","floor":5.0,"gold_loss":0.0,"damage_taken":7.0},{"damage_healed":0.0,"max_hp_gain":0.0,"max_hp_loss":0.0,"gold_gain":0.0,"event_name":"The Library","player_choice":"Read","floor":19.0,"gold_loss":0.0,"damage_taken":0.0,"cards_obtained":["Fluid Movement"]},{"damage_healed":0.0,"max_hp_gain":0.0,"max_hp_loss":0.0,"gold_gain":90.0,"event_name":"Knowing Skull","player_choice":"GOLD ","floor":21.0,"potions_obtained":[],"gold_loss":0.0,"damage_taken":12.0,"cards_obtained":[]},{"damage_healed":0,"gold_gain":0,"player_choice":"Fight","damage_taken":0,"max_hp_gain":0,"max_hp_loss":0,"event_name":"OrinTheCat","floor":37,"gold_loss":0},{"cards_removed":["Storm of Steel"],"damage_healed":36,"gold_gain":0,"player_choice":"Offered Rare","damage_taken":0,"max_hp_gain":10,"max_hp_loss":0,"event_name":"Bonfire Elementals","floor":47,"gold_loss":0}],"is_beta":false,"boss_relics":[{"not_picked":["Replay:Bronze Core","Abe\u0027s Treasure"],"picked":"Painkiller Herb"},{"not_picked":["Snecko Eye","Empty Cage"],"picked":"aspiration:DefectSkillbook"}],"items_purged_floors":[],"is_endless":false,"potions_floor_spawned":[1,3,10,16,25,27,28,30,36,38,41,42,44,48],"ascension_level":1}}