{"host":"ylxam20yo7j5dy26","time":1612936454,"event":{"mods":["100% Spire Juice","ATMod(阿瑾Mod)","Act Like it!","Aspiration","BaseMod","BetterRewards","Conspire","Defuse TimeMaze Blight","Downfall","Energized Spire","Gensokyo","GungeonMod","Hubris","Infinite Spire","Jedi Mod","KomeijiMod","Marisa（F雨　魔理沙）","Minty Spire (QoL Compilation)","MostiFishMod","Quarter Circle Forward PUNCH!","Quick Restart","Red Circlet Mod","Reimu（博丽灵梦）","Reliquary","Remilia（蕾米莉亚）","Replay The Spire","Robot Space Explorer","RumiaBox-露米娅的神秘盒子","Spicy Shops","StSLib","TestMod","The Animator","The Jungle","The Runesmith","【功能Mod】混沌之环修复补丁","【遗物卡牌】REMEMod"],"gold_per_floor":[126,126,328,342,374,414,431,472,472,381,381,381,399,399,399,503,503,522,482,482,501,601,601,618,645,645,689,730,883,944,1043,1043,1199,1224,1269,1294,925,925,1011,1152,1198,1313,1388,1530,1530,1622,1753,1849,1849,1874,1874,1874,1024,1079,1084,1084],"floor_reached":55,"language":"ZHS","playtime":4193,"items_purged":["animator:Strike_OwariNoSeraph"],"score":1065,"play_id":"a203ec3e-92d5-4283-892f-cf7bfc44c013","local_time":"20210210135414","is_ascension_mode":false,"campfire_choices":[{"floor":11.0,"key":"RECALL"},{"data":"animator:Hans","floor":15.0,"key":"SMITH"},{"data":"animator:Darkness","floor":23.0,"key":"SMITH"},{"data":"animator:Sora","floor":32.0,"key":"SMITH"},{"data":"animator:NononJakuzure","floor":45.0,"key":"SMITH"},{"data":"animator:Guy","floor":49.0,"key":"SMITH"},{"data":"animator:SwordMaiden","floor":52.0,"key":"SMITH"}],"circlet_count":0,"master_deck":["animator:Strike_Konosuba","animator:Defend_Konosuba","animator:Kazuma","animator:Aqua","animator:Verdia","animator:Hans","animator:Witch","animator:Millim","animator:Megumin+3","animator:YunYun","animator:Mitsurugi","animator:Strike_AccelWorld","animator:Strike_Kancolle","animator:Defend_TenSura","animator:Defend_OnePunchMan","animator:Defend_NoGameNoLife","Hallucinations","animator:ShinjiMatou","animator:Sora","animator:Darkness+1","animator:Spearman","animator:Benimaru","animator:Guy+1","animator:YaoHaDucy","animator:Jibril","animator:Gilgamesh+1","animator:Guy","animator:SwordMaiden","animator:Jibril","animator:NononJakuzure","animator:TakanashiRikka","animator:RinTohsaka","animator:Benimaru","animator:Tyuule","animator:Rider","animator:LizardPriest","animator:Saber","animator:Alexander"],"relics":["animator:TheEruzaStone","animator:AncientMedallion"],"acts_visited":["Exordium","TheCity","TheBeyond","TheEnding","EYB:TheUnnamedReign"],"potions_floor_usage":[55],"damage_taken":[{"damage":0.0,"enemies":"Jaw Worm","floor":1.0,"turns":2.0},{"damage":2.0,"enemies":"Small Slimes","floor":4.0,"turns":2.0},{"damage":0.0,"enemies":"Cultist","floor":5.0,"turns":2.0},{"damage":8.0,"enemies":"Gremlin Nob","floor":6.0,"turns":3.0},{"damage":5.0,"enemies":"Lots of Slimes","floor":7.0,"turns":2.0},{"damage":0.0,"enemies":"3 Louse","floor":8.0,"turns":2.0},{"damage":0.0,"enemies":"Looter","floor":13.0,"turns":2.0},{"damage":0.0,"enemies":"The Guardian","floor":16.0,"turns":5.0},{"damage":6.0,"enemies":"conspire:FuzzyDice","floor":18.0,"turns":3.0},{"damage":2.0,"enemies":"Shell Parasite","floor":21.0,"turns":2.0},{"damage":6.0,"enemies":"Sentry and Sphere","floor":24.0,"turns":3.0},{"damage":21.0,"enemies":"Slavers","floor":25.0,"turns":2.0},{"damage":2.0,"enemies":"conspire:Head Lice","floor":27.0,"turns":2.0},{"damage":2.0,"enemies":"Snecko","floor":28.0,"turns":2.0},{"damage":2.0,"enemies":"animator:HornedBat","floor":29.0,"turns":2.0},{"damage":7.0,"enemies":"Centurion and Healer","floor":30.0,"turns":2.0},{"damage":24.0,"enemies":"hubris:MusketHawk","floor":33.0,"turns":4.0},{"damage":8.0,"enemies":"Orb Walker","floor":35.0,"turns":2.0},{"damage":4.0,"enemies":"3 Shapes","floor":39.0,"turns":2.0},{"damage":4.0,"enemies":"3 Darklings","floor":40.0,"turns":2.0},{"damage":6.0,"enemies":"Transient","floor":41.0,"turns":6.0},{"damage":4.0,"enemies":"4 Shapes","floor":42.0,"turns":2.0},{"damage":0.0,"enemies":"3 Darklings","floor":44.0,"turns":2.0},{"damage":2.0,"enemies":"Sphere and 2 Shapes","floor":46.0,"turns":1.0},{"damage":2.0,"enemies":"Reptomancer","floor":47.0,"turns":2.0},{"damage":4.0,"enemies":"Transient","floor":48.0,"turns":4.0},{"damage":2.0,"enemies":"conspire:OrnateMirror","floor":50.0,"turns":3.0},{"damage":36.0,"enemies":"animator:UNNAMED_CULTIST_1","floor":54.0,"turns":9.0}],"seed_played":"6190261726515661958","potions_obtained":[{"floor":1.0,"key":"Elixir"},{"floor":6.0,"key":"jedi:hoardpotion"},{"floor":7.0,"key":"Fruit Juice"},{"floor":8.0,"key":"BlessingOfTheForge"},{"floor":54.0,"key":"animator:FalseLifePotion"}],"is_trial":false,"path_per_floor":["M","?","?","M","M","E","M","M","T","?","R","?","M","T","R","B",null,"M","?","?","M","?","R","M","E","T","E","M","E","M","?","R","B",null,"M","?","$","?","M","M","M","M","T","M","R","M","E","M","R","B",null,"R","??","M","M"],"character_chosen":"THE_ANIMATOR","items_purchased":["animator:NononJakuzure","jedi:fakemustache","Lantern","Slimebound:StickyStick","animator:TakanashiRikka"],"campfire_rested":0,"item_purchase_floors":[37,37,37,37,37],"current_hp_per_floor":[72,72,45,43,45,40,41,43,43,43,43,43,43,43,43,46,79,81,81,81,81,81,81,82,72,72,81,82,82,82,82,82,69,82,82,82,82,82,82,82,82,83,83,83,83,83,83,83,83,83,83,83,98,62,0,0],"gold":1084,"neow_bonus":"TEN_PERCENT_HP_BONUS","is_daily":false,"chose_seed":false,"campfire_upgraded":6,"win_rate":0.0,"timestamp":1612936454,"path_taken":["M","?","?","?","M","E","M","?","T","?","R","?","M","?","R","BOSS","M","?","?","M","?","R","?","E","T","E","M","E","M","?","R","BOSS","M","?","$","?","M","M","M","M","T","M","R","M","E","?","R","BOSS","R","??","M","M"],"items_purchased_type":["Card","Relic","Relic","Relic","Card"],"build_version":"2020-12-22","purchased_purges":1,"victory":false,"max_hp_per_floor":[72,72,73,73,73,73,79,79,79,79,79,79,79,79,79,79,79,81,81,81,81,81,81,82,82,82,82,82,82,82,82,82,82,82,82,82,82,82,82,82,82,83,83,83,83,83,83,83,83,83,83,83,98,98,98,98],"card_choices":[{"not_picked":["animator:Alexander","animator:Kazuma"],"picked":"animator:Verdia","floor":1.0},{"not_picked":["animator:Kaijin","animator:Guy","animator:CowGirl","animator:DolaSchwi"],"picked":"animator:Hans","floor":3.0},{"not_picked":["animator:Viivi","animator:Aqua","animator:Tyuule","animator:DolaCouronne"],"picked":"animator:Witch","floor":4.0},{"not_picked":["animator:EmiyaShirou","animator:Bozes","animator:Vesta","animator:Aqua"],"picked":"animator:Millim","floor":5.0},{"not_picked":["animator:Mitsurugi","animator:Aqua","animator:Vanir","animator:Kazuma"],"picked":"animator:Megumin","floor":6.0},{"not_picked":["animator:Gillette","animator:Shion","animator:Aqua","animator:EmiyaShirou"],"picked":"animator:YunYun","floor":7.0},{"not_picked":["animator:Viivi","animator:Verdia","animator:Tet","animator:TukaLunaMarceau"],"picked":"animator:Mitsurugi","floor":8.0},{"not_picked":["animator:Verdia","animator:Assassin","animator:Millim","animator:Vanir"],"picked":"animator:ShinjiMatou","floor":13.0},{"not_picked":["animator:Shizu","animator:Eris","animator:Saber","animator:Hans"],"picked":"animator:Sora","floor":16.0},{"not_picked":["animator:Verdia","animator:Mitsurugi","animator:Vanir","animator:Aqua"],"picked":"animator:Darkness","floor":18.0},{"not_picked":["animator:Jibril+1","animator:Illya","animator:Guy+1","animator:Aqua"],"picked":"animator:Spearman+1","floor":21.0},{"not_picked":["animator:Mitsurugi","animator:DwarfShaman","animator:Megumin","animator:Hans"],"picked":"animator:Benimaru","floor":24.0},{"not_picked":["animator:GazelDwargon+1","animator:GuildGirl+1","animator:EmiyaShirou","animator:Kazuma"],"picked":"animator:Guy","floor":25.0},{"not_picked":["animator:Arpeggio","animator:Kuribayashi","animator:Tyuule","animator:TukaLunaMarceau"],"picked":"animator:YaoHaDucy","floor":27.0},{"not_picked":["animator:Shuna","animator:Illya","animator:ShinjiMatou","animator:Tet"],"picked":"animator:Jibril+1","floor":28.0},{"not_picked":["animator:Gillette+1","animator:Verdia","animator:Assassin","animator:Saber"],"picked":"animator:Gilgamesh","floor":29.0},{"not_picked":["animator:DolaRiku","animator:Vanir","animator:TukaLunaMarceau+1","animator:AcuraTooru"],"picked":"animator:Guy","floor":30.0},{"not_picked":["animator:Shiro","animator:Saber","animator:Wiz","animator:Sora"],"picked":"animator:SwordMaiden","floor":33.0},{"not_picked":["animator:Tet","animator:ChlammyZell","animator:IzunaHatsuse","animator:DolaCouronne"],"picked":"animator:Jibril","floor":35.0},{"not_picked":["animator:DolaCouronne","animator:Vanir+1","animator:Guy+1","animator:YunYun+1","animator:ChlammyZell"],"picked":"SKIP","floor":39.0},{"not_picked":["animator:YaoHaDucy+1","animator:Caster","animator:Guy","animator:Benimaru"],"picked":"animator:RinTohsaka","floor":40.0},{"not_picked":["animator:FielNirvalen","animator:Viivi","animator:Vanir+1","animator:ShinjiMatou+1"],"picked":"animator:Benimaru","floor":41.0},{"not_picked":["animator:LeleiLaLalena","animator:Kuribayashi","animator:TukaLunaMarceau","animator:RoryMercury"],"picked":"animator:Tyuule","floor":42.0},{"not_picked":["animator:Shion","animator:Gillette+1","animator:AcuraTooru+1","animator:Layla+1"],"picked":"animator:Rider+1","floor":44.0},{"not_picked":["animator:Gillette+1","animator:Benimaru+1","animator:ShinjiMatou","animator:Verdia+1"],"picked":"animator:LizardPriest+1","floor":46.0},{"not_picked":["animator:Caster","animator:Layla","animator:Assassin+1","animator:FielNirvalen+1"],"picked":"animator:Saber","floor":47.0},{"not_picked":["animator:DolaRiku","animator:SakuraMatou+1"],"picked":"animator:Alexander","floor":54.0}],"player_experience":235404,"relics_obtained":[{"floor":1.0,"key":"SynthV:TestCard"},{"floor":6.0,"key":"PureWhite:ReiMu"},{"floor":12.0,"key":"ReplayTheSpireMod:Ring of Collecting"},{"floor":12.0,"key":"Ring of Misfortune"},{"floor":14.0,"key":"ReplayTheSpireMod:Ring of Exchange"},{"floor":14.0,"key":"testmod-ArcanaOfDestiny"},{"floor":25.0,"key":"reliquary:SilkGlove"},{"floor":26.0,"key":"ReplayTheSpireMod:Ring of Sloth"},{"floor":26.0,"key":"Pantograph"},{"floor":27.0,"key":"AT_MibuBalloonWealth"},{"floor":29.0,"key":"AT_SunfireAegis"},{"floor":43.0,"key":"DemoMod:NanoMachines"},{"floor":43.0,"key":"Ring of Panic"},{"floor":47.0,"key":"StoneCalendar"},{"floor":53.0,"key":"animator:TheEruzaStone"},{"floor":53.0,"key":"animator:AncientMedallion"}],"event_choices":[{"damage_healed":0.0,"max_hp_gain":0.0,"max_hp_loss":0.0,"gold_gain":0.0,"event_name":"ZunEvent","player_choice":"购买神酒","floor":19.0,"gold_loss":40.0,"damage_taken":0.0,"relics_obtained":["ZunR:ReiMu"]},{"damage_healed":0.0,"max_hp_gain":0.0,"max_hp_loss":0.0,"gold_gain":100.0,"event_name":"Golden Shrine","player_choice":"Pray","floor":22.0,"gold_loss":0.0,"damage_taken":0.0},{"damage_healed":0.0,"max_hp_gain":0.0,"max_hp_loss":0.0,"gold_gain":99.0,"event_name":"Nest","player_choice":"Stole From Cult","floor":31.0,"gold_loss":0.0,"damage_taken":0.0},{"damage_healed":0.0,"max_hp_gain":0.0,"max_hp_loss":0.0,"gold_gain":0.0,"event_name":"给自己的盒子","player_choice":"Swap Relic","floor":36.0,"relics_lost":["DaveBox"],"gold_loss":0.0,"damage_taken":0.0,"relics_obtained":["DaveBox"]},{"damage_healed":0.0,"max_hp_gain":0.0,"max_hp_loss":0.0,"gold_gain":0.0,"event_name":"Wheel of Change","player_choice":"Full Heal","floor":38.0,"gold_loss":0.0,"damage_taken":0.0}],"is_beta":false,"boss_relics":[{"not_picked":["Coffee Dripper","qcfpunch:Crimson_Sash"],"picked":"GreenFoldingFan"},{"not_picked":["bronze:MakeshiftBattery","expansioncontent:StudyCardRelic"],"picked":"REME_ChargedStone"}],"items_purged_floors":[37],"is_endless":false,"potions_floor_spawned":[1,6,7,8,24,27,28,30,33,41,42,46],"killed_by":"animator:TRIPLE_SHAPES_WEAK","ascension_level":0}}