{"host":"627up2rvtmm0cf0r","time":1612938916,"event":{"mods":["ATMod(阿瑾Mod)","Act Like it!","BaseMod","Better Vampires","Bossed Relics","CapriCore","Card Filter","Card Forge","Colored Powertips","DeckTracker","Dota2Spire","Downfall","Energized Spire","Friendly Minions","Highlight Path","Infinite Spire","Jedi Mod","Minty Spire (QoL Compilation)","MostiFishMod","Permanent Neow","Practice Mode","Quick Restart","Relic Stats","Reliquary","Shop Mod","Spicy Shops","StSLib","SuperFastMode","TestMod","Warlord Emblem","【遗物卡牌】REMEMod","篝火指南"],"gold_per_floor":[99,111,36,36,36,52,52,78,78,88,107,122,141,172,182,274,274,274,284,294,72,88,121,121,133,133,233,252,152,152,186,203,305,305,105,120,135,146,146,146,169,179,212,112,112,112,121,135,155,159,159,192,192,192,199,206],"floor_reached":57,"language":"ZHS","playtime":1391,"items_purged":["bronze:Strike","bronze:Strike","bronze:Strike","bronze:Strike","AT_EmpoweredMortalDraw"],"score":2250,"play_id":"ec274004-0b38-4165-8da0-a6dd6349f548","local_time":"20210210143516","is_ascension_mode":true,"campfire_choices":[{"data":"AT_MachinaRedman","floor":1,"key":"SMITH"},{"data":"infinitespire:Oblivion","floor":18,"key":"SMITH"},{"floor":29,"key":"RECALL"},{"data":"infinitespire:Collect","floor":54,"key":"SMITH"}],"circlet_count":0,"master_deck":["bronze:Defend","bronze:Defend","bronze:Defend","bronze:Defend","bronze:Replicate","bronze:Goto","AT_MachinaRedman+1","infinitespire:Oblivion+1","AT_MachinaRedman+1","infinitespire:Collect+1","expansioncontent:AwakenDeath"],"relics":["bronze:BronzeCore","Hammer of Thor","Seething Fire","Anvil of the Gods","DaveBox","testmod-TestBox","REME_ComplimentaryCards","AT_ATBox","jedi:arcanewood","testmod-GoldenSoul","The Courier","AT_RedNoBalance","reliquary:ExpiredCoupon","infinitespire:EmpoweringShard","Dota2Spire:ShivaGuard","AT_MortalBlade","Bottled Flame","Civilization","infinitespire:PuzzleCube","Tiny Chest","Dota2Spire:MagicBottle","REME_HourglassOfDeath","CeramicFish","Ice Cream","reliquary:PrincelyHelmet","downfall:HeartBlessingGreen","Dota2Spire:DrumOfEndurance","reliquary:Knoch","testmod-DeterminationOfClimber","downfall:HeartBlessingRed","testmod-Nyarlathotep","Letter Opener","Blood Vial","downfall:HeartBlessingBlue","reliquary:BoilingFlask","Ornamental Fan"],"acts_visited":["Exordium","TheCity","TheBeyond","TheEnding"],"potions_floor_usage":[],"damage_taken":[{"damage":0,"enemies":"Small Slimes","floor":2,"turns":2},{"damage":0,"enemies":"downfall:FleeingMerchant","floor":3,"turns":4},{"damage":0,"enemies":"Jaw Worm","floor":6,"turns":2},{"damage":5,"enemies":"3 Sentries","floor":8,"turns":5},{"damage":0,"enemies":"2 Louse","floor":10,"turns":1},{"damage":0,"enemies":"Lagavulin","floor":11,"turns":3},{"damage":0,"enemies":"2 Fungi Beasts","floor":12,"turns":2},{"damage":0,"enemies":"Blue Slaver","floor":13,"turns":3},{"damage":0,"enemies":"Gremlin Nob","floor":14,"turns":2},{"damage":0,"enemies":"2 Fungi Beasts","floor":15,"turns":2},{"damage":0,"enemies":"IC_STATUS_ARCHETYPE","floor":16,"turns":6},{"damage":0,"enemies":"3 Byrds","floor":19,"turns":2},{"damage":0,"enemies":"Chosen","floor":20,"turns":2},{"damage":3,"enemies":"downfall:FleeingMerchant","floor":21,"turns":4},{"damage":0,"enemies":"Centurion and Healer","floor":22,"turns":1},{"damage":0,"enemies":"Book of Stabbing","floor":23,"turns":2},{"damage":0,"enemies":"Snecko","floor":25,"turns":2},{"damage":0,"enemies":"Colosseum Nobs","floor":27,"turns":2},{"damage":0,"enemies":"Snake Plant","floor":28,"turns":1},{"damage":0,"enemies":"Nightmare","floor":31,"turns":1},{"damage":0,"enemies":"Shelled Parasite and Fungi","floor":32,"turns":1},{"damage":0,"enemies":"WA_ARCHETYPE_CALM","floor":33,"turns":2},{"damage":0,"enemies":"Orb Walker","floor":36,"turns":1},{"damage":0,"enemies":"3 Darklings","floor":37,"turns":1},{"damage":0,"enemies":"Spire Growth","floor":38,"turns":1},{"damage":0,"enemies":"infinitespire:Three Voidlings","floor":39,"turns":1},{"damage":54,"enemies":"Nightmare_Alpha","floor":39,"turns":7},{"damage":0,"enemies":"Jaw Worm Horde","floor":42,"turns":1},{"damage":0,"enemies":"Nemesis","floor":43,"turns":1},{"damage":0,"enemies":"3 Darklings","floor":48,"turns":1},{"damage":12,"enemies":"4 Shapes","floor":49,"turns":1},{"damage":0,"enemies":"DF_ARCHETYPE_ORBS","floor":50,"turns":1},{"damage":0,"enemies":"downfall:CharBossMerchant","floor":52,"turns":1},{"damage":0,"enemies":"downfall:NeowBoss","floor":55,"turns":4},{"damage":57,"enemies":"downfall:NeowBossFinal","floor":56,"turns":3}],"seed_played":"-491650061512443233","potions_obtained":[{"floor":6,"key":"Dota2Spire:Clarity"},{"floor":10,"key":"Fire Potion"},{"floor":12,"key":"Swift Potion"},{"floor":52,"key":"jedi:StrikingPotion"}],"is_trial":false,"path_per_floor":["R","M","$","?","?","M","T","E","?","M","E","M","M","E","M","B",null,"R","M","M","$","M","E","T","M","?","?","M","R","AVR","NM","M","B",null,"R","M","M","M","?","AVR","T","M","E","R","T","R","?","M","M","B",null,"E","$","R","B","B",null],"character_chosen":"THE_AUTOMATON","items_purchased":["Bottled Flame","Civilization","infinitespire:PuzzleCube","Tiny Chest"],"campfire_rested":0,"item_purchase_floors":[21,21,21,21],"current_hp_per_floor":[17,17,17,13,13,13,13,3,8,11,11,11,11,11,11,11,22,22,11,11,8,13,15,15,17,17,20,23,23,23,25,28,30,56,56,34,41,47,8,8,8,14,20,30,30,30,30,37,34,45,116,121,121,121,126,81],"gold":206,"neow_bonus":"RANDOM_COMMON_RELIC","is_daily":false,"chose_seed":false,"campfire_upgraded":3,"win_rate":0.0,"timestamp":1612938916,"path_taken":["R","M","$","?","?","M","T","E","?","?","E","M","M","E","M","BOSS","R","M","M","$","M","E","T","M","?","?","M","R","AVR","NM","M","BOSS","R","M","M","M","?","AVR","T","M","E","R","?","R","?","M","M","BOSS","E","$","R","BOSS","BOSS"],"items_purchased_type":["Relic","Relic","Relic","Relic"],"build_version":"2020-12-22","purchased_purges":5,"victory":true,"max_hp_per_floor":[17,17,17,17,17,17,17,17,22,22,22,22,22,22,22,22,22,22,22,22,22,24,27,27,31,31,36,41,41,41,46,51,56,56,56,61,66,71,81,81,81,86,91,101,101,101,101,106,111,116,116,121,121,121,126,131],"relic_stats":{"Blood Vial":6,"counters":[35,76],"Ornamental Fan":[52],"CeramicFish":18,"Tiny Chest":1,"Letter Opener":[69],"obtain_stats":[{"Ice Cream":27,"bronze:BronzeCore":0,"AT_ATBox":0,"DaveBox":0,"reliquary:PrincelyHelmet":27,"CeramicFish":26,"reliquary:BoilingFlask":45,"downfall:HeartBlessingGreen":29,"Dota2Spire:DrumOfEndurance":30,"Hammer of Thor":0,"testmod-GoldenSoul":0,"testmod-Nyarlathotep":39,"Dota2Spire:MagicBottle":23,"Blood Vial":43,"Civilization":21,"downfall:HeartBlessingBlue":44,"Tiny Chest":21,"testmod-DeterminationOfClimber":34,"AT_RedNoBalance":36,"testmod-TestBox":0,"downfall:HeartBlessingRed":35,"AT_MortalBlade":17,"Dota2Spire:ShivaGuard":14,"The Courier":0,"AT_SilverBalance":7,"Seething Fire":0,"Letter Opener":40,"reliquary:ExpiredCoupon":8,"Bottled Flame":21,"REME_HourglassOfDeath":24,"Anvil of the Gods":0,"Ornamental Fan":52,"infinitespire:EmpoweringShard":11,"reliquary:Knoch":31,"jedi:arcanewood":0,"infinitespire:PuzzleCube":21,"REME_ComplimentaryCards":0},{"Ice Cream":18,"bronze:BronzeCore":0,"AT_ATBox":0,"DaveBox":0,"reliquary:PrincelyHelmet":18,"CeramicFish":17,"reliquary:BoilingFlask":29,"downfall:HeartBlessingGreen":19,"Dota2Spire:DrumOfEndurance":19,"Hammer of Thor":0,"testmod-GoldenSoul":0,"testmod-Nyarlathotep":27,"Dota2Spire:MagicBottle":16,"Blood Vial":29,"Civilization":14,"downfall:HeartBlessingBlue":29,"Tiny Chest":14,"testmod-DeterminationOfClimber":22,"AT_RedNoBalance":23,"testmod-TestBox":0,"downfall:HeartBlessingRed":22,"AT_MortalBlade":11,"Dota2Spire:ShivaGuard":9,"The Courier":0,"AT_SilverBalance":3,"Seething Fire":0,"Letter Opener":27,"reliquary:ExpiredCoupon":4,"Bottled Flame":14,"REME_HourglassOfDeath":16,"Anvil of the Gods":0,"Ornamental Fan":33,"infinitespire:EmpoweringShard":6,"reliquary:Knoch":20,"jedi:arcanewood":0,"infinitespire:PuzzleCube":14,"REME_ComplimentaryCards":0},{"Ice Cream":47,"bronze:BronzeCore":0,"AT_ATBox":0,"DaveBox":0,"reliquary:PrincelyHelmet":47,"CeramicFish":45,"reliquary:BoilingFlask":65,"downfall:HeartBlessingGreen":48,"Dota2Spire:DrumOfEndurance":48,"Hammer of Thor":0,"testmod-GoldenSoul":0,"testmod-Nyarlathotep":63,"Dota2Spire:MagicBottle":43,"Blood Vial":65,"Civilization":40,"downfall:HeartBlessingBlue":65,"Tiny Chest":40,"testmod-DeterminationOfClimber":52,"AT_RedNoBalance":52,"testmod-TestBox":0,"downfall:HeartBlessingRed":52,"AT_MortalBlade":32,"Dota2Spire:ShivaGuard":24,"The Courier":0,"AT_SilverBalance":8,"Seething Fire":0,"Letter Opener":63,"reliquary:ExpiredCoupon":13,"Bottled Flame":40,"REME_HourglassOfDeath":43,"Anvil of the Gods":0,"Ornamental Fan":69,"infinitespire:EmpoweringShard":17,"reliquary:Knoch":49,"jedi:arcanewood":0,"infinitespire:PuzzleCube":40,"REME_ComplimentaryCards":0}]},"card_choices":[{"not_picked":["bronze:BugBarrage","bronze:NullPointer","bronze:Invalidate"],"picked":"SKIP","floor":2},{"not_picked":["bronze:ClassDefault","bronze:Turbo","bronze:BugBarrage"],"picked":"SKIP","floor":3},{"not_picked":["infinitespire:DeathsTouch","infinitespire:SevenWalls"],"picked":"infinitespire:Oblivion","floor":4},{"not_picked":["bronze:OilSpill","bronze:MaxOutput","bronze:Fortify"],"picked":"SKIP","floor":6},{"not_picked":["bronze:Constructor","bronze:Separator","bronze:WildBeam"],"picked":"SKIP","floor":8},{"not_picked":["bronze:Overheat","bronze:DigitalCarnage","bronze:Return"],"picked":"SKIP","floor":10},{"not_picked":["bronze:Mutator","bronze:BronzeArmor","bronze:Shield"],"picked":"SKIP","floor":11},{"not_picked":["bronze:Constructor","bronze:DelayedGuard","bronze:ChildClass"],"picked":"SKIP","floor":12},{"not_picked":["bronze:DelayedGuard","bronze:BuggyMess","bronze:Turbo"],"picked":"SKIP","floor":13},{"not_picked":["bronze:Break","bronze:Assembly","bronze:DelayedGuard"],"picked":"SKIP","floor":14},{"not_picked":["bronze:BitShift","bronze:Constructor","bronze:Allocate"],"picked":"SKIP","floor":15},{"not_picked":["bronze:BugBarrage","bronze:BitShift","bronze:BuggyMess+1"],"picked":"SKIP","floor":19},{"not_picked":["bronze:Flail","bronze:Constructor","bronze:NullPointer"],"picked":"SKIP","floor":20},{"not_picked":["bronze:CutThrough+1","bronze:DelayedGuard","bronze:Boost"],"picked":"SKIP","floor":21},{"not_picked":["bronze:Overload","bronze:Turbo","bronze:FollowUp+1"],"picked":"SKIP","floor":22},{"not_picked":["bronze:FollowUp","bronze:Virus","bronze:BugBarrage"],"picked":"SKIP","floor":23},{"not_picked":["bronze:BugBarrage+1","bronze:Separator","bronze:DelayedSlice"],"picked":"SKIP","floor":25},{"not_picked":["bronze:ChildClass","bronze:Separator+1","bronze:Deprecate"],"picked":"SKIP","floor":28},{"not_picked":["bronze:Terminator","bronze:Refactor","bronze:Safeguard"],"picked":"SKIP","floor":31},{"not_picked":["bronze:BugBarrage","bronze:MaxOutput+1","bronze:ChosenStrike"],"picked":"SKIP","floor":32},{"not_picked":["bronze:Frontload+1","bronze:DelayedGuard+1","bronze:FineTuning"],"picked":"SKIP","floor":36},{"not_picked":["bronze:Deprecate","bronze:Overheat","bronze:DelayedSlice+1"],"picked":"SKIP","floor":37},{"not_picked":["bronze:Separator+1","bronze:Iterate+1","bronze:CutThrough+1"],"picked":"SKIP","floor":38},{"not_picked":["infinitespire:DeathsTouch","infinitespire:Starlight"],"picked":"infinitespire:Collect","floor":39},{"not_picked":["bronze:Repair","bronze:CloningBeam","bronze:ShipIt"],"picked":"SKIP","floor":42},{"not_picked":["bronze:Turbo+1","bronze:WildBeam","bronze:DigitalCarnage"],"picked":"SKIP","floor":43},{"not_picked":["expansioncontent:LastStand","expansioncontent:InvincibleStrength"],"picked":"expansioncontent:AwakenDeath","floor":47},{"not_picked":["bronze:MaxOutput","bronze:DigitalCarnage","bronze:Invalidate+1"],"picked":"SKIP","floor":48},{"not_picked":["bronze:Optimize+1","bronze:ItsAFeature+1","bronze:MaxOutput+1"],"picked":"SKIP","floor":49},{"not_picked":["bronze:Hardcode","bronze:Constructor","bronze:InfiniteBeams+1"],"picked":"SKIP","floor":52}],"player_experience":155850,"relics_obtained":[{"floor":7,"key":"AT_SilverBalance"},{"floor":8,"key":"reliquary:ExpiredCoupon"},{"floor":11,"key":"infinitespire:EmpoweringShard"},{"floor":14,"key":"Dota2Spire:ShivaGuard"},{"floor":23,"key":"Dota2Spire:MagicBottle"},{"floor":24,"key":"REME_HourglassOfDeath"},{"floor":26,"key":"CeramicFish"},{"floor":27,"key":"Ice Cream"},{"floor":27,"key":"reliquary:PrincelyHelmet"},{"floor":31,"key":"reliquary:Knoch"},{"floor":39,"key":"testmod-Nyarlathotep"},{"floor":43,"key":"Blood Vial"},{"floor":45,"key":"reliquary:BoilingFlask"},{"floor":52,"key":"Ornamental Fan"}],"event_choices":[{"damage_healed":0,"gold_gain":0,"player_choice":"Ignored","damage_taken":0,"max_hp_gain":0,"max_hp_loss":0,"event_name":"给自己的盒子","floor":5,"gold_loss":0},{"damage_healed":0,"gold_gain":0,"player_choice":"Donut","damage_taken":0,"max_hp_gain":5,"max_hp_loss":0,"event_name":"Big Fish","floor":9,"gold_loss":0}],"is_beta":false,"boss_relics":[{"not_picked":["RhineFirstAidKit","reliquary:KinkedSpring"],"picked":"AT_MortalBlade"},{"not_picked":["TimeKeys","NightmareShop"],"picked":"testmod-DeterminationOfClimber"}],"items_purged_floors":[3,21,30,35,40],"is_endless":false,"potions_floor_spawned":[6,10,12,14,19,25,27,28,31,39,39,43,49,52],"ascension_level":4}}