{"host":"p5axfb00mxhraew6","time":1612963290,"event":{"mods":["100% Spire Juice","Abigail Mod","Act Like it!","BaseMod","CapriCore","Friendly Minions","GifTheSpireLib","Jedi Mod","KomeijiMod","Lobotomy","MarisaÅiñ∂âJÅ@ñÇóùçπÅj","Minty Spire (QoL Compilation)","Prisma Mod","ReimuÅiîé??öÎÅj","RemiliaÅiÂQïƒ‰ª?Åj","SOSÅiézîb?îVéqÅj","StSLib","Td1madao Mod","The Alterego","The Immortal","The Problem Sleuth","Yakumo Yukari mod"],"gold_per_floor":[120,152,152,244,8,8,8,8,62,62,139,139,185,227,227,344,344,406,326,357,379,95,95,95,95,164,188,188,251,251,355,355,468,468,510,549,5,5,58,58,131,131,131,164,239,239,289,307,307,307,342,342,342,342,59,88,102],"floor_reached":58,"language":"ENG","playtime":2593,"items_purged":["Shoot","Defend_Dante","Shoot+1"],"score":3328,"play_id":"1843f2de-2395-4936-bc9d-ae051ddaff67","local_time":"20210210222130","is_ascension_mode":true,"campfire_choices":[{"data":"Swordcombo","floor":6,"key":"SMITH"},{"floor":8,"key":"REST"},{"data":"Attack_b","floor":10,"key":"SMITH"},{"data":"Provocation","floor":12,"key":"SMITH"},{"data":"Dash2","floor":15,"key":"SMITH"},{"data":"Rebellion","floor":23,"key":"SMITH"},{"data":"Apotheosis","floor":25,"key":"SMITH"},{"data":"Swordmaster","floor":28,"key":"SMITH"},{"floor":30,"key":"REST"},{"data":"Weaponchange","floor":32,"key":"SMITH"},{"floor":40,"key":"RECALL"},{"floor":42,"key":"REST"},{"data":"Swordcombo","floor":46,"key":"SMITH"},{"data":"Dash2","floor":49,"key":"SMITH"},{"data":"Dash1","floor":54,"key":"SMITH"}],"circlet_count":0,"master_deck":["AscendersBane","Attack_a","Attack_a","Attack_b+1","Provocation+1","Defend_Dante+1","Defend_Dante","Defend_Dante","Redorb+1","Dash2+1","Stinger","Swordcombo+1","SSScard","Dash1+1","Swordcombo+1","Rebellion+1","Royaldefend","Apotheosis+1","Royaldefend","Swordmaster+1","Weaponchange+1","Enemystep","Hightime","Airtrick","Royaldefend","Stinger","Dash2+1","Swordcombo"],"relics":["SSS","Combocheck","Lantern","Gremlin Horn","RuthlessExorcism:ReiMu","jedi:hotpepper","ZunR:ReiMu","jedi:arcanewood","Ornamental Fan","ShirouKen","Art of War","Black Star","Vajra","HornCleat","CaptainsWheel","Thread and Needle","Dream Catcher","KyoryuNoHagoromo","CatCart","MealTicket","InkBottle","Shuriken","Letter Opener"],"acts_visited":["Exordium","TheCity","TheBeyond","TheEnding"],"potions_floor_usage":[11,14,16,27,56,57],"damage_taken":[{"damage":5,"enemies":"2 Louse","floor":1,"turns":2},{"damage":10,"enemies":"Jaw Worm","floor":2,"turns":6},{"damage":8,"enemies":"Small Slimes","floor":4,"turns":6},{"damage":0,"enemies":"Lagavulin","floor":11,"turns":3},{"damage":3,"enemies":"3 Louse","floor":13,"turns":3},{"damage":0,"enemies":"Gremlin Nob","floor":14,"turns":2},{"damage":19,"enemies":"The Guardian","floor":16,"turns":10},{"damage":16,"enemies":"2 Thieves","floor":18,"turns":4},{"damage":0,"enemies":"Shell Parasite","floor":20,"turns":1},{"damage":0,"enemies":"Snake Plant","floor":21,"turns":2},{"damage":0,"enemies":"Shelled Parasite and Fungi","floor":27,"turns":1},{"damage":16,"enemies":"Slavers","floor":29,"turns":2},{"damage":0,"enemies":"Gremlin Leader","floor":31,"turns":2},{"damage":6,"enemies":"Champ","floor":33,"turns":3},{"damage":0,"enemies":"3 Darklings","floor":35,"turns":2},{"damage":10,"enemies":"3 Shapes","floor":36,"turns":2},{"damage":0,"enemies":"Sphere and 2 Shapes","floor":39,"turns":1},{"damage":0,"enemies":"Giant Head","floor":41,"turns":2},{"damage":0,"enemies":"Nemesis","floor":44,"turns":2},{"damage":0,"enemies":"Orin","floor":45,"turns":2},{"damage":0,"enemies":"Giant Head","floor":47,"turns":2},{"damage":0,"enemies":"Transient","floor":48,"turns":4},{"damage":0,"enemies":"Time Eater","floor":50,"turns":3},{"damage":0,"enemies":"Donu and Deca","floor":51,"turns":1},{"damage":0,"enemies":"Shield and Spear","floor":56,"turns":1},{"damage":8,"enemies":"The Heart","floor":57,"turns":5}],"seed_played":"-7456408064286959661","potions_obtained":[{"floor":1,"key":"PowerPotion"},{"floor":4,"key":"LiquidBronze"},{"floor":13,"key":"RedTea"},{"floor":18,"key":"Swift Potion"},{"floor":31,"key":"SteroidPotion"},{"floor":33,"key":"CalmPotion"},{"floor":35,"key":"BlessingOfTheForge"},{"floor":39,"key":"ColorlessPotion"},{"floor":48,"key":"SteroidPotion"}],"is_trial":false,"path_per_floor":["M","M","?","M","$","R","$","R","T","R","E","R","M","E","R","B",null,"M","?","M","M","$","R","?","R","T","M","R","E","R","E","R","B",null,"M","M","$","?","M","R","E","R","T","E","?","R","E","M","R","B","B",null,null,"R","$","E","B",null],"character_chosen":"DANTE","items_purchased":["Swordcombo","Apotheosis","Royaldefend","Vajra","HornCleat","Swordcombo"],"campfire_rested":3,"item_purchase_floors":[5,22,22,37,37,55],"current_hp_per_floor":[63,53,30,22,22,22,22,44,44,44,44,44,41,41,41,22,48,32,27,27,27,27,27,27,27,27,27,27,11,27,27,27,21,47,47,37,37,37,37,37,37,52,52,52,52,52,52,52,52,52,52,52,53,53,53,53,45],"gold":102,"neow_bonus":"UPGRADE_CARD","is_daily":false,"chose_seed":false,"campfire_upgraded":11,"win_rate":0.0,"timestamp":1612963290,"path_taken":["M","M","?","M","$","R","$","R","T","R","E","R","M","E","R","BOSS","M","?","M","M","$","R","?","R","T","M","R","E","R","E","R","BOSS","M","M","$","?","M","R","E","R","T","E","?","R","E","M","R","BOSS","BOSS","R","$","E","BOSS"],"items_purchased_type":["Card","Card","Card","Relic","Relic","Card"],"build_version":"2020-12-22","purchased_purges":3,"victory":true,"max_hp_per_floor":[75,75,75,75,75,75,75,75,75,75,75,75,75,75,75,75,56,56,56,56,56,56,56,56,56,56,56,56,56,56,56,56,56,56,56,56,56,53,53,53,53,53,53,53,53,53,53,53,53,53,53,53,53,53,53,53,53],"card_choices":[{"not_picked":["Gunstinger","Unrisingdragon","Weaponupgrade"],"picked":"SKIP","floor":1},{"not_picked":["Chargeshoot2","Fullhouse"],"picked":"Dash2","floor":2},{"not_picked":["Airhike","Fullhouse"],"picked":"Stinger","floor":4},{"not_picked":["Honeycombofire","LucifercomboD"],"picked":"SSScard","floor":11},{"not_picked":["Gunslinger","Chargeshoot2"],"picked":"Dash1","floor":13},{"not_picked":["BeastUppercut","GilgameshcomboA","Goldorb"],"picked":"SKIP","floor":14},{"not_picked":["Enemystep","Goldorb"],"picked":"Swordcombo","floor":16},{"not_picked":["Chargeshoot","Chargeshoot2","Fullhouse"],"picked":"SKIP","floor":18},{"not_picked":["EbonyIvory","Gunslinger"],"picked":"Rebellion","floor":20},{"not_picked":["Lucifer","DT"],"picked":"Royaldefend","floor":21},{"not_picked":["Gilgamesh","Stinger"],"picked":"Swordmaster","floor":27},{"not_picked":["Millionkick","Weaponreturn","LucifercomboD"],"picked":"SKIP","floor":29},{"not_picked":["Straight","Goldorb"],"picked":"Weaponchange","floor":31},{"not_picked":["Royalguard","Weaponreturn"],"picked":"Enemystep","floor":33},{"not_picked":["LucifercomboC","LucifercomboA"],"picked":"Hightime","floor":35},{"not_picked":["Shock","LucifercomboD","LucifercomboC"],"picked":"SKIP","floor":36},{"not_picked":["GilgameshcomboA","EbonyIvory"],"picked":"Airtrick","floor":39},{"not_picked":["Shock","SSScard"],"picked":"Royaldefend","floor":41},{"not_picked":["DT","Whiteorb+1"],"picked":"Stinger","floor":44},{"not_picked":["VitalstarL","Weaponupgrade","VitalstarS"],"picked":"SKIP","floor":47},{"not_picked":["Unrisingdragon","VitalstarS"],"picked":"Dash2","floor":48},{"not_picked":["Splesh","Gilgamesh","Gunslinger+1"],"picked":"SKIP","floor":56}],"player_experience":1290033,"relics_obtained":[{"floor":9,"key":"Lantern"},{"floor":11,"key":"Gremlin Horn"},{"floor":14,"key":"RuthlessExorcism:ReiMu"},{"floor":24,"key":"jedi:arcanewood"},{"floor":26,"key":"Ornamental Fan"},{"floor":29,"key":"ShirouKen"},{"floor":31,"key":"Art of War"},{"floor":41,"key":"CaptainsWheel"},{"floor":41,"key":"Thread and Needle"},{"floor":44,"key":"Dream Catcher"},{"floor":44,"key":"KyoryuNoHagoromo"},{"floor":45,"key":"CatCart"},{"floor":47,"key":"MealTicket"},{"floor":47,"key":"InkBottle"},{"floor":56,"key":"Shuriken"},{"floor":56,"key":"Letter Opener"}],"event_choices":[{"damage_healed":0,"gold_gain":0,"player_choice":"Entered Light","damage_taken":23,"max_hp_gain":0,"max_hp_loss":0,"event_name":"Shining Light","floor":3,"gold_loss":0,"cards_upgraded":["Shoot","Defend_Dante"]},{"damage_healed":0,"gold_gain":0,"player_choice":"Keep O-miki","damage_taken":5,"relics_obtained":["ZunR:ReiMu"],"max_hp_gain":0,"max_hp_loss":0,"event_name":"ZunEvent","floor":19,"gold_loss":0},{"damage_healed":0,"gold_gain":0,"player_choice":"Max HP","damage_taken":0,"max_hp_gain":0,"max_hp_loss":3,"event_name":"Winding Halls","floor":38,"gold_loss":0},{"damage_healed":0,"gold_gain":0,"player_choice":"Fight","damage_taken":0,"max_hp_gain":0,"max_hp_loss":0,"event_name":"OrinTheCat","floor":45,"gold_loss":0}],"is_beta":false,"boss_relics":[{"not_picked":["SlaversCollar","Pandora\u0027s Box"],"picked":"jedi:hotpepper"},{"not_picked":["Philosopher\u0027s Stone","Astrolabe"],"picked":"Black Star"}],"items_purged_floors":[5,37,55],"is_endless":false,"potions_floor_spawned":[1,4,13,18,31,33,35,39,48],"ascension_level":20}}