{"host":"kdt6w7ix8lwe69i9","time":1612969014,"event":{"mods":["100% Spire Juice","BaseMod","ChefMod","Evolution","Koishi","Minty Spire (QoL Compilation)","Poor People Problems","Reimu（博丽灵梦）","Robot Space Explorer","Shade Mod","StSLib","The Druid","The Gatherer","The Poker Player","The Servant 0.9.4","TheSurvivalist"],"gold_per_floor":[113,131,131,306,317,317,327,341,341,15,29,29,40,40,40,140,140,150,180,95,105,115,115,126,126,151,251,268,268,268,268],"floor_reached":30,"language":"ENG","playtime":28559,"items_purged":[],"score":224,"play_id":"2941a30c-dd9a-4917-b635-e74045821b25","local_time":"20210210095654","is_ascension_mode":false,"campfire_choices":[{"data":"Koishi:SilentAndRestless","floor":6,"key":"SMITH"},{"floor":12,"key":"REST"},{"floor":15,"key":"REST"},{"floor":23,"key":"REST"},{"floor":25,"key":"REST"}],"circlet_count":0,"master_deck":["Koishi:BasicStrike+1","Koishi:BasicStrike+1","Koishi:BasicStrike+1","Koishi:BasicDefend+1","Koishi:BasicDefend+1","Koishi:BasicDefend+1","Koishi:BasicDefend+1","Koishi:Provoke","Koishi:HauntingSlash","Koishi:LastRemote","Koishi:SubterraneanRose+1","Koishi:SilentAndRestless+1","Koishi:UnconsciousUprising","Koishi:SubconsciousSweep+1","Koishi:BramblyRoseGarden","Koishi:StingingMind","Koishi:BramblyRoseGarden","Koishi:TerrifyingSpectre","Koishi:RacingHeart","Koishi:HeartStoppingHorror","Koishi:MassHysteria+1","Koishi:SubterraneanRose+1","Koishi:UnconsciousUprising","Koishi:PhantomBarrier+1","Koishi:SubterraneanRose","Koishi:SubconsciousSweep","Koishi:Possession","Koishi:ConfinedInnocent","Koishi:SprinkleStarAndHeart"],"relics":["Koishi:ImaginaryFriend","EVO:Axolotl","NeowsBlessing","Dream Catcher","Mercury Hourglass","Empty Cage","Red Mask","Happy Flower","Strawberry","Shovel","StrikeDummy"],"acts_visited":["Exordium","TheCity"],"potions_floor_usage":[16,18,22,22],"damage_taken":[{"damage":0,"enemies":"Cultist","floor":1,"turns":1},{"damage":0,"enemies":"Small Slimes","floor":2,"turns":1},{"damage":0,"enemies":"Jaw Worm","floor":5,"turns":1},{"damage":26,"enemies":"Lots of Slimes","floor":7,"turns":6},{"damage":17,"enemies":"Exordium Wildlife","floor":8,"turns":10},{"damage":5,"enemies":"Looter","floor":11,"turns":3},{"damage":0,"enemies":"3 Louse","floor":13,"turns":1},{"damage":46,"enemies":"The Guardian","floor":16,"turns":11},{"damage":21,"enemies":"3 Byrds","floor":18,"turns":3},{"damage":30,"enemies":"Masked Bandits","floor":19,"turns":5},{"damage":13,"enemies":"Spheric Guardian","floor":21,"turns":5},{"damage":13,"enemies":"Centurion and Healer","floor":22,"turns":10},{"damage":10,"enemies":"Snake Plant","floor":24,"turns":4},{"damage":16,"enemies":"Colosseum Slavers","floor":27,"turns":5},{"damage":9,"enemies":"Colosseum Nobs","floor":27,"turns":5},{"damage":12,"enemies":"Snecko","floor":28,"turns":6},{"damage":15,"enemies":"Shelled Parasite and Fungi","floor":30,"turns":3}],"seed_played":"-6726314603377697021","potions_obtained":[{"floor":1,"key":"FairyPotion"},{"floor":7,"key":"PowerPotion"},{"floor":8,"key":"FairyPotion"},{"floor":16,"key":"MagicPotion:ReiMu"},{"floor":18,"key":"SteroidPotion"},{"floor":19,"key":"Explosive Potion"}],"is_trial":false,"path_per_floor":["M","M","?","?","M","R","M","M","T","$","M","R","M","?","R","B",null,"M","?","?","M","M","R","M","R","T","?","M","?","M"],"character_chosen":"KOISHI","items_purchased":["Mercury Hourglass","Koishi:BramblyRoseGarden"],"campfire_rested":4,"item_purchase_floors":[10,10],"current_hp_per_floor":[60,60,60,60,60,60,35,20,20,20,15,33,33,21,39,25,60,39,10,10,16,8,26,16,34,41,21,12,12,0,0],"gold":268,"neow_bonus":"THREE_ENEMY_KILL","is_daily":false,"chose_seed":false,"campfire_upgraded":1,"win_rate":0.0,"timestamp":1612969014,"path_taken":["M","M","?","?","?","R","M","M","T","$","?","R","M","?","R","BOSS","M","?","?","M","M","R","M","R","T","?","M","?","M"],"items_purchased_type":["Relic","Card"],"build_version":"2020-12-22","purchased_purges":0,"victory":false,"max_hp_per_floor":[60,60,60,60,60,60,60,60,60,60,60,60,60,60,60,60,60,60,60,60,60,60,60,60,60,67,67,67,67,67,67],"card_choices":[{"not_picked":["Koishi:FreudianInstinct","Koishi:SpiritedAway"],"picked":"Koishi:LastRemote","floor":1},{"not_picked":["Koishi:HeartfeltFancy","Koishi:GeneticsOfTheUnconscious"],"picked":"Koishi:SubterraneanRose","floor":2},{"not_picked":["Koishi:GeneticsOfTheUnconscious","Koishi:BloodcurdlingScream"],"picked":"Koishi:SilentAndRestless","floor":5},{"not_picked":["Koishi:Jaunt","Koishi:DanmakuParanoia"],"picked":"Koishi:UnconsciousUprising","floor":7},{"not_picked":["Koishi:UnconsciousUrges","Koishi:SprinkleStarAndHeart"],"picked":"Koishi:SubconsciousSweep","floor":8},{"not_picked":["Koishi:BloodcurdlingScream","Koishi:FidgetySnatcher"],"picked":"Koishi:StingingMind","floor":11},{"not_picked":["Koishi:SprinkleStarAndHeart","Koishi:CatchAndRose"],"picked":"Koishi:BramblyRoseGarden","floor":12},{"not_picked":["Koishi:ReflexRadar","Koishi:DreadfulBlow"],"picked":"Koishi:TerrifyingSpectre","floor":13},{"not_picked":["Koishi:DreadfulBlow","Koishi:FleetingPhantom"],"picked":"Koishi:RacingHeart","floor":15},{"not_picked":["Koishi:FormlessExistence","Koishi:GrowingPain"],"picked":"Koishi:HeartStoppingHorror","floor":16},{"not_picked":["Koishi:FleetingPhantom+1","Koishi:HeartfeltFancy+1"],"picked":"Koishi:MassHysteria+1","floor":18},{"not_picked":["Koishi:CatchAndRose","Koishi:ReflexRadar+1"],"picked":"Koishi:SubterraneanRose+1","floor":19},{"not_picked":["Koishi:EmbryosDream","Koishi:FleetingPhantom"],"picked":"Koishi:UnconsciousUprising","floor":21},{"not_picked":["Koishi:SprinkleStarAndHeart","Koishi:Prune"],"picked":"Koishi:PhantomBarrier+1","floor":22},{"not_picked":["Koishi:UnconsciousUprising+1","Koishi:SpiritedAway"],"picked":"Koishi:SubterraneanRose","floor":23},{"not_picked":["Koishi:PhilosophyOfTheDespised","Koishi:Vanish+1"],"picked":"Koishi:SubconsciousSweep","floor":24},{"not_picked":["Koishi:GeneticsOfTheUnconscious","Koishi:VengefulSpirit"],"picked":"Koishi:Possession","floor":25},{"not_picked":["Koishi:SubconsciousSweep+1","Koishi:FleetingPhantom"],"picked":"Koishi:ConfinedInnocent","floor":27},{"not_picked":["Koishi:RacingHeart","Koishi:UnansweredLove"],"picked":"Koishi:SprinkleStarAndHeart","floor":28}],"player_experience":1446906,"relics_obtained":[{"floor":9,"key":"Dream Catcher"},{"floor":19,"key":"Red Mask"},{"floor":26,"key":"Strawberry"},{"floor":27,"key":"Shovel"},{"floor":27,"key":"StrikeDummy"}],"event_choices":[{"damage_healed":0,"gold_gain":0,"player_choice":"Leave","damage_taken":0,"max_hp_gain":0,"max_hp_loss":0,"event_name":"The Cleric","floor":3,"gold_loss":0},{"damage_healed":0,"gold_gain":175,"player_choice":"AGREE","damage_taken":0,"max_hp_gain":0,"max_hp_loss":0,"event_name":"Liars Game","floor":4,"gold_loss":0,"cards_obtained":["Doubt"]},{"damage_healed":0,"gold_gain":0,"player_choice":"Entered Light","damage_taken":12,"max_hp_gain":0,"max_hp_loss":0,"event_name":"Shining Light","floor":14,"gold_loss":0,"cards_upgraded":["Koishi:SubterraneanRose","Koishi:SubconsciousSweep"]},{"damage_healed":0,"gold_gain":0,"player_choice":"Fought Bandits","damage_taken":0,"max_hp_gain":0,"max_hp_loss":0,"event_name":"Masked Bandits","floor":19,"gold_loss":0},{"damage_healed":0,"gold_gain":0,"player_choice":"Obtained Relic","damage_taken":0,"relics_obtained":["Happy Flower"],"max_hp_gain":0,"max_hp_loss":0,"event_name":"Addict","floor":20,"gold_loss":85},{"damage_healed":0,"gold_gain":0,"player_choice":"Fight","damage_taken":0,"max_hp_gain":0,"max_hp_loss":0,"event_name":"Colosseum","floor":27,"gold_loss":0},{"damage_healed":0,"gold_gain":0,"player_choice":"Fought Nobs","damage_taken":0,"max_hp_gain":0,"max_hp_loss":0,"event_name":"Colosseum","floor":27,"gold_loss":0},{"damage_healed":0,"gold_gain":0,"player_choice":"Simplicity","damage_taken":0,"max_hp_gain":0,"max_hp_loss":0,"event_name":"Back to Basics","floor":29,"gold_loss":0,"cards_upgraded":["Koishi:BasicStrike","Koishi:BasicStrike","Koishi:BasicStrike","Koishi:BasicDefend","Koishi:BasicDefend","Koishi:BasicDefend","Koishi:BasicDefend"]}],"is_beta":false,"boss_relics":[{"not_picked":["Fusion Hammer","Sozu"],"picked":"Empty Cage"}],"items_purged_floors":[],"is_endless":false,"potions_floor_spawned":[1,7,8,13,16,18,19],"killed_by":"Shelled Parasite and Fungi","ascension_level":0}}