{"host":"vca5odlxycr7xk6d","time":1612973153,"event":{"mods":["Act Like it!","Arknights","BaseMod","Better Note","BetterRewards","Gensokyo","GungeonMod","Hermit","Hubris","Infinite Spire","Marisa????????","Minty Spire (QoL Compilation)","Morshu Shopkeeper","Reimu??????","Replay The Spire","Shop Mod","Spire Arcade","StSLib","The Animator","The Cursed","The Fake Hero","The Poker Player"],"gold_per_floor":[126,137,137,184,198,251,251,176,203,223,276,309,309,335,335,462,462,496,496,154,177,204,204,239,239,239,239,239,265,274,299,299,397,397,407,434,171,188,103,103,148,148,171,217,0,23,46,25,25,43],"floor_reached":51,"language":"ENG","playtime":3863,"items_purged":["animator:Defend","animator:Defend","animator:Strike"],"score":790,"play_id":"2d86cb9f-1763-468b-b2f1-520dbb6f6ccc","local_time":"20210210230553","is_ascension_mode":false,"campfire_choices":[{"data":"animator:Chris","floor":7,"key":"SMITH"},{"data":"animator:NagisaMomoe","floor":13,"key":"SMITH"},{"data":"animator:Strike","floor":15,"key":"PURGE"},{"data":"animator:Saitama","floor":23,"key":"SMITH"},{"data":"animator:HomuraAkemi","floor":25,"key":"SMITH"},{"data":"animator:SuzuneAmano","floor":32,"key":"SMITH"},{"data":"animator:KyokoSakura","floor":40,"key":"SMITH"},{"data":"animator:Cirno","floor":42,"key":"SMITH"},{"data":"animator:Genos","floor":49,"key":"SMITH"}],"circlet_count":0,"master_deck":["animator:IrohaTamaki","animator:YuiTsuruno","animator:SayakaMiki","animator:Chris+1","animator:NagisaMomoe+1","animator:Mikaela+1","animator:SuzuneAmano+1","animator:HomuraAkemi+1","animator:Saitama+1","animator:KyokoSakura+1","animator:Tatsumaki+1","animator:WinryRockbell","animator:Darkness","animator:Shigure","animator:Darkness","animator:Hans","Gensokyo:AllTheWorldsEvil","CommonCold","animator:Curse_GriefSeed","animator:Shigure+1","animator:OrikoMikuni","animator:Cirno+1","animator:Sonic+1","animator:Hans","Parasite","animator:Priestess+1","Amnesia","animator:DwarfShaman","animator:Genos+1","animator:QuestionMark+1","animator:Shinoa"],"relics":["animator:LivingPicture","animator:TheMissingPiece","Pet Ghost","CaptainsWheel","DemoMod:ClearGuonStone","DemoMod:MonsterBlood","Honey Jar","DemoMod:NanoMachines","Darkstone Periapt","Tiny Chest","Replay:Bottled Flurry","infinitespire:Lucky Rock","RuthlessExorcism:ReiMu","DemoMod:OrangeGuonStone","Charon\u0027s Ashes","Replay:Baseball","MerchantsRug","Gremlin Horn","Blue Doll","Dream Catcher","Replay:Mystery Machine","Red Mask","Regal Pillow","ReplayTheSpireMod:CursedCoin"],"acts_visited":["Exordium","TheCity","TheBeyond"],"potions_floor_usage":[6,24,29,31,33,47,50,50,50,50],"damage_taken":[{"damage":2,"enemies":"ats:Genji","floor":1,"turns":3},{"damage":0,"enemies":"Jaw Worm","floor":2,"turns":6},{"damage":0,"enemies":"Cultist","floor":5,"turns":4},{"damage":1,"enemies":"Lagavulin","floor":6,"turns":10},{"damage":6,"enemies":"3 Louse","floor":10,"turns":3},{"damage":11,"enemies":"Replay:BlueRogue","floor":11,"turns":8},{"damage":2,"enemies":"Blue Slaver","floor":12,"turns":3},{"damage":1,"enemies":"Red Slaver","floor":14,"turns":3},{"damage":0,"enemies":"Slime Boss","floor":16,"turns":10},{"damage":0,"enemies":"Spheric Guardian","floor":18,"turns":3},{"damage":0,"enemies":"Shell Parasite","floor":22,"turns":5},{"damage":8,"enemies":"Centurion and Healer","floor":24,"turns":3},{"damage":0,"enemies":"Sentry and Sphere","floor":29,"turns":4},{"damage":23,"enemies":"Snecko","floor":30,"turns":7},{"damage":15,"enemies":"Snake Plant","floor":31,"turns":3},{"damage":14,"enemies":"hubris:MusketHawk","floor":33,"turns":7},{"damage":13,"enemies":"3 Darklings","floor":35,"turns":4},{"damage":0,"enemies":"3 Shapes","floor":38,"turns":3},{"damage":1,"enemies":"Nemesis","floor":41,"turns":8},{"damage":0,"enemies":"R_Hoarder","floor":44,"turns":9},{"damage":0,"enemies":"Writhing Mass","floor":47,"turns":5},{"damage":24,"enemies":"Replay:Hell Engine","floor":50,"turns":10}],"seed_played":"8993712601588134136","potions_obtained":[{"floor":5,"key":"Dexterity Potion"},{"floor":10,"key":"ColorlessPotion"},{"floor":12,"key":"Swift Potion"},{"floor":14,"key":"Ancient Potion"},{"floor":16,"key":"Explosive Potion"},{"floor":18,"key":"Swift Potion"},{"floor":24,"key":"SkillPotion"},{"floor":29,"key":"DuplicationPotion"},{"floor":33,"key":"Swift Potion"},{"floor":38,"key":"Dexterity Potion"},{"floor":47,"key":"DemoMod:LeadSkinPotion"}],"is_trial":false,"path_per_floor":["M","M","?","?","M","E","R","$","T","M","E","M","R","M","R","B",null,"M","?","$","T","M","R","M","R","T","?","AVR","M","M","M","R","B",null,"M","T","$","M","$","R","E","R","T","E","?","T","M","$","R","B",null],"character_chosen":"THE_ANIMATOR","items_purchased":["Darkstone Periapt","MerchantsRug","Gremlin Horn","animator:Cirno","ReplayTheSpireMod:CursedCoin","animator:DwarfShaman","animator:Genos","animator:QuestionMark+1","animator:Shinoa"],"campfire_rested":0,"item_purchase_floors":[20,37,37,39,48,48,48,48,48],"current_hp_per_floor":[64,64,64,64,64,64,64,64,64,58,54,52,52,52,52,52,75,75,75,75,75,75,75,67,67,67,67,67,67,44,29,29,15,93,80,80,80,82,82,82,81,81,81,81,81,81,87,93,93,69],"gold":43,"neow_bonus":"RANDOM_COMMON_RELIC","is_daily":false,"chose_seed":false,"campfire_upgraded":8,"win_rate":0.0,"timestamp":1612973153,"path_taken":["M","M","?","?","M","E","R","$","T","M","E","M","R","M","R","BOSS","M","?","$","?","?","R","M","R","T","?","AVR","?","M","M","R","BOSS","M","?","$","M","$","R","E","R","T","E","?","?","M","?","R","BOSS"],"items_purchased_type":["Relic","Relic","Relic","Card","Relic","Card","Card","Card","Card"],"build_version":"2020-12-22","purchased_purges":3,"victory":true,"max_hp_per_floor":[66,66,66,66,66,67,67,67,67,67,74,74,74,75,75,75,75,75,75,75,75,75,75,75,75,75,75,75,75,75,75,75,75,93,93,93,93,95,95,95,95,95,95,95,95,95,101,107,107,107],"card_choices":[{"not_picked":["animator:GuildGirl","animator:Scar"],"picked":"animator:SayakaMiki","floor":1},{"not_picked":["animator:Nanami","animator:MaesHughes","animator:Emonzaemon"],"picked":"SKIP","floor":2},{"not_picked":["animator:Geryuganshoop","animator:Yuuichirou"],"picked":"animator:Chris","floor":5},{"not_picked":["animator:OrikoMikuni","animator:IrohaTamaki"],"picked":"animator:NagisaMomoe","floor":6},{"not_picked":["animator:SayakaMiki","animator:CrowleyEusford","animator:Nanami"],"picked":"SKIP","floor":10},{"not_picked":["animator:OrikoMikuni","animator:Tatsumaki"],"picked":"animator:Mikaela","floor":11},{"not_picked":["animator:Melzalgald","animator:KyokoSakura"],"picked":"animator:SuzuneAmano","floor":12},{"not_picked":["animator:SuzuneAmano","animator:YuiTsuruno"],"picked":"animator:HomuraAkemi","floor":14},{"not_picked":["animator:Wiz","animator:Greed"],"picked":"animator:Saitama","floor":16},{"not_picked":["animator:Geryuganshoop","animator:SilverFang","animator:Yuuichirou"],"picked":"animator:KyokoSakura","floor":18},{"not_picked":["animator:Shichika+1","animator:Nanami","animator:Mitsuba"],"picked":"animator:Tatsumaki+1","floor":22},{"not_picked":["animator:SayakaMiki","animator:UneriGinkaku","animator:Scar"],"picked":"animator:WinryRockbell","floor":24},{"not_picked":["animator:Megumin","animator:Mitsurugi","animator:Chris"],"picked":"animator:Darkness","floor":29},{"not_picked":["animator:YunYun","animator:Chris","animator:MaesHughes"],"picked":"animator:Shigure","floor":30},{"not_picked":["animator:SilverFang","animator:Pride","animator:LizardPriest"],"picked":"animator:Darkness","floor":31},{"not_picked":["animator:GoblinSlayer","animator:Greed","animator:SwordMaiden"],"picked":"animator:Hans","floor":33},{"not_picked":["ReplayTheSpireMod:IOU","ReplayTheSpireMod:Faulty Equipment","ReplayTheSpireMod:Splinters"],"picked":"Gensokyo:AllTheWorldsEvil","floor":34},{"not_picked":["infinitespire:Pacifist","Replay:Sluggish","Delirium"],"picked":"CommonCold","floor":34},{"not_picked":["Voices","Looming Evil","Replay:Hysterical Blindness"],"picked":"animator:Curse_GriefSeed","floor":34},{"not_picked":["animator:IrohaTamaki+1","animator:Scar+1","animator:GuildGirl"],"picked":"animator:Shigure+1","floor":35},{"not_picked":["animator:YuiTsuruno","animator:SayakaMiki","animator:KyokoSakura"],"picked":"animator:OrikoMikuni","floor":38},{"not_picked":["animator:Yoichi","animator:Envy","animator:Shigure+1"],"picked":"animator:Sonic+1","floor":41},{"not_picked":["animator:Sonic+1","animator:YunYun+1","animator:Mitsuba"],"picked":"animator:Hans","floor":44},{"not_picked":["animator:KyokoSakura","animator:Vanir+1","animator:NagisaMomoe"],"picked":"animator:Priestess+1","floor":47}],"player_experience":557684,"relics_obtained":[{"floor":6,"key":"CaptainsWheel"},{"floor":9,"key":"DemoMod:ClearGuonStone"},{"floor":11,"key":"DemoMod:MonsterBlood"},{"floor":19,"key":"DemoMod:NanoMachines"},{"floor":21,"key":"Tiny Chest"},{"floor":26,"key":"Replay:Bottled Flurry"},{"floor":36,"key":"Replay:Baseball"},{"floor":41,"key":"Blue Doll"},{"floor":43,"key":"Dream Catcher"},{"floor":44,"key":"Replay:Mystery Machine"},{"floor":46,"key":"Regal Pillow"}],"event_choices":[{"cards_removed":["animator:Strike"],"damage_healed":0,"gold_gain":0,"player_choice":"Forget","damage_taken":0,"max_hp_gain":0,"max_hp_loss":0,"event_name":"Living Wall","floor":3,"gold_loss":0},{"damage_healed":0,"gold_gain":0,"player_choice":"Relic","damage_taken":0,"max_hp_gain":0,"max_hp_loss":0,"event_name":"Wheel of Change","floor":19,"gold_loss":0},{"damage_healed":0,"gold_gain":0,"player_choice":"Upgraded","damage_taken":0,"max_hp_gain":0,"max_hp_loss":0,"event_name":"Upgrade Shrine","floor":27,"gold_loss":0,"cards_upgraded":["animator:Mikaela"]},{"damage_healed":0,"gold_gain":0,"player_choice":"Paid","damage_taken":0,"relics_obtained":["Red Mask"],"max_hp_gain":0,"max_hp_loss":0,"event_name":"Tomb of Lord Red Mask","floor":45,"gold_loss":217}],"is_beta":false,"boss_relics":[{"not_picked":["hubris:HollowSoul","Black Star"],"picked":"Honey Jar"},{"not_picked":["hubris:GrandSneckoEye","Velvet Choker"],"picked":"Replay:Ancient Bell"},{"not_picked":["Nunchaku","Gremlin Food"],"picked":"RuthlessExorcism:ReiMu"},{"not_picked":["HornCleat","hubris:Metronome"],"picked":"DemoMod:OrangeGuonStone"},{"not_picked":["animator:EngravedStaff","Calipers"],"picked":"Charon\u0027s Ashes"}],"items_purged_floors":[8,20,28],"is_endless":false,"potions_floor_spawned":[5,10,12,14,16,18,24,29,33,38,44,47],"ascension_level":0}}