{"host":"zsnmfqgcm92hlreo","time":1612945288,"event":{"mods":["AchievementEnabler","BaseMod","Bestiary","Block Reminder","Colored Map","Colored Powertips","Filter the Spire","Minty Spire (QoL Compilation)","Permanent Neow","Quick Restart","Relic Stats","StSLib","Weighted Paths"],"gold_per_floor":[110,122,137,164,180,210,224,224,224],"floor_reached":8,"language":"ENG","playtime":395,"items_purged":[],"score":120,"play_id":"af18bdb7-912c-4c29-ac56-0b0033243aed","local_time":"20210210022128","is_ascension_mode":true,"campfire_choices":[],"circlet_count":0,"master_deck":["AscendersBane","Strike_R","Strike_R","Strike_R","Strike_R","Strike_R","Defend_R","Defend_R","Defend_R","Defend_R","Bash","Heavy Blade","Flame Barrier","Feed+1","Blood for Blood+1"],"relics":["Snecko Eye","Strawberry","Molten Egg 2"],"acts_visited":["Exordium"],"potions_floor_usage":[7,8,8,8],"damage_taken":[{"damage":0.0,"enemies":"Cultist","floor":1.0,"turns":2.0},{"damage":3.0,"enemies":"2 Louse","floor":2.0,"turns":3.0},{"damage":4.0,"enemies":"Small Slimes","floor":3.0,"turns":3.0},{"damage":10.0,"enemies":"Exordium Wildlife","floor":5.0,"turns":4.0},{"damage":24.0,"enemies":"Gremlin Nob","floor":6.0,"turns":3.0},{"damage":25,"enemies":"Exordium Thugs","floor":7,"turns":5},{"damage":13,"enemies":"3 Sentries","floor":8,"turns":6}],"seed_played":"-1039085045644341663","potions_obtained":[{"floor":5.0,"key":"Swift Potion"},{"floor":6.0,"key":"Dexterity Potion"},{"floor":7,"key":"EntropicBrew"}],"is_trial":false,"path_per_floor":["M","M","M","T","M","E","M","E"],"character_chosen":"IRONCLAD","items_purchased":[],"campfire_rested":0,"item_purchase_floors":[],"current_hp_per_floor":[68,65,61,68,58,34,9,0,0],"gold":224,"neow_bonus":"BOSS_RELIC","is_daily":false,"chose_seed":false,"campfire_upgraded":0,"win_rate":0.0,"timestamp":1612945288,"path_taken":["M","M","M","?","M","E","M","E"],"items_purchased_type":[],"build_version":"2020-12-22","purchased_purges":0,"victory":false,"max_hp_per_floor":[75,75,75,82,82,82,82,82,82],"relic_stats":{"counters":[7,26],"Snecko Eye":[49,43,42,33],"obtain_stats":[{"Strawberry":4,"Snecko Eye":0,"Molten Egg 2":6,"Burning Blood":0},{"Strawberry":3,"Snecko Eye":0,"Molten Egg 2":5,"Burning Blood":0},{"Strawberry":8,"Snecko Eye":0,"Molten Egg 2":15,"Burning Blood":0}]},"card_choices":[{"not_picked":["Clash","Iron Wave"],"picked":"Heavy Blade","floor":1.0},{"not_picked":["Body Slam","Twin Strike","Iron Wave"],"picked":"SKIP","floor":2.0},{"not_picked":["Warcry","Sword Boomerang","Thunderclap"],"picked":"SKIP","floor":3.0},{"not_picked":["Hemokinesis","Clothesline"],"picked":"Flame Barrier","floor":5.0},{"not_picked":["Warcry","Disarm"],"picked":"Feed+1","floor":6.0},{"not_picked":["Second Wind","Shrug It Off"],"picked":"Blood for Blood+1","floor":7}],"player_experience":1072123,"relics_obtained":[{"floor":4.0,"key":"Strawberry"},{"floor":6.0,"key":"Molten Egg 2"}],"event_choices":[],"is_beta":false,"boss_relics":[],"items_purged_floors":[],"is_endless":false,"potions_floor_spawned":[5,6,7],"killed_by":"3 Sentries","ascension_level":20}}