{"host":"c44ey07ufggfw2m8","time":1612973023,"event":{"mods":["2.2 Compatiblity","BaseMod","Colored Map","DeckTracker","Highlight Path","Keyboard Shortcuts","Minty Spire (QoL Compilation)","Permanent Neow","Quick Restart","StSLib","SuperFastMode","UnlockEverythingMod"],"gold_per_floor":[17,31,51,51,126,126,144,144,195,230,247,247,257,282,282,381,381,396,311,164,164,244,272,21,21,21,32,64,82,110,110,110,206,206,217,217,227,227,243,275,293,319,368,384,384,259,285,299,299,299],"floor_reached":51,"language":"KOR","playtime":2359,"items_purged":["Strike_B","Strike_B","Pain"],"score":1024,"play_id":"640eb063-4e37-4651-a1ff-5e058390ac8b","local_time":"20210211010343","is_ascension_mode":true,"campfire_choices":[{"data":"Dualcast","floor":6.0,"key":"SMITH"},{"data":"Defragment","floor":8.0,"key":"SMITH"},{"data":"Double Energy","floor":15.0,"key":"SMITH"},{"data":"Defragment","floor":25.0,"key":"SMITH"},{"data":"Seek","floor":32.0,"key":"SMITH"},{"data":"Coolheaded","floor":49,"key":"SMITH"}],"circlet_count":0,"master_deck":["Strike_B","Defend_B","Defend_B","Defend_B","Zap","Dualcast+1","Rip and Tear","Defragment+1","Coolheaded+1","Leap","Turbo","Hologram","FTL","Double Energy+1","Meteor Strike","Compile Driver","Defragment+1","Compile Driver","Seek+1","Compile Driver","Glacier+1","Echo Form","Barrage","Coolheaded+1"],"relics":["Cracked Core","Incense Burner","Ice Cream","Tiny Chest","Ornamental Fan","Sundial","Empty Cage","Vajra","FossilizedHelix","Singing Bowl","Pear","Runic Capacitor","White Beast Statue","MealTicket","Akabeko","Cursed Key","Toy Ornithopter","Art of War","CeramicFish","Gambling Chip"],"acts_visited":["Exordium","TheCity","TheBeyond"],"potions_floor_usage":[50,50,50],"damage_taken":[{"damage":1.0,"enemies":"Cultist","floor":1.0,"turns":4.0},{"damage":0.0,"enemies":"2 Louse","floor":2.0,"turns":2.0},{"damage":2.0,"enemies":"Small Slimes","floor":3.0,"turns":3.0},{"damage":9.0,"enemies":"Exordium Wildlife","floor":7.0,"turns":3.0},{"damage":9.0,"enemies":"Gremlin Nob","floor":10.0,"turns":3.0},{"damage":2.0,"enemies":"Blue Slaver","floor":11.0,"turns":4.0},{"damage":8.0,"enemies":"Large Slime","floor":13.0,"turns":8.0},{"damage":2.0,"enemies":"Lagavulin","floor":14.0,"turns":7.0},{"damage":17.0,"enemies":"The Guardian","floor":16.0,"turns":15.0},{"damage":7.0,"enemies":"Chosen","floor":18.0,"turns":5.0},{"damage":22.0,"enemies":"Gremlin Leader","floor":23.0,"turns":7.0},{"damage":10.0,"enemies":"3 Byrds","floor":27.0,"turns":4.0},{"damage":16.0,"enemies":"Slavers","floor":28.0,"turns":6.0},{"damage":0.0,"enemies":"3 Cultists","floor":29.0,"turns":5.0},{"damage":1.0,"enemies":"Gremlin Leader","floor":30.0,"turns":6.0},{"damage":0.0,"enemies":"Champ","floor":33.0,"turns":9.0},{"damage":0.0,"enemies":"Orb Walker","floor":35.0,"turns":3.0},{"damage":0.0,"enemies":"3 Darklings","floor":37.0,"turns":5.0},{"damage":0,"enemies":"Maw","floor":39,"turns":7},{"damage":0,"enemies":"Reptomancer","floor":40,"turns":6},{"damage":0,"enemies":"Jaw Worm Horde","floor":41,"turns":4},{"damage":0,"enemies":"Giant Head","floor":42,"turns":8},{"damage":24,"enemies":"Sphere and 2 Shapes","floor":44,"turns":6},{"damage":0,"enemies":"Nemesis","floor":47,"turns":7},{"damage":0,"enemies":"Maw","floor":48,"turns":6},{"damage":1,"enemies":"Donu and Deca","floor":50,"turns":5}],"seed_played":"6579952687274094036","potions_obtained":[{"floor":1.0,"key":"FairyPotion"},{"floor":3.0,"key":"GamblersBrew"},{"floor":7.0,"key":"EssenceOfDarkness"},{"floor":27.0,"key":"ColorlessPotion"},{"floor":28.0,"key":"PowerPotion"},{"floor":33.0,"key":"CultistPotion"},{"floor":35.0,"key":"DuplicationPotion"},{"floor":37,"key":"PotionOfCapacity"},{"floor":42,"key":"FocusPotion"}],"is_trial":false,"path_per_floor":["M","M","M","T","?","R","M","R","T","E","M","?","M","E","R","B",null,"M","?","$","?","T","E","$","R","T","M","E","M","E","$","R","B",null,"M","$","M","?","M","E","M","E","T","M","T","$","E","M","R","B",null],"character_chosen":"DEFECT","items_purchased":["Defragment","Runic Capacitor"],"campfire_rested":0,"item_purchase_floors":[20,24],"current_hp_per_floor":[74,74,72,72,61,61,52,52,52,43,41,46,38,36,36,19,80,73,73,73,73,73,61,61,61,61,53,37,37,36,51,51,51,92,94,94,94,94,96,98,100,100,100,78,78,93,95,97,97,105],"gold":299,"neow_bonus":"ONE_RARE_RELIC","is_daily":false,"chose_seed":false,"campfire_upgraded":6,"win_rate":0.0,"timestamp":1612973023,"path_taken":["M","M","?","?","?","R","M","R","T","E","M","?","M","E","R","BOSS","M","?","$","?","?","E","$","R","T","M","E","M","E","?","R","BOSS","M","$","M","?","?","E","M","E","T","M","?","$","E","M","R","BOSS"],"items_purchased_type":["Card","Relic"],"build_version":"2020-12-22","purchased_purges":3,"victory":true,"max_hp_per_floor":[75,75,75,75,75,75,75,75,75,75,75,80,80,80,80,80,80,80,80,80,80,80,90,90,90,90,92,92,92,92,92,92,92,92,94,94,94,94,96,98,100,100,100,102,102,102,104,106,106,106],"card_choices":[{"not_picked":["Beam Cell","Go for the Eyes"],"picked":"Rip and Tear","floor":1.0},{"not_picked":["Barrage","Doom and Gloom"],"picked":"Defragment","floor":2.0},{"not_picked":["Streamline","Barrage"],"picked":"Coolheaded","floor":3.0},{"not_picked":["Hello World","Rebound"],"picked":"Leap","floor":7.0},{"not_picked":["Thunder Strike","Rip and Tear"],"picked":"Turbo","floor":10.0},{"not_picked":["Streamline","Force Field"],"picked":"Hologram","floor":11.0},{"not_picked":["Reprogram","Gash"],"picked":"FTL","floor":13.0},{"not_picked":["Blizzard","Beam Cell"],"picked":"Double Energy","floor":14.0},{"not_picked":["Fission","All For One"],"picked":"Meteor Strike","floor":16.0},{"not_picked":["Leap","Darkness"],"picked":"Compile Driver","floor":18.0},{"not_picked":["FTL","Tempest"],"picked":"Compile Driver","floor":23.0},{"not_picked":["Gash","Rebound+1","Sweeping Beam"],"picked":"Singing Bowl","floor":27.0},{"not_picked":["Streamline+1","Glacier"],"picked":"Seek","floor":28.0},{"not_picked":["Storm","Conserve Battery"],"picked":"Compile Driver","floor":29.0},{"not_picked":["Blizzard","Steam+1"],"picked":"Glacier+1","floor":30.0},{"not_picked":["Creative AI","Meteor Strike"],"picked":"Echo Form","floor":33.0},{"not_picked":["Auto Shields","Ball Lightning","Streamline+1"],"picked":"Singing Bowl","floor":35.0},{"not_picked":["Blizzard","Compile Driver+1"],"picked":"Barrage","floor":37},{"not_picked":["Conserve Battery","Redo+1","Leap"],"picked":"Singing Bowl","floor":39},{"not_picked":["Amplify","Beam Cell+1","FTL"],"picked":"Singing Bowl","floor":40},{"not_picked":["Consume","Redo+1","Beam Cell"],"picked":"Singing Bowl","floor":41},{"not_picked":["Doom and Gloom+1","Turbo"],"picked":"Coolheaded+1","floor":42},{"not_picked":["Ball Lightning","BootSequence+1","Heatsinks+1"],"picked":"Singing Bowl","floor":44},{"not_picked":["Aggregate","Rebound+1","Leap"],"picked":"Singing Bowl","floor":47},{"not_picked":["Fusion","Streamline+1","Gash"],"picked":"Singing Bowl","floor":48}],"player_experience":125014,"relics_obtained":[{"floor":4.0,"key":"Ice Cream"},{"floor":9.0,"key":"Tiny Chest"},{"floor":10.0,"key":"Ornamental Fan"},{"floor":14.0,"key":"Sundial"},{"floor":22.0,"key":"Singing Bowl"},{"floor":23.0,"key":"Pear"},{"floor":26.0,"key":"White Beast Statue"},{"floor":28.0,"key":"MealTicket"},{"floor":30.0,"key":"Akabeko"},{"floor":40,"key":"Toy Ornithopter"},{"floor":42,"key":"Art of War"},{"floor":43,"key":"CeramicFish"},{"floor":47,"key":"Gambling Chip"}],"event_choices":[{"damage_healed":0.0,"max_hp_gain":0.0,"max_hp_loss":0.0,"gold_gain":75.0,"event_name":"World of Goop","player_choice":"Gather Gold","floor":5.0,"gold_loss":0.0,"damage_taken":11.0},{"damage_healed":0.0,"max_hp_gain":5.0,"max_hp_loss":0.0,"gold_gain":0.0,"event_name":"Big Fish","player_choice":"Donut","floor":12.0,"gold_loss":0.0,"damage_taken":0.0},{"damage_healed":0.0,"max_hp_gain":0.0,"max_hp_loss":0.0,"gold_gain":0.0,"event_name":"Addict","player_choice":"Obtained Relic","floor":19.0,"gold_loss":85.0,"damage_taken":0.0,"relics_obtained":["Vajra"]},{"damage_healed":0.0,"max_hp_gain":0.0,"max_hp_loss":0.0,"gold_gain":0.0,"event_name":"The Mausoleum","player_choice":"Opened","floor":21.0,"gold_loss":0.0,"damage_taken":0.0,"relics_obtained":["FossilizedHelix"]},{"damage_healed":0,"gold_gain":0,"player_choice":"Ignored","damage_taken":0,"max_hp_gain":0,"max_hp_loss":0,"event_name":"NoteForYourself","floor":38,"gold_loss":0}],"is_beta":false,"boss_relics":[{"not_picked":["FrozenCore","Calling Bell"],"picked":"Empty Cage"},{"not_picked":["Pandora\u0027s Box","Tiny House"],"picked":"Cursed Key"}],"items_purged_floors":[20,24,46],"is_endless":false,"potions_floor_spawned":[1,3,7,27,28,29,30,33,35,37,39,40,41,42,44,47,48],"ascension_level":1}}