{"host":"x5w9zppki4gdwvc7","time":1612919792,"event":{"mods":["AchievementEnabler","BaseMod","Colored Powertips","DeckTracker","Minty Spire (QoL Compilation)","SuperFastMode"],"gold_per_floor":[119,138,157,157,26,26,70,70,97,172,172,186,186,222,222,351,351,366,393,58,83,83,83,83],"floor_reached":23,"language":"ENG","playtime":3953,"items_purged":["Defend_R"],"score":271,"play_id":"16d75055-e6db-4138-900b-48306e026383","local_time":"20210210021632","is_ascension_mode":true,"campfire_choices":[{"data":"Mind Blast","floor":6,"key":"SMITH"},{"floor":8,"key":"REST"},{"data":"Shockwave","floor":15,"key":"SMITH"}],"circlet_count":0,"master_deck":["Strike_R","Strike_R","Strike_R","Strike_R","Strike_R","Defend_R","Defend_R","Defend_R","Bash","Evolve","Perfected Strike","Pommel Strike","Shockwave+1","Mind Blast+1","Feed+1","Sever Soul","Juggernaut","CurseOfTheBell","Iron Wave+1","Immolate+1","True Grit+1"],"relics":["Burning Blood","NeowsBlessing","Golden Idol","Nunchaku","Blood Vial","Ornamental Fan","Calling Bell","CeramicFish","Molten Egg 2","Shovel","Membership Card","Bottled Lightning"],"acts_visited":["Exordium","TheCity"],"potions_floor_usage":[16,16,21,22],"damage_taken":[{"damage":0,"enemies":"Small Slimes","floor":1,"turns":2},{"damage":0,"enemies":"2 Louse","floor":2,"turns":1},{"damage":0,"enemies":"Jaw Worm","floor":3,"turns":1},{"damage":25,"enemies":"3 Sentries","floor":7,"turns":8},{"damage":1,"enemies":"Exordium Wildlife","floor":12,"turns":2},{"damage":30,"enemies":"Lagavulin","floor":14,"turns":5},{"damage":43,"enemies":"Hexaghost","floor":16,"turns":9},{"damage":30,"enemies":"Chosen","floor":18,"turns":7},{"damage":35,"enemies":"Spheric Guardian","floor":19,"turns":5},{"damage":14,"enemies":"Centurion and Healer","floor":21,"turns":7},{"damage":15,"enemies":"Cultist and Chosen","floor":22,"turns":6},{"damage":9,"enemies":"Gremlin Leader","floor":23,"turns":2}],"seed_played":"9164792573334072735","potions_obtained":[{"floor":2,"key":"EssenceOfSteel"},{"floor":7,"key":"SkillPotion"},{"floor":14,"key":"SmokeBomb"},{"floor":18,"key":"Energy Potion"}],"is_trial":false,"path_per_floor":["M","M","M","?","$","R","E","R","T","?","?","M","$","E","R","B",null,"M","M","$","M","M","E"],"character_chosen":"IRONCLAD","items_purchased":["Shockwave","Mind Blast","Membership Card","Bottled Lightning","Immolate+1"],"campfire_rested":1,"item_purchase_floors":[5,5,20,20,20],"current_hp_per_floor":[78,80,80,60,60,60,41,65,65,54,54,65,65,43,43,8,65,43,16,16,14,7,0,0],"gold":83,"neow_bonus":"THREE_ENEMY_KILL","is_daily":false,"chose_seed":false,"campfire_upgraded":2,"win_rate":0.0,"timestamp":1612919792,"path_taken":["M","M","M","?","$","R","E","R","T","?","?","M","$","E","R","BOSS","M","M","$","M","M","E"],"items_purchased_type":["Card","Card","Relic","Relic","Card"],"build_version":"2020-12-22","purchased_purges":1,"victory":false,"max_hp_per_floor":[80,80,80,80,80,80,80,80,80,80,80,84,84,84,84,84,84,84,84,84,88,88,88,88],"card_choices":[{"not_picked":["Thunderclap","Havoc"],"picked":"Evolve","floor":1},{"not_picked":["Heavy Blade","Seeing Red"],"picked":"Perfected Strike","floor":2},{"not_picked":["Wild Strike","Anger"],"picked":"Pommel Strike","floor":3},{"not_picked":["Heavy Blade","Whirlwind"],"picked":"Feed","floor":7},{"not_picked":["Clothesline","Heavy Blade","Rampage"],"picked":"SKIP","floor":12},{"not_picked":["Armaments","Wild Strike"],"picked":"Sever Soul","floor":14},{"not_picked":["Corruption","Barricade"],"picked":"Juggernaut","floor":16},{"not_picked":["Dropkick+1","Flex","Second Wind"],"picked":"SKIP","floor":18},{"not_picked":["Wild Strike+1","Clash+1"],"picked":"Iron Wave+1","floor":19},{"not_picked":["Pummel+1","Shockwave"],"picked":"True Grit+1","floor":21}],"player_experience":586427,"relics_obtained":[{"floor":7,"key":"Nunchaku"},{"floor":9,"key":"Blood Vial"},{"floor":14,"key":"Ornamental Fan"},{"floor":17,"key":"CeramicFish"},{"floor":17,"key":"Molten Egg 2"},{"floor":17,"key":"Shovel"}],"event_choices":[{"damage_healed":0,"gold_gain":0,"player_choice":"Take Damage","damage_taken":20,"relics_obtained":["Golden Idol"],"max_hp_gain":0,"max_hp_loss":0,"event_name":"Golden Idol","floor":4,"gold_loss":0},{"damage_healed":0,"gold_gain":75,"player_choice":"Gather Gold","damage_taken":11,"max_hp_gain":0,"max_hp_loss":0,"event_name":"World of Goop","floor":10,"gold_loss":0},{"damage_healed":0,"gold_gain":0,"player_choice":"Grow","damage_taken":0,"max_hp_gain":0,"max_hp_loss":0,"event_name":"Living Wall","floor":11,"gold_loss":0,"cards_upgraded":["Feed"]}],"is_beta":false,"boss_relics":[{"not_picked":["Ectoplasm","Fusion Hammer"],"picked":"Calling Bell"}],"items_purged_floors":[20],"is_endless":false,"potions_floor_spawned":[2,7,14,18],"killed_by":"Gremlin Leader","ascension_level":7}}