{"host":"0r2yuz9akuqaukjg","time":1612915947,"event":{"mods":["2.2 Compatiblity","AchievementEnabler","Aspiration","BaseMod","Conspire","Dota2Spire","Downfall","Energized Spire","Friendly Minions","Hermit","Hubris","HumanHunterMod(????mod)","Infinite Spire","Jorbs\u0027s Wanderer Trilogy","Lobotomy","LobotomyExtend","Minty Spire (QoL Compilation)","Quarter Circle Forward PUNCH!","Reliquary","Replay The Spire","Spicy Shops","Spires \u0026 Sneckos","StSLib","The Bug Knight","The Construct","The Cursed","The Disciple","The Hierophant","The Jungle","The Marked","The Mystic","The Runesmith","The Servant 0.9.4","Trackpad","Wandering Minibosses"],"gold_per_floor":[114,133,133,152,5,5,5,5,28,28,28,28,38,58,58,165,165,184,84,121,121,143,174,174,131,131,131,131,131,131,138,138,211,211,217,217,217,217,336,336,336,33,57,57,73,73,68,546,546,529,529,529],"floor_reached":50,"language":"ENG","playtime":3447,"items_purged":["Panacea","bronze:Iterate","bronze:Iterate"],"score":646,"play_id":"cb674cd8-d964-464e-b47f-49b3f140c021","local_time":"20210209181227","daily_mods":["SealedDeck","Specialized","Vintage","Heirloom","Flight"],"is_ascension_mode":false,"campfire_choices":[{"data":"bronze:CloningBeam","floor":6.0,"key":"SMITH"},{"data":"bronze:BugBarrage","floor":7.0,"key":"SMITH"},{"data":"bronze:WildBeam","floor":8.0,"key":"SMITH"},{"data":"bronze:BuggyMess","floor":10.0,"key":"SMITH"},{"data":"bronze:Boost","floor":11.0,"key":"SMITH"},{"data":"bronze:WhirlingStrike","floor":15.0,"key":"SMITH"},{"floor":24.0,"key":"REST"},{"floor":28.0,"key":"REST"},{"floor":30.0,"key":"REST"},{"data":"bronze:DelayedSlice+1","floor":32.0,"key":"PURGE"},{"floor":40,"key":"REST"},{"floor":41,"key":"REST"},{"floor":44,"key":"REST"},{"floor":46,"key":"REST"}],"circlet_count":1,"master_deck":["bronze:CloningBeam+1","bronze:CloningBeam+1","bronze:CloningBeam+1","bronze:CloningBeam+1","bronze:CloningBeam+1","Necronomicurse","bronze:WhirlingStrike+1","bronze:WildBeam+1","bronze:BugBarrage+1","bronze:BuggyMess+1","bronze:WhirlingStrike+1","bronze:Boost+1","Bandage Up+1","bronze:BugBarrage+1","bronze:MaxOutput+1","bronze:ClassDefault+1","infinitespire:Execution+1","bronze:BuggyMess+1","bronze:BuggyMess"],"relics":["bronze:PlatinumCore","qcfpunch:Duffel_Bag","qcfpunch:Fighting_Gloves","qcfpunch:Red_Headband","qcfpunch:Spiky_Bracers","qcfpunch:White_Boots","qcfpunch:Handcuffs","qcfpunch:Broken_Tusk","qcfpunch:Necklace_of_Skulls","qcfpunch:Lotus_Statue","Dota2Spire:HeartOfTarrasque","hubris:Icosahedron","hubris:AncientText","infinitespire:Satchel","Lantern","Pet Ghost","Necronomicon","hubris:SphereOfDissonance","Pen Nib","Dota2Spire:Butterfly","aspiration:Nostalgia","Chronometer","hubris:SlimyHat","Pantograph","reliquary:RoseTintedGlasses","Blue Doll","Replay:Rubber Ducky","trackpad:HandOfMidas","Prayer Wheel","Replay:Baseball","aspiration:AnachronicSnailShell","Dota2Spire:ArmletOfMordiggian","hubris:TinFlute","qcfpunch:Combat_Fatigues","hubris:CuriousFeather","Dota2Spire:ShivaGuard","Circlet","trackpad:ZombieHeart","reliquary:TatteredRug","hubris:EmptyBottle","reliquary:Aerogel","CeramicFish","ReplayTheSpireMod:Shallot","Dota2Spire:AssaultCuirass"],"acts_visited":["Exordium","theJungle:Jungle","TheBeyond"],"potions_floor_usage":[],"damage_taken":[{"damage":0.0,"enemies":"Jaw Worm","floor":1.0,"turns":1.0},{"damage":0.0,"enemies":"Small Slimes","floor":2.0,"turns":1.0},{"damage":0.0,"enemies":"Cultist","floor":4.0,"turns":1.0},{"damage":0.0,"enemies":"Red Slaver","floor":13.0,"turns":1.0},{"damage":0.0,"enemies":"Exordium Wildlife","floor":14.0,"turns":1.0},{"damage":0.0,"enemies":"Fading Forest","floor":16.0,"turns":6.0},{"damage":0.0,"enemies":"Shell Parasite","floor":18.0,"turns":1.0},{"damage":0.0,"enemies":"theJungle:5_Spyders","floor":20.0,"turns":2.0},{"damage":9.0,"enemies":"theJungle:Snecko_Cultist_And_Trap","floor":22.0,"turns":1.0},{"damage":0.0,"enemies":"Nightmare","floor":23.0,"turns":2.0},{"damage":0.0,"enemies":"theJungle:2_Snecko_Cultists","floor":31.0,"turns":2.0},{"damage":20.0,"enemies":"theJungle:FunGuy","floor":33.0,"turns":6.0},{"damage":0.0,"enemies":"Orb Walker","floor":35.0,"turns":2.0},{"damage":6.0,"enemies":"3 Darklings","floor":39.0,"turns":1.0},{"damage":0,"enemies":"Jaw Worm Horde","floor":45,"turns":1},{"damage":5,"enemies":"Spire Growth","floor":48,"turns":1},{"damage":100,"enemies":"conspire:OrnateMirror","floor":50,"turns":2}],"seed_played":"-4900659103085245715","potions_obtained":[{"floor":1.0,"key":"Elixir"},{"floor":4.0,"key":"champ:CounterPotion"},{"floor":20.0,"key":"SteroidPotion"},{"floor":31.0,"key":"DuplicationPotion"}],"is_trial":true,"path_per_floor":["M","M","WH","M","$","R","R","R","T","R","R","WH","M","M","R","B",null,"M","$","M","AVR","M","NM","R","$","T","WH","R","?","R","M","R","B",null,"M","?","?","AVR","M","R","R","$","T","R","M","R","$","M","R","B"],"character_chosen":"THE_AUTOMATON","items_purchased":["bronze:BugBarrage","bronze:ClassDefault","hubris:EmptyBottle","reliquary:Aerogel","bronze:BuggyMess"],"campfire_rested":7,"item_purchase_floors":[5,25,42,42,47],"current_hp_per_floor":[78,78,78,78,78,78,78,78,78,78,78,78,78,78,78,78,78,78,78,78,78,69,69,78,78,78,78,78,78,78,78,78,58,78,78,78,78,78,78,84,84,84,84,84,84,84,84,80,85,0,0,0],"gold":529,"neow_bonus":"REMOVE_CARD","is_daily":false,"chose_seed":false,"campfire_upgraded":6,"win_rate":0.0,"timestamp":1612915947,"path_taken":["M","M","WH","M","$","R","R","R","T","R","R","WH","M","M","R","BOSS","M","$","M","AVR","M","NM","R","$","T","WH","R","?","R","M","R","BOSS","M","?","?","AVR","?","R","R","$","T","R","?","R","?","M","R","BOSS"],"items_purchased_type":["Card","Card","Relic","Relic","Card"],"build_version":"2020-12-22","purchased_purges":3,"victory":false,"max_hp_per_floor":[78,78,78,78,78,78,78,78,78,78,78,78,78,78,78,78,78,78,78,78,78,78,78,78,78,78,78,78,78,78,78,78,78,78,78,78,78,78,84,84,84,84,84,84,84,84,84,85,85,85,85,85],"card_choices":[{"not_picked":[],"picked":"Bandage Up","floor":1.0},{"not_picked":[],"picked":"Panacea","floor":2.0},{"not_picked":["bronze:Philosophize","bronze:Invalidate"],"picked":"bronze:MaxOutput","floor":23.0}],"player_experience":88420,"relics_obtained":[{"floor":1.0,"key":"Pen Nib"},{"floor":2.0,"key":"Dota2Spire:Butterfly"},{"floor":4.0,"key":"hubris:SlimyHat"},{"floor":4.0,"key":"Pantograph"},{"floor":9.0,"key":"reliquary:RoseTintedGlasses"},{"floor":13.0,"key":"Blue Doll"},{"floor":13.0,"key":"Replay:Rubber Ducky"},{"floor":14.0,"key":"trackpad:HandOfMidas"},{"floor":18.0,"key":"Prayer Wheel"},{"floor":20.0,"key":"Replay:Baseball"},{"floor":22.0,"key":"Dota2Spire:ArmletOfMordiggian"},{"floor":23.0,"key":"hubris:TinFlute"},{"floor":26.0,"key":"qcfpunch:Combat_Fatigues"},{"floor":31.0,"key":"hubris:CuriousFeather"},{"floor":35.0,"key":"Dota2Spire:ShivaGuard"},{"floor":39.0,"key":"reliquary:TatteredRug"},{"floor":43,"key":"CeramicFish"},{"floor":45,"key":"ReplayTheSpireMod:Shallot"},{"floor":48,"key":"Dota2Spire:AssaultCuirass"}],"event_choices":[],"is_beta":false,"boss_relics":[{"not_picked":["Calling Bell","reliquary:Ember","aspiration:RunesmithSkillbook"]},{"not_picked":["Black Star","Replay:Drink Me"],"picked":"bronze:PlatinumCore"}],"items_purged_floors":[5,19,21],"is_endless":true,"potions_floor_spawned":[1,4,20,22,31,48],"killed_by":"conspire:OrnateMirror","ascension_level":0}}