{"host":"995ppxxqmb2p2due","time":1612985011,"event":{"mods":["BaseMod","Downfall","Minty Spire (QoL Compilation)","StSLib"],"gold_per_floor":[112,125,125,86,36,36,36,36,59,73,99,99,114,125,125,226,226,216,216,216,231,53,53,82,82,128,128,228,327,344,358,358,461,461,472,472,491,491,503,503,534,546,546,546,546,564,564,581,581,581,581,581,24,49,49,49],"floor_reached":55,"language":"ENG","playtime":2624,"items_purged":["downfall:Bewildered"],"score":690,"play_id":"f4f4ab22-8ebc-4385-835a-7e78e2abdd40","local_time":"20210210142331","is_ascension_mode":false,"campfire_choices":[{"data":"Tantrum","floor":6.0,"key":"SMITH"},{"data":"CrushJoints","floor":8.0,"key":"SMITH"},{"data":"TalkToTheHand","floor":15.0,"key":"SMITH"},{"floor":23.0,"key":"RECALL"},{"data":"MentalFortress","floor":32.0,"key":"SMITH"},{"data":"TalkToTheHand","floor":40.0,"key":"SMITH"},{"floor":44.0,"key":"REST"},{"data":"Halt","floor":47.0,"key":"SMITH"},{"floor":49.0,"key":"REST"},{"data":"MasterReality","floor":52.0,"key":"SMITH"}],"circlet_count":0,"master_deck":["Strike_P","Strike_P","Strike_P","Defend_P","Defend_P","Vigilance","CurseOfTheBell","CrushJoints+1","EmptyBody","Tantrum+1","EmptyFist","TalkToTheHand+1","Halt+1","FlurryOfBlows","Halt+1","Adaptation","Evaluate","MentalFortress+1","FlurryOfBlows","MasterReality+1","Wallop+1","TalkToTheHand+1","Halt+1","Writhe","FollowUp+1","EmptyBody+1","Sanctity+1","Injury","Halt+1"],"relics":["Calling Bell","Dead Branch","Shuriken","Lantern","MealTicket","The Courier","SlaversCollar","sneckomod:BabySnecko","Bag of Marbles","Pocketwatch","Juzu Bracelet","Prayer Wheel","Meat on the Bone","Cursed Key","Letter Opener","Bottled Lightning","Vajra","Du-Vu Doll","InkBottle"],"acts_visited":["Exordium","TheCity","TheBeyond","TheEnding"],"potions_floor_usage":[55,55],"damage_taken":[{"damage":3.0,"enemies":"Small Slimes","floor":1.0,"turns":3.0},{"damage":0.0,"enemies":"2 Louse","floor":2.0,"turns":2.0},{"damage":1.0,"enemies":"Jaw Worm","floor":10.0,"turns":2.0},{"damage":9.0,"enemies":"3 Sentries","floor":11.0,"turns":7.0},{"damage":0.0,"enemies":"Large Slime","floor":13.0,"turns":3.0},{"damage":0.0,"enemies":"Red Slaver","floor":14.0,"turns":4.0},{"damage":7.0,"enemies":"The Guardian","floor":16.0,"turns":9.0},{"damage":7.0,"enemies":"2 Thieves","floor":18.0,"turns":4.0},{"damage":0.0,"enemies":"Chosen","floor":21.0,"turns":3.0},{"damage":22.0,"enemies":"Slavers","floor":24.0,"turns":4.0},{"damage":7.0,"enemies":"Colosseum Slavers","floor":28.0,"turns":2.0},{"damage":1.0,"enemies":"Colosseum Nobs","floor":28.0,"turns":4.0},{"damage":0.0,"enemies":"Snake Plant","floor":30.0,"turns":3.0},{"damage":0.0,"enemies":"Snecko","floor":31.0,"turns":3.0},{"damage":5.0,"enemies":"Champ","floor":33.0,"turns":7.0},{"damage":21.0,"enemies":"3 Shapes","floor":35.0,"turns":6.0},{"damage":0.0,"enemies":"3 Darklings","floor":37.0,"turns":3.0},{"damage":5.0,"enemies":"Transient","floor":39.0,"turns":5.0},{"damage":36.0,"enemies":"Nemesis","floor":41.0,"turns":7.0},{"damage":19.0,"enemies":"Spire Growth","floor":42.0,"turns":4.0},{"damage":21.0,"enemies":"Sphere and 2 Shapes","floor":46.0,"turns":6.0},{"damage":12.0,"enemies":"4 Shapes","floor":48.0,"turns":5.0},{"damage":56.0,"enemies":"Awakened One","floor":50.0,"turns":8.0},{"damage":36.0,"enemies":"Shield and Spear","floor":54.0,"turns":4.0},{"damage":41,"enemies":"The Heart","floor":55,"turns":7}],"seed_played":"-2324549167847975365","potions_obtained":[{"floor":1.0,"key":"Explosive Potion"},{"floor":2.0,"key":"Energy Potion"},{"floor":11.0,"key":"GamblersBrew"},{"floor":13.0,"key":"SteroidPotion"},{"floor":31.0,"key":"sneckomod:MuddlingPotion"},{"floor":33.0,"key":"Strength Potion"},{"floor":41.0,"key":"Guardian:BlockOnCardUsePotion"},{"floor":54.0,"key":"StancePotion"}],"is_trial":false,"path_per_floor":["M","M","?","$","?","R","$","R","T","M","E","?","M","M","R","B",null,"M","?","?","M","$","R","E","$","T","?","?","?","M","M","R","B",null,"M","?","M","?","M","R","E","M","T","R","?","M","R","M","R","B",null,"R","$","E","B"],"character_chosen":"WATCHER","items_purchased":["Tantrum","Bag of Marbles","Bottled Lightning","Vajra","Du-Vu Doll"],"campfire_rested":2,"item_purchase_floors":[4,22,53,53,53],"current_hp_per_floor":[69,69,62,62,62,62,62,62,62,61,52,52,52,52,52,45,72,65,52,52,52,67,67,45,60,60,60,52,52,52,52,52,47,77,56,56,56,75,70,70,46,39,39,62,62,41,41,41,64,20,77,77,77,41,0,0],"gold":49,"neow_bonus":"BOSS_RELIC","is_daily":false,"chose_seed":false,"campfire_upgraded":7,"win_rate":0.0,"timestamp":1612985011,"path_taken":["M","M","?","$","?","R","?","R","T","M","E","?","?","M","R","BOSS","M","?","?","M","$","R","E","?","T","?","?","?","M","M","R","BOSS","M","?","M","?","M","R","E","M","T","R","?","M","R","M","R","BOSS","R","$","E","BOSS"],"items_purchased_type":["Card","Relic","Relic","Relic","Relic"],"build_version":"2020-12-22","purchased_purges":1,"victory":false,"max_hp_per_floor":[72,72,72,72,72,72,72,72,72,72,72,72,72,72,72,72,72,72,77,77,77,77,77,77,77,77,77,77,77,77,77,77,77,77,77,77,77,77,77,77,77,77,77,77,77,77,77,77,77,77,77,77,77,77,77,77],"card_choices":[{"not_picked":["Sanctity","Meditate"],"picked":"CrushJoints","floor":1.0},{"not_picked":["DeceiveReality","CrushJoints"],"picked":"EmptyBody","floor":2.0},{"not_picked":["EmptyBody","CrushJoints","PathToVictory"],"picked":"SKIP","floor":10.0},{"not_picked":["ReachHeaven","ClearTheMind"],"picked":"EmptyFist","floor":11.0},{"not_picked":["Consecrate","Sanctity"],"picked":"TalkToTheHand","floor":13.0},{"not_picked":["SignatureMove","Perseverance"],"picked":"Halt","floor":14.0},{"not_picked":["PathToVictory","BowlingBash","Consecrate"],"picked":"SKIP","floor":18.0},{"not_picked":["CarveReality","FlyingSleeves"],"picked":"FlurryOfBlows","floor":21.0},{"not_picked":["WreathOfFlame","Wireheading","CrushJoints"],"picked":"SKIP","floor":24.0},{"not_picked":["FollowUp+1","Meditate"],"picked":"Halt+1","floor":28.0},{"not_picked":["Evaluate","Protect"],"picked":"Adaptation","floor":30.0},{"not_picked":["WaveOfTheHand+1","CrushJoints"],"picked":"Evaluate","floor":30.0},{"not_picked":["Sanctity","Consecrate"],"picked":"MentalFortress","floor":31.0},{"not_picked":["ThirdEye","Evaluate"],"picked":"FlurryOfBlows","floor":31.0},{"not_picked":["LessonLearned","Establishment"],"picked":"MasterReality","floor":33.0},{"not_picked":["SignatureMove","Indignation+1"],"picked":"Wallop+1","floor":35.0},{"not_picked":["ClearTheMind+1","WaveOfTheHand","Prostrate+1"],"picked":"SKIP","floor":35.0},{"not_picked":["JustLucky+1","EmptyFist+1"],"picked":"TalkToTheHand","floor":37.0},{"not_picked":["Protect","WreathOfFlame"],"picked":"Halt+1","floor":37.0},{"not_picked":["WreathOfFlame","Protect"],"picked":"FollowUp+1","floor":39.0},{"not_picked":["WheelKick","Vault","Tantrum"],"picked":"SKIP","floor":39.0},{"not_picked":["Crescendo","SandsOfTime","Worship"],"picked":"SKIP","floor":41.0},{"not_picked":["Fasting2","LikeWater+1"],"picked":"EmptyBody+1","floor":42.0},{"not_picked":["EmptyFist","CutThroughFate"],"picked":"Sanctity+1","floor":42.0},{"not_picked":["BowlingBash","Consecrate+1","WaveOfTheHand+1"],"picked":"SKIP","floor":46.0},{"not_picked":["Brilliance","Swivel+1","Fasting2"],"picked":"SKIP","floor":46.0},{"not_picked":["ClearTheMind","SashWhip+1"],"picked":"Halt+1","floor":48.0},{"not_picked":["WreathOfFlame","Consecrate+1","Study"],"picked":"SKIP","floor":48.0},{"not_picked":["BowlingBash","Consecrate","Weave"],"picked":"SKIP","floor":54.0}],"player_experience":138658,"relics_obtained":[{"floor":0.0,"key":"Dead Branch"},{"floor":0.0,"key":"Shuriken"},{"floor":0.0,"key":"Lantern"},{"floor":9.0,"key":"MealTicket"},{"floor":11.0,"key":"The Courier"},{"floor":24.0,"key":"Pocketwatch"},{"floor":26.0,"key":"Juzu Bracelet"},{"floor":28.0,"key":"Prayer Wheel"},{"floor":28.0,"key":"Meat on the Bone"},{"floor":41.0,"key":"Letter Opener"},{"floor":54.0,"key":"InkBottle"}],"event_choices":[{"cards_removed":["Defend_P"],"damage_healed":0.0,"max_hp_gain":0.0,"max_hp_loss":0.0,"gold_gain":0.0,"event_name":"Golden Wing","player_choice":"Card Removal","floor":3.0,"gold_loss":0.0,"damage_taken":7.0},{"cards_removed":["Strike_P"],"damage_healed":0.0,"max_hp_gain":0.0,"max_hp_loss":0.0,"gold_gain":0.0,"event_name":"The Cleric","player_choice":"Card Removal","floor":5.0,"gold_loss":50.0,"damage_taken":0.0},{"cards_removed":["Eruption"],"damage_healed":0.0,"max_hp_gain":0.0,"max_hp_loss":0.0,"gold_gain":0.0,"event_name":"Wheel of Change","player_choice":"Card Removal","floor":12.0,"gold_loss":0.0,"damage_taken":0.0},{"damage_healed":0.0,"max_hp_gain":5.0,"max_hp_loss":0.0,"gold_gain":0.0,"event_name":"Forgotten Altar","player_choice":"Shed Blood","floor":19.0,"gold_loss":0.0,"damage_taken":18.0},{"damage_healed":0.0,"max_hp_gain":0.0,"max_hp_loss":0.0,"gold_gain":0.0,"event_name":"Vampires","player_choice":"Ignored","floor":27.0,"gold_loss":0.0,"damage_taken":0.0},{"damage_healed":0.0,"max_hp_gain":0.0,"max_hp_loss":0.0,"gold_gain":0.0,"event_name":"Colosseum","player_choice":"Fight","floor":28.0,"gold_loss":0.0,"damage_taken":0.0},{"damage_healed":0.0,"max_hp_gain":0.0,"max_hp_loss":0.0,"gold_gain":0.0,"event_name":"Colosseum","player_choice":"Fought Nobs","floor":28.0,"gold_loss":0.0,"damage_taken":0.0},{"damage_healed":0.0,"max_hp_gain":0.0,"max_hp_loss":0.0,"gold_gain":99.0,"event_name":"Nest","player_choice":"Stole From Cult","floor":29.0,"gold_loss":0.0,"damage_taken":0.0},{"damage_healed":0.0,"max_hp_gain":0.0,"max_hp_loss":0.0,"gold_gain":0.0,"event_name":"Tomb of Lord Red Mask","player_choice":"Ignored","floor":36.0,"gold_loss":0.0,"damage_taken":0.0},{"damage_healed":19.0,"max_hp_gain":0.0,"max_hp_loss":0.0,"gold_gain":0.0,"event_name":"Winding Halls","player_choice":"Writhe","floor":38.0,"gold_loss":0.0,"damage_taken":0.0,"cards_obtained":["Writhe"]},{"cards_removed":["Defend_P"],"damage_healed":0.0,"max_hp_gain":0.0,"max_hp_loss":0.0,"gold_gain":0.0,"event_name":"Bonfire Elementals","player_choice":"Offered Basic","floor":45.0,"gold_loss":0.0,"damage_taken":0.0}],"is_beta":false,"boss_relics":[{"not_picked":["Tiny House","Runic Dome"],"picked":"SlaversCollar"},{"not_picked":["Coffee Dripper","Velvet Choker"],"picked":"Cursed Key"}],"items_purged_floors":[22],"is_endless":false,"potions_floor_spawned":[1,2,11,13,28,31,33,37,41,42,54],"killed_by":"The Heart","ascension_level":0}}