{"host":"d4hjo1dp8g06u19c","time":1612956412,"event":{"mods":["Act Like it!","Arknights","BaseMod","Better Match","BetterRewards","Colored Map","Colored Powertips","Downfall","LagranYue(¿≠∏Ò¿ °§‘¬)","Marisa£®ÏF”Í°°ƒß¿Ì…≥£©","Minty Spire (QoL Compilation)","Quick Restart","Remove Card Discount Mod","Shop Mod","Spicy Shops","StSLib","The Animator","The Servant 0.9.4","TheSwordswoman","UnlockEverythingMod","Youmu£®ªÍ∆«—˝√Œ£©","noobMod","ÛÙª÷∏ƒœ"],"gold_per_floor":[111,111,23,40,56,56,56,56],"floor_reached":7,"language":"ZHS","playtime":1032,"items_purged":["LagranYue:BaseDefendCard","LagranYue:BaseDefendCard"],"score":41,"play_id":"8b104f98-5057-47e5-9299-c19be93068d7","local_time":"20210210192652","is_ascension_mode":false,"campfire_choices":[],"circlet_count":0,"master_deck":["LagranYue:BaseAttackCard","LagranYue:BaseAttackCard","LagranYue:BaseAttackCard","LagranYue:AttackTopazCard","LagranYue:SkillBrokenSwordCard","LagranYue:BaseAttackCard","LagranYue:BaseDefendCard","LagranYue:PowerKingTreasureCard","LagranYue:DefendBetterCard","LagranYue:MultipleThornsCard","LagranYue:AttackIceCard","LagranYue:SkillBrokenSwordCard"],"relics":["LagranYue:ArmsProficiencyRelics","ice","LagranYue:RandomDrawCardRelic","NeowsBlessing"],"acts_visited":["Exordium"],"potions_floor_usage":[],"damage_taken":[{"damage":0.0,"enemies":"ats:Genji","floor":1.0,"turns":1.0},{"damage":0,"enemies":"Jaw Worm","floor":4,"turns":1},{"damage":8,"enemies":"Small Slimes","floor":5,"turns":2},{"damage":51,"enemies":"3 Sentries","floor":7,"turns":7}],"seed_played":"-4149377170276626355","potions_obtained":[{"floor":1.0,"key":"SteroidPotion"}],"is_trial":false,"path_per_floor":["M","?","$","M","M","R","E"],"character_chosen":"LagranYueCharacter","items_purchased":["LagranYue:DefendBetterCard","LagranYue:MultipleThornsCard"],"campfire_rested":0,"item_purchase_floors":[3,3],"current_hp_per_floor":[75,75,75,75,67,67,16,16],"gold":56,"neow_bonus":"THREE_ENEMY_KILL","is_daily":false,"chose_seed":false,"campfire_upgraded":0,"win_rate":0.0,"timestamp":1612956412,"path_taken":["M","?","?","M","M","R","E"],"items_purchased_type":["Card","Card"],"build_version":"2020-12-22","purchased_purges":2,"victory":false,"max_hp_per_floor":[75,75,75,75,75,75,75,75],"card_choices":[{"not_picked":["LagranYue:RoseCard","LagranYue:GoldForgingCard"],"picked":"LagranYue:PowerKingTreasureCard","floor":1.0},{"not_picked":["LagranYue:AttackBetterCard","LagranYue:AttackFaithCard"],"picked":"LagranYue:AttackIceCard","floor":4},{"not_picked":["LagranYue:RubyDefendCard","LagranYue:AttackCrowCrossbowCard"],"picked":"LagranYue:SkillBrokenSwordCard","floor":5}],"player_experience":142265,"relics_obtained":[],"event_choices":[{"cards_removed":["LagranYue:BaseDefendCard"],"damage_healed":0.0,"max_hp_gain":0.0,"max_hp_loss":0.0,"gold_gain":0.0,"event_name":"Bonfire Elementals","player_choice":"Offered Basic","floor":2.0,"gold_loss":0.0,"damage_taken":0.0}],"is_beta":false,"boss_relics":[],"items_purged_floors":[3,3],"is_endless":false,"potions_floor_spawned":[1],"killed_by":"3 Sentries","ascension_level":0}}