{"host":"d76q0rb9a0s9bgr5","time":1612958577,"event":{"mods":["BaseMod","Downfall","Hubris","Minty Spire (QoL Compilation)","StSLib"],"gold_per_floor":[99,99,99,99,99,99,99,112,112,138,73,73,103,119,119,324,324,336,348,283,298,298,233,233,259,259,41,41,60,60,76,76,172,172,187,204,221,241,257,272,350,350,350,350,512,547,563,563,463,463],"floor_reached":51,"language":"ENG","playtime":3444,"items_purged":["bronze:Strike","bronze:Strike","bronze:Defend","bronze:Defend","bronze:Strike"],"score":833,"play_id":"617a4be7-ab39-45b1-8d23-768427d92069","local_time":"20210210130257","is_ascension_mode":false,"campfire_choices":[{"data":"bronze:Replicate","floor":9,"key":"SMITH"},{"data":"bronze:SpaghettiCode","floor":12,"key":"SMITH"},{"data":"bronze:Iterate","floor":15,"key":"SMITH"},{"data":"bronze:Format","floor":30,"key":"SMITH"},{"data":"bronze:Assembly","floor":32,"key":"SMITH"},{"data":"bronze:Boost","floor":49,"key":"SMITH"}],"circlet_count":0,"master_deck":["bronze:Strike","bronze:Defend","bronze:Defend","bronze:Replicate+1","bronze:Goto+1","bronze:BronzeOrb","bronze:WhirlingStrike+1","bronze:Iterate+1","bronze:SpaghettiCode+1","bronze:Format+1","bronze:Flail+1","Footwork","bronze:Assembly+1","bronze:Mutator","bronze:Fortify","bronze:Boost+1","expansioncontent:LastStand"],"relics":["bronze:BronzeCore","downfall:HeartsMalice","hubris:Icosahedron","hubris:Towel","Kunai","Question Card","Smiling Mask","StoneCalendar","Coffee Dripper","TungstenRod","Lantern","hubris:Backtick","hubris:GlazedTorus","Bottled Flame","Medical Kit","hubris:Reverence","downfall:HeartBlessingGreen"],"acts_visited":["Exordium","TheCity","TheBeyond"],"potions_floor_usage":[16,50],"damage_taken":[{"damage":0,"enemies":"Jaw Worm","floor":1,"turns":1},{"damage":0,"enemies":"2 Louse","floor":2,"turns":1},{"damage":0,"enemies":"Small Slimes","floor":6,"turns":1},{"damage":4,"enemies":"Exordium Wildlife","floor":8,"turns":3},{"damage":30,"enemies":"Gremlin Nob","floor":10,"turns":4},{"damage":0,"enemies":"downfall:FleeingMerchant","floor":11,"turns":4},{"damage":4,"enemies":"3 Sentries","floor":13,"turns":3},{"damage":1,"enemies":"3 Louse","floor":14,"turns":3},{"damage":53,"enemies":"IC_STATUS_ARCHETYPE","floor":16,"turns":12},{"damage":8,"enemies":"Spheric Guardian","floor":18,"turns":4},{"damage":9,"enemies":"3 Byrds","floor":19,"turns":4},{"damage":0,"enemies":"downfall:FleeingMerchant","floor":20,"turns":4},{"damage":0,"enemies":"Snecko","floor":21,"turns":4},{"damage":7,"enemies":"downfall:FleeingMerchant","floor":23,"turns":4},{"damage":7,"enemies":"downfall:FleeingMerchant","floor":27,"turns":4},{"damage":14,"enemies":"Snake Plant","floor":29,"turns":5},{"damage":0,"enemies":"Cultist and Chosen","floor":31,"turns":3},{"damage":0,"enemies":"SI_MIRROR_ARCHETYPE","floor":33,"turns":6},{"damage":2,"enemies":"3 Darklings","floor":35,"turns":2},{"damage":8,"enemies":"3 Shapes","floor":36,"turns":3},{"damage":0,"enemies":"Transient","floor":37,"turns":5},{"damage":0,"enemies":"Spire Growth","floor":38,"turns":4},{"damage":0,"enemies":"3 Darklings","floor":39,"turns":3},{"damage":1,"enemies":"Maw","floor":40,"turns":4},{"damage":0,"enemies":"downfall:FleeingMerchant","floor":45,"turns":2},{"damage":25,"enemies":"Nemesis","floor":46,"turns":5},{"damage":6,"enemies":"Writhing Mass","floor":47,"turns":4},{"damage":42,"enemies":"DF_ARCHETYPE_ORBS","floor":50,"turns":7}],"seed_played":"-4240638710907944440","potions_obtained":[{"floor":10,"key":"Guardian:BlockOnCardUsePotion"},{"floor":13,"key":"BlessingOfTheForge"},{"floor":14,"key":"FairyPotion"},{"floor":29,"key":"DuplicationPotion"}],"is_trial":false,"path_per_floor":["M","M","?","?","T","M","T","M","R","E","$","R","E","M","R","B",null,"M","M","$","M","?","$","T","T","?","$","?","M","R","M","R","B",null,"M","M","M","M","M","M","T","?","?","?","$","E","M","?","R","B",null],"character_chosen":"THE_AUTOMATON","items_purchased":["bronze:Assembly","Medical Kit"],"campfire_rested":0,"item_purchase_floors":[27,45],"current_hp_per_floor":[70,70,70,70,70,70,70,66,66,36,36,36,32,69,69,16,70,62,53,53,70,70,63,63,63,63,56,56,42,42,42,42,42,70,68,60,60,60,60,59,59,59,59,59,59,34,28,28,28,7],"gold":463,"neow_bonus":"THREE_ENEMY_KILL","is_daily":false,"chose_seed":false,"campfire_upgraded":6,"win_rate":0.0,"timestamp":1612958577,"path_taken":["M","M","?","?","?","M","T","M","R","E","?","R","E","?","R","BOSS","M","M","$","M","?","$","T","?","?","$","?","M","R","M","R","BOSS","M","M","M","M","?","M","T","?","?","?","$","E","M","?","R","BOSS"],"items_purchased_type":["Card","Relic"],"build_version":"2020-12-22","purchased_purges":5,"victory":true,"max_hp_per_floor":[70,70,70,70,70,70,70,70,70,70,70,70,70,70,70,70,70,70,70,70,70,70,70,70,70,70,70,70,70,70,70,70,70,70,70,70,70,70,70,70,70,70,70,70,70,70,70,70,70,70],"card_choices":[{"not_picked":["bronze:MaxOutput","bronze:Branch"],"picked":"bronze:BronzeOrb","floor":1},{"not_picked":["bronze:Shield","bronze:FollowUp"],"picked":"bronze:WhirlingStrike","floor":2},{"not_picked":["bronze:Deprecate","bronze:MaxOutput"],"picked":"bronze:Iterate","floor":6},{"not_picked":["bronze:DigitalCarnage","bronze:ItsAFeature","bronze:Iterate","bronze:Turbo"],"picked":"SKIP","floor":8},{"not_picked":["bronze:Turbo","bronze:Invalidate","bronze:DelayedGuard"],"picked":"bronze:SpaghettiCode","floor":10},{"not_picked":["bronze:DarkDash","bronze:BuggyMess","bronze:WhirlingStrike","bronze:DelayedSlice"],"picked":"SKIP","floor":11},{"not_picked":["bronze:Virus","bronze:DarkDash","bronze:BitShift","bronze:InfiniteBeams"],"picked":"SKIP","floor":13},{"not_picked":["bronze:BugBarrage","bronze:BuggyMess","bronze:GetLatest","bronze:OilSpill"],"picked":"SKIP","floor":14},{"not_picked":["bronze:FindAndReplace","bronze:HardenedForm","bronze:SpaghettiCode"],"picked":"bronze:Format","floor":16},{"not_picked":["bronze:NullPointer","bronze:Repair","bronze:Separator","bronze:Iterate"],"picked":"SKIP","floor":18},{"not_picked":["bronze:InfiniteBeams","bronze:DelayedSlice","bronze:Shield+1","bronze:Refactor"],"picked":"SKIP","floor":19},{"not_picked":["bronze:ClassDefault+1","bronze:BronzeArmor+1","bronze:Iterate","bronze:WildBeam"],"picked":"SKIP","floor":20},{"not_picked":["bronze:WhirlingStrike","bronze:Iterate","bronze:Frontload"],"picked":"bronze:Flail","floor":21},{"not_picked":["bronze:ItsAFeature","bronze:WhirlingStrike","bronze:FineTuning","bronze:Shield+1"],"picked":"SKIP","floor":23},{"not_picked":["bronze:Shell","bronze:CutThrough","bronze:FollowUp","bronze:BugBarrage+1"],"picked":"SKIP","floor":27},{"not_picked":["bronze:Shell","bronze:Frontload","bronze:WhirlingStrike","bronze:DarkDash+1"],"picked":"SKIP","floor":29},{"not_picked":["bronze:Turbo","bronze:Overheat+1","bronze:Break","bronze:Deprecate+1"],"picked":"SKIP","floor":31},{"not_picked":["bronze:HyperBeam","bronze:Assembly","bronze:ShipIt"],"picked":"bronze:Mutator","floor":33},{"not_picked":["bronze:Flail+1","bronze:Branch","bronze:Overheat+1","bronze:Separator"],"picked":"SKIP","floor":35},{"not_picked":["bronze:Allocate+1","bronze:Shell","bronze:DelayedSlice","bronze:ChosenStrike+1"],"picked":"SKIP","floor":36},{"not_picked":["bronze:Virus","bronze:ForceShield","bronze:ChildClass"],"picked":"bronze:Fortify","floor":37},{"not_picked":["bronze:Flail","bronze:BuggyMess+1","bronze:WhirlingStrike"],"picked":"bronze:Boost","floor":38},{"not_picked":["bronze:WhirlingStrike","bronze:ChildClass+1","bronze:Boost","bronze:BugBarrage+1"],"picked":"SKIP","floor":39},{"not_picked":["bronze:Flail+1","bronze:ChildClass","bronze:Turbo","bronze:Deprecate+1"],"picked":"SKIP","floor":40},{"not_picked":["expansioncontent:InvincibleStrength","expansioncontent:PrepareCrush"],"picked":"expansioncontent:LastStand","floor":42},{"not_picked":["bronze:Separator+1","bronze:ChildClass+1","bronze:Shield+1","bronze:DelayedSlice"],"picked":"SKIP","floor":45},{"not_picked":["bronze:Turbo+1","bronze:ForceShield","bronze:BugBarrage","bronze:Break"],"picked":"SKIP","floor":46},{"not_picked":["bronze:WildBeam","bronze:ForLoop+1","bronze:GetLatest","bronze:OilSpill"],"picked":"SKIP","floor":47}],"player_experience":125571,"relics_obtained":[{"floor":5,"key":"Kunai"},{"floor":7,"key":"Question Card"},{"floor":10,"key":"Smiling Mask"},{"floor":13,"key":"StoneCalendar"},{"floor":24,"key":"TungstenRod"},{"floor":25,"key":"Lantern"},{"floor":41,"key":"Bottled Flame"},{"floor":46,"key":"hubris:Reverence"}],"event_choices":[{"damage_healed":0,"gold_gain":0,"player_choice":"Ignored","damage_taken":0,"max_hp_gain":0,"max_hp_loss":0,"event_name":"Vampires","floor":22,"gold_loss":0},{"damage_healed":0,"gold_gain":0,"player_choice":"Read","damage_taken":0,"max_hp_gain":0,"max_hp_loss":0,"event_name":"The Library","floor":26,"gold_loss":0,"cards_obtained":["Footwork"]},{"damage_healed":0,"gold_gain":0,"player_choice":"Ignored","damage_taken":0,"max_hp_gain":0,"max_hp_loss":0,"event_name":"NoteForYourself","floor":48,"gold_loss":0}],"is_beta":false,"boss_relics":[{"not_picked":["hubris:VirtuousBlindfold","hubris:CrackedHourglass"],"picked":"Coffee Dripper"},{"not_picked":["Snecko Eye","Tiny House"],"picked":"hubris:Backtick"}],"items_purged_floors":[11,20,23,27,45],"is_endless":false,"potions_floor_spawned":[10,13,14,29,31,33,38,46],"ascension_level":0}}