{"host":"3gyvhg7mg6y9ble1","time":1612941388,"event":{"mods":["BaseMod","Block Reminder","Colored Powertips","Highlight Path","Minty Spire (QoL Compilation)","Rare Cards Sparkle","Relic Sorter","Relic Stats","StSLib"],"gold_per_floor":[116,131,206,31,31,31,107,127,151,151,151,209,244,279,279,427,427,470,507,573,488,488,517,517,167,167,167,197,197,281,47,47,174,224,286,296,356,72,72,105,120,120,120,120,180,57,75,111,111,111],"floor_reached":51,"language":"ENG","playtime":4347,"items_purged":["Strike_R","Strike_R"],"score":881,"play_id":"ae161b0c-d079-43f9-ae23-99678dcceacd","local_time":"20210210021628","is_ascension_mode":true,"campfire_choices":[{"data":"HandOfGreed","floor":6,"key":"SMITH"},{"data":"Uppercut","floor":10,"key":"SMITH"},{"floor":15,"key":"REST"},{"floor":24,"key":"REST"},{"data":"Armaments","floor":27,"key":"SMITH"},{"floor":29,"key":"REST"},{"floor":32,"key":"REST"},{"data":"Berserk","floor":42,"key":"SMITH"},{"data":"Battle Trance","floor":44,"key":"SMITH"},{"floor":49,"key":"REST"}],"circlet_count":0,"master_deck":["Strike_R","Strike_R","Defend_R","Defend_R","Defend_R","Defend_R","Bash","Uppercut+1","Pommel Strike","HandOfGreed+1","Spot Weakness","Sentinel","Rampage+1","Berserk+1","Battle Trance+1","Armaments+1","Metallicize","Offering","Reaper","Shrug It Off+1","Metallicize","Reaper","Inflame","True Grit+1","Dropkick+1","Parasite","Battle Trance+1","Shrug It Off+1"],"relics":["Burning Blood","Bag of Preparation","Smiling Mask","Bronze Scales","Oddly Smooth Stone","Black Star","Self Forming Clay","Prayer Wheel","Happy Flower","Shuriken","Potion Belt","Kunai","Champion Belt","The Courier","Strawberry","FossilizedHelix","Tiny House","Ginger","Toy Ornithopter","HornCleat","Bag of Marbles","Regal Pillow","Sundial","Membership Card"],"acts_visited":["Exordium","TheCity","TheBeyond"],"potions_floor_usage":[7,12,23,28,28,36,37,40,45,50],"damage_taken":[{"damage":2,"enemies":"Small Slimes","floor":1,"turns":4},{"damage":7,"enemies":"Jaw Worm","floor":2,"turns":3},{"damage":25,"enemies":"3 Sentries","floor":7,"turns":8},{"damage":8,"enemies":"2 Louse","floor":8,"turns":2},{"damage":20,"enemies":"Lagavulin","floor":12,"turns":5},{"damage":9,"enemies":"Gremlin Gang","floor":13,"turns":3},{"damage":3,"enemies":"2 Fungi Beasts","floor":14,"turns":3},{"damage":44,"enemies":"Slime Boss","floor":16,"turns":10},{"damage":14,"enemies":"3 Byrds","floor":18,"turns":3},{"damage":17,"enemies":"Shell Parasite","floor":19,"turns":4},{"damage":45,"enemies":"Centurion and Healer","floor":20,"turns":7},{"damage":46,"enemies":"Book of Stabbing","floor":23,"turns":7},{"damage":29,"enemies":"Gremlin Leader","floor":28,"turns":6},{"damage":28,"enemies":"Slavers","floor":30,"turns":7},{"damage":19,"enemies":"Champ","floor":33,"turns":16},{"damage":11,"enemies":"3 Shapes","floor":35,"turns":6},{"damage":11,"enemies":"3 Darklings","floor":36,"turns":7},{"damage":23,"enemies":"Sphere and 2 Shapes","floor":37,"turns":6},{"damage":52,"enemies":"Giant Head","floor":40,"turns":9},{"damage":16,"enemies":"Maw","floor":41,"turns":7},{"damage":59,"enemies":"Reptomancer","floor":45,"turns":7},{"damage":34,"enemies":"Writhing Mass","floor":47,"turns":6},{"damage":19,"enemies":"3 Darklings","floor":48,"turns":5},{"damage":82,"enemies":"Time Eater","floor":50,"turns":14}],"seed_played":"431254701447840","potions_obtained":[{"floor":1,"key":"Weak Potion"},{"floor":2,"key":"Block Potion"},{"floor":8,"key":"GamblersBrew"},{"floor":16,"key":"Regen Potion"},{"floor":18,"key":"FearPotion"},{"floor":19,"key":"EssenceOfSteel"},{"floor":33,"key":"FearPotion"},{"floor":34,"key":"EssenceOfSteel"},{"floor":35,"key":"SkillPotion"},{"floor":41,"key":"PowerPotion"},{"floor":47,"key":"ElixirPotion"}],"is_trial":false,"path_per_floor":["M","M","?","$","?","R","E","M","T","R","?","E","M","M","R","B",null,"M","M","M","?","?","E","R","$","T","R","E","R","E","$","R","B",null,"M","M","M","$","?","E","M","R","T","R","E","$","M","M","R","B",null],"character_chosen":"IRONCLAD","items_purchased":["HandOfGreed","Shuriken","Metallicize","FossilizedHelix","Ginger","Membership Card"],"campfire_rested":5,"item_purchase_floors":[4,25,25,31,38,46],"current_hp_per_floor":[80,79,68,68,73,73,54,52,52,52,52,38,35,38,63,25,85,77,66,27,27,55,30,55,55,55,55,32,57,42,42,69,56,97,92,87,70,70,70,63,65,65,65,65,17,17,11,47,91,20],"gold":111,"neow_bonus":"RANDOM_COMMON_RELIC","is_daily":false,"chose_seed":false,"campfire_upgraded":5,"win_rate":0.0,"timestamp":1612941388,"path_taken":["M","M","?","$","?","R","E","M","T","R","?","E","M","?","R","BOSS","M","M","M","?","?","E","R","$","T","R","E","R","E","?","R","BOSS","M","M","M","$","?","E","M","R","T","R","E","?","M","M","R","BOSS"],"items_purchased_type":["Card","Relic","Card","Relic","Relic","Relic"],"build_version":"2020-12-22","purchased_purges":2,"victory":true,"max_hp_per_floor":[80,80,80,80,85,85,85,85,85,85,85,85,85,85,85,85,85,85,85,85,85,85,85,85,85,85,85,85,85,92,92,92,92,97,97,97,97,97,97,97,97,97,97,97,97,97,97,97,97,97],"relic_stats":{"Regal Pillow":15,"Happy Flower":[32],"counters":[24,155],"Self Forming Clay":[183],"Bag of Preparation":[48],"Ginger":[9],"Smiling Mask":55,"Burning Blood":140,"Shuriken":[17],"Sundial":[4],"Bronze Scales":[459],"Prayer Wheel":6,"Black Star":5,"Kunai":[16],"Champion Belt":[46],"obtain_stats":[{"Potion Belt":26,"Regal Pillow":45,"Tiny House":34,"Happy Flower":23,"Self Forming Clay":21,"Oddly Smooth Stone":12,"The Courier":30,"Bag of Preparation":0,"Ginger":38,"Smiling Mask":7,"Burning Blood":0,"HornCleat":40,"Shuriken":25,"Sundial":45,"Bronze Scales":9,"Strawberry":30,"Prayer Wheel":23,"Black Star":17,"Bag of Marbles":43,"Kunai":28,"Champion Belt":28,"Membership Card":46,"FossilizedHelix":31,"Toy Ornithopter":40},{"Potion Belt":12,"Regal Pillow":21,"Tiny House":15,"Happy Flower":12,"Self Forming Clay":11,"Oddly Smooth Stone":5,"The Courier":14,"Bag of Preparation":0,"Ginger":18,"Smiling Mask":3,"Burning Blood":0,"HornCleat":19,"Shuriken":12,"Sundial":21,"Bronze Scales":4,"Strawberry":14,"Prayer Wheel":12,"Black Star":8,"Bag of Marbles":20,"Kunai":13,"Champion Belt":13,"Membership Card":21,"FossilizedHelix":14,"Toy Ornithopter":19},{"Potion Belt":59,"Regal Pillow":130,"Tiny House":88,"Happy Flower":59,"Self Forming Clay":52,"Oddly Smooth Stone":22,"The Courier":72,"Bag of Preparation":0,"Ginger":107,"Smiling Mask":15,"Burning Blood":0,"HornCleat":116,"Shuriken":59,"Sundial":130,"Bronze Scales":17,"Strawberry":72,"Prayer Wheel":59,"Black Star":38,"Bag of Marbles":123,"Kunai":65,"Champion Belt":65,"Membership Card":130,"FossilizedHelix":72,"Toy Ornithopter":116}],"Toy Ornithopter":10},"card_choices":[{"not_picked":["Power Through","Armaments"],"picked":"Uppercut","floor":1},{"not_picked":["Ghostly Armor","Spot Weakness"],"picked":"Pommel Strike","floor":2},{"not_picked":["Combust","Sword Boomerang"],"picked":"Spot Weakness","floor":7},{"not_picked":["True Grit","Rupture","Blood for Blood"],"picked":"SKIP","floor":8},{"not_picked":["Clash","Pommel Strike","Sword Boomerang"],"picked":"SKIP","floor":12},{"not_picked":["Dark Embrace","Body Slam","Havoc"],"picked":"SKIP","floor":13},{"not_picked":["Reckless Charge","Flex"],"picked":"Rampage","floor":14},{"not_picked":["Offering","Corruption"],"picked":"Berserk","floor":16},{"not_picked":["Clash","Warcry"],"picked":"Battle Trance","floor":18},{"not_picked":["Havoc+1","Sever Soul","Body Slam"],"picked":"SKIP","floor":19},{"not_picked":["Iron Wave","Clothesline+1","Anger"],"picked":"SKIP","floor":20},{"not_picked":["Shrug It Off","Flame Barrier"],"picked":"Armaments","floor":23},{"not_picked":["Pommel Strike+1","Second Wind"],"picked":"Offering","floor":28},{"not_picked":["Pommel Strike","Blood for Blood","Thunderclap"],"picked":"SKIP","floor":30},{"not_picked":["Exhume","Offering"],"picked":"Reaper","floor":33},{"not_picked":["Combust+1","Thunderclap+1"],"picked":"Shrug It Off+1","floor":35},{"not_picked":["Bloodletting","Armaments","Second Wind"],"picked":"SKIP","floor":35},{"not_picked":["Sever Soul","Perfected Strike+1","Thunderclap"],"picked":"SKIP","floor":36},{"not_picked":["Armaments+1","True Grit","Wild Strike+1"],"picked":"SKIP","floor":36},{"not_picked":["Bloodletting+1","Pommel Strike"],"picked":"Metallicize","floor":37},{"not_picked":["True Grit","Entrench+1","Corruption"],"picked":"SKIP","floor":37},{"not_picked":["Fire Breathing","Havoc"],"picked":"Inflame","floor":40},{"not_picked":["Perfected Strike+1","Reckless Charge"],"picked":"True Grit+1","floor":41},{"not_picked":["Carnage","Warcry+1"],"picked":"Dropkick+1","floor":41},{"not_picked":["Reaper","Intimidate+1","Heavy Blade"],"picked":"SKIP","floor":45},{"not_picked":["Flex","Warcry"],"picked":"Battle Trance+1","floor":47},{"not_picked":["Flex+1","Wild Strike+1","Headbutt"],"picked":"SKIP","floor":47},{"not_picked":["Inflame","Headbutt"],"picked":"Shrug It Off+1","floor":48},{"not_picked":["Dark Embrace","Warcry","Ghostly Armor+1"],"picked":"SKIP","floor":48}],"player_experience":342856,"relics_obtained":[{"floor":7,"key":"Smiling Mask"},{"floor":9,"key":"Bronze Scales"},{"floor":12,"key":"Oddly Smooth Stone"},{"floor":23,"key":"Prayer Wheel"},{"floor":23,"key":"Happy Flower"},{"floor":26,"key":"Potion Belt"},{"floor":28,"key":"Kunai"},{"floor":28,"key":"Champion Belt"},{"floor":30,"key":"The Courier"},{"floor":30,"key":"Strawberry"},{"floor":40,"key":"Toy Ornithopter"},{"floor":40,"key":"HornCleat"},{"floor":43,"key":"Bag of Marbles"},{"floor":45,"key":"Regal Pillow"},{"floor":45,"key":"Sundial"}],"event_choices":[{"damage_healed":0,"gold_gain":75,"player_choice":"Gather Gold","damage_taken":11,"max_hp_gain":0,"max_hp_loss":0,"event_name":"World of Goop","floor":3,"gold_loss":0},{"damage_healed":0,"gold_gain":0,"player_choice":"Donut","damage_taken":0,"max_hp_gain":5,"max_hp_loss":0,"event_name":"Big Fish","floor":5,"gold_loss":0},{"damage_healed":0,"gold_gain":0,"cards_transformed":["Strike_R"],"player_choice":"Transformed","damage_taken":0,"max_hp_gain":0,"max_hp_loss":0,"event_name":"Transmorgrifier","floor":11,"gold_loss":0,"cards_obtained":["Sentinel"]},{"damage_healed":0,"gold_gain":0,"player_choice":"Obtained Relic","damage_taken":0,"relics_obtained":["Self Forming Clay"],"max_hp_gain":0,"max_hp_loss":0,"event_name":"Addict","floor":21,"gold_loss":85},{"damage_healed":28,"gold_gain":0,"player_choice":"Heal","damage_taken":0,"max_hp_gain":0,"max_hp_loss":0,"event_name":"The Library","floor":22,"gold_loss":0},{"damage_healed":0,"gold_gain":0,"player_choice":"Copied","damage_taken":0,"max_hp_gain":0,"max_hp_loss":0,"event_name":"Duplicator","floor":39,"gold_loss":0,"cards_obtained":["Reaper"]}],"is_beta":false,"boss_relics":[{"not_picked":["Pandora\u0027s Box","Sozu"],"picked":"Black Star"},{"not_picked":["Snecko Eye","Runic Cube"],"picked":"Tiny House"}],"items_purged_floors":[25,38],"is_endless":false,"potions_floor_spawned":[1,2,8,16,18,19,20,33,35,41,47],"ascension_level":3}}