{"host":"odhb85ppoyjrwi3n","time":1612968861,"event":{"mods":["BaseMod","Better Third Choice","BetterRewards","Bossed Relics","Minty Spire (QoL Compilation)","Quick Restart","StSLib"],"gold_per_floor":[118,5079,5079,5105,5105,5136,5136,5148,5175,5175,5202,5217,5217,5227,5227,5331,5331,5349,5366,5366,5366,5318,5350,5366,5401,5447,5447,5447,5465,5465,5465,5465,5570,5570,5585,5585,5585,5603,5653,5681,5681,5716,5716,5716,5747,5747,5774,5807,5807,5807],"floor_reached":51,"language":"ENG","playtime":3010,"items_purged":["Strike_B","Strike_B","Strike_B","Defend_B","Defend_B","Defend_B","Defend_B","Strike_B","Zap"],"score":1599,"play_id":"fa378138-106b-47c1-ba68-909d02be940a","local_time":"20210210155421","is_ascension_mode":true,"campfire_choices":[{"floor":7,"key":"RECALL"},{"data":"Dualcast","floor":10,"key":"SMITH"},{"floor":15,"key":"REST"},{"floor":30,"key":"REST"},{"floor":32,"key":"REST"},{"floor":41,"key":"REST"},{"floor":44,"key":"REST"},{"floor":49,"key":"REST"}],"circlet_count":0,"master_deck":["Dualcast+1","Self Repair+1","Heatsinks+1","Darkness+1","Self Repair+1","Defragment+1","Doom and Gloom+1","Darkness+1","Mayhem+1","Consume+1","Amplify+1","Doom and Gloom+1","Loop+1","Core Surge+1","Amplify+1"],"relics":["FrozenCore","Shuriken","HandDrill","Bird Faced Urn","Ginger","Cables","Medical Kit","Matryoshka","Strawberry","Singing Bowl","Membership Card","Turnip","Runic Capacitor","Question Card","Potion Belt","DataDisk","Pear","Lee\u0027s Waffle","Molten Egg 2","Frozen Egg 2","Emotion Chip","PreservedInsect","Mango","Tiny Chest","Toxic Egg 2","FossilizedHelix","Torii","Sling","Ornamental Fan","Blood Vial","Whetstone","Mercury Hourglass","Regal Pillow","Nunchaku","HornCleat","Oddly Smooth Stone","War Paint","Bag of Preparation","Kunai","Busted Crown","WingedGreaves","Gambling Chip","Lizard Tail","Dead Branch","Anchor","Vajra","Blue Candle"],"acts_visited":["Exordium","TheCity","TheBeyond"],"potions_floor_usage":[22],"damage_taken":[{"damage":0,"enemies":"Cultist","floor":1,"turns":3},{"damage":30,"enemies":"3 Sentries","floor":6,"turns":3},{"damage":2,"enemies":"Jaw Worm","floor":8,"turns":3},{"damage":0,"enemies":"2 Louse","floor":12,"turns":2},{"damage":0,"enemies":"Exordium Wildlife","floor":14,"turns":3},{"damage":0,"enemies":"Slime Boss","floor":16,"turns":4},{"damage":11,"enemies":"2 Thieves","floor":18,"turns":4},{"damage":0,"enemies":"Spheric Guardian","floor":19,"turns":4},{"damage":0,"enemies":"Gremlin Leader","floor":23,"turns":3},{"damage":0,"enemies":"Shelled Parasite and Fungi","floor":24,"turns":4},{"damage":7,"enemies":"Book of Stabbing","floor":25,"turns":5},{"damage":0,"enemies":"Sentry and Sphere","floor":29,"turns":4},{"damage":0,"enemies":"Automaton","floor":33,"turns":5},{"damage":0,"enemies":"Orb Walker","floor":35,"turns":2},{"damage":9,"enemies":"3 Shapes","floor":38,"turns":3},{"damage":0,"enemies":"Mind Bloom Boss Battle","floor":39,"turns":4},{"damage":1,"enemies":"Nemesis","floor":40,"turns":3},{"damage":0,"enemies":"Giant Head","floor":42,"turns":4},{"damage":7,"enemies":"Nemesis","floor":45,"turns":5},{"damage":0,"enemies":"Giant Head","floor":48,"turns":5},{"damage":30,"enemies":"Awakened One","floor":50,"turns":8}],"seed_played":"-7903480817693112060","potions_obtained":[{"floor":1,"key":"DistilledChaos"},{"floor":6,"key":"DistilledChaos"},{"floor":8,"key":"Dexterity Potion"},{"floor":14,"key":"FearPotion"},{"floor":38,"key":"Explosive Potion"}],"is_trial":false,"path_per_floor":["M","$","?","T","?","E","R","M","T","R","T","M","?","M","R","B",null,"M","M","T","?","$","E","M","E","T","?","T","M","R","$","R","B",null,"M","?","$","M","?","E","R","E","T","R","E","$","T","E","R","B",null],"character_chosen":"DEFECT","items_purchased":["Shuriken","HandDrill","Bird Faced Urn","Ginger","Cables","Medical Kit","Matryoshka","Strawberry","Singing Bowl","Membership Card","Turnip","Runic Capacitor","Question Card","Potion Belt","DataDisk","Pear","Lee\u0027s Waffle","Molten Egg 2","Frozen Egg 2","Self Repair+1","Emotion Chip","PreservedInsect","Mango","Tiny Chest","Toxic Egg 2","Heatsinks+1","Darkness+1","Self Repair+1","Defragment+1","Doom and Gloom+1","Darkness+1","Mayhem+1","Sling","LiquidMemories","Fruit Juice"],"campfire_rested":6,"item_purchase_floors":[0,0,0,0,0,0,0,0,0,0,0,0,0,0,0,0,0,0,0,0,0,0,0,0,0,0,0,0,0,0,0,0,0,2,22],"current_hp_per_floor":[115,115,115,115,115,111,111,119,119,119,119,119,119,121,121,121,121,123,125,125,125,130,130,132,134,134,134,134,136,136,136,136,136,136,138,138,138,140,142,144,144,144,144,144,146,146,146,148,148,148],"gold":5807,"neow_bonus":"","is_daily":false,"chose_seed":false,"campfire_upgraded":1,"win_rate":0.0,"timestamp":1612968861,"path_taken":["M","$","?","?","?","E","R","M","T","R","?","?","?","M","R","BOSS","M","?","?","?","?","E","M","E","T","?","?","M","R","$","R","BOSS","M","?","$","?","?","E","R","E","T","R","E","$","?","E","R","BOSS"],"items_purchased_type":["Relic","Relic","Relic","Relic","Relic","Relic","Relic","Relic","Relic","Relic","Relic","Relic","Relic","Relic","Relic","Relic","Relic","Relic","Relic","Card","Relic","Relic","Relic","Relic","Relic","Card","Card","Card","Card","Card","Card","Card","Relic","Potion","Potion"],"build_version":"2020-12-22","purchased_purges":9,"victory":true,"max_hp_per_floor":[115,115,115,115,115,117,117,119,119,119,119,119,119,121,121,121,121,123,125,125,125,130,130,132,134,134,134,134,136,136,136,136,136,136,138,138,138,140,142,144,144,144,144,144,146,146,146,148,148,148],"card_choices":[{"not_picked":["Hologram+1","Cold Snap+1","Reinforced Body+1","Streamline+1"],"picked":"Singing Bowl","floor":1},{"not_picked":["Hologram+1","Aggregate+1","Leap+1","Beam Cell+1"],"picked":"Singing Bowl","floor":6},{"not_picked":["Hologram+1","Rip and Tear+1","Cold Snap+1","Rebound+1"],"picked":"Singing Bowl","floor":8},{"not_picked":["Chaos+1","Loop+1","Tempest+1"],"picked":"Consume+1","floor":12},{"not_picked":["Hologram+1","Self Repair+1","Doom and Gloom+1","Turbo+1"],"picked":"Singing Bowl","floor":14},{"not_picked":["Creative AI+1","Multi-Cast+1","All For One+1"],"picked":"Amplify+1","floor":16},{"not_picked":["Gash+1","Ball Lightning+1","Compile Driver+1","Redo+1"],"picked":"Singing Bowl","floor":18},{"not_picked":["Coolheaded+1","Sweeping Beam+1","Compile Driver+1","Skim+1"],"picked":"Singing Bowl","floor":19},{"not_picked":["Buffer+1","Ball Lightning+1","Gash+1"],"picked":"Loop+1","floor":23},{"not_picked":["Rebound+1","Stack+1","Skim+1","Compile Driver+1"],"picked":"Singing Bowl","floor":24},{"not_picked":["Redo+1","Steam Power+1","Fission+1","Force Field+1"],"picked":"Singing Bowl","floor":25},{"not_picked":["Ball Lightning+1","Redo+1","Leap+1","Beam Cell+1"],"picked":"Singing Bowl","floor":29},{"not_picked":["Rainbow+1","Creative AI+1","Biased Cognition+1"],"picked":"Core Surge+1","floor":33},{"not_picked":["Cold Snap+1","Gash+1"],"picked":"Singing Bowl","floor":35},{"not_picked":["Compile Driver+1","Chaos+1"],"picked":"Singing Bowl","floor":38},{"not_picked":["Conserve Battery+1","Coolheaded+1"],"picked":"Singing Bowl","floor":39},{"not_picked":["Doom and Gloom+1","Coolheaded+1"],"picked":"Singing Bowl","floor":40},{"not_picked":["Aggregate+1"],"picked":"Amplify+1","floor":42},{"not_picked":["Ball Lightning+1","Defragment+1"],"picked":"Singing Bowl","floor":45},{"not_picked":["Coolheaded+1","Scrape+1"],"picked":"Singing Bowl","floor":48}],"player_experience":157342,"relics_obtained":[{"floor":4,"key":"Ornamental Fan"},{"floor":6,"key":"Whetstone"},{"floor":9,"key":"Mercury Hourglass"},{"floor":9,"key":"Regal Pillow"},{"floor":11,"key":"Nunchaku"},{"floor":20,"key":"HornCleat"},{"floor":23,"key":"Oddly Smooth Stone"},{"floor":25,"key":"War Paint"},{"floor":26,"key":"Bag of Preparation"},{"floor":28,"key":"Kunai"},{"floor":39,"key":"WingedGreaves"},{"floor":40,"key":"Gambling Chip"},{"floor":42,"key":"Lizard Tail"},{"floor":43,"key":"Dead Branch"},{"floor":45,"key":"Anchor"},{"floor":47,"key":"Vajra"},{"floor":48,"key":"Blue Candle"}],"event_choices":[{"damage_healed":115,"gold_gain":0,"player_choice":"Leave","damage_taken":0,"max_hp_gain":0,"max_hp_loss":115,"event_name":"betterThird:BetterShining","floor":3,"gold_loss":0},{"damage_healed":0,"gold_gain":0,"player_choice":"Box","damage_taken":0,"relics_obtained":["Blood Vial"],"max_hp_gain":0,"max_hp_loss":0,"event_name":"Big Fish","floor":5,"gold_loss":0,"cards_obtained":["Regret"]},{"cards_removed":["Regret"],"damage_healed":0,"gold_gain":0,"player_choice":"Removed Curses","damage_taken":0,"max_hp_gain":0,"max_hp_loss":0,"event_name":"Fountain of Cleansing","floor":13,"gold_loss":0},{"damage_healed":0,"gold_gain":0,"player_choice":"Read","damage_taken":0,"max_hp_gain":0,"max_hp_loss":0,"event_name":"The Library","floor":21,"gold_loss":0,"cards_obtained":["Doom and Gloom"]},{"damage_healed":0,"gold_gain":0,"player_choice":"Ignored","damage_taken":0,"max_hp_gain":0,"max_hp_loss":0,"event_name":"Vampires","floor":27,"gold_loss":0},{"damage_healed":0,"gold_gain":0,"player_choice":"Ignored","damage_taken":0,"max_hp_gain":0,"max_hp_loss":0,"event_name":"Upgrade Shrine","floor":36,"gold_loss":0},{"damage_healed":0,"gold_gain":0,"player_choice":"Fight","damage_taken":0,"max_hp_gain":0,"max_hp_loss":0,"event_name":"MindBloom","floor":39,"gold_loss":0}],"is_beta":false,"boss_relics":[{"not_picked":["SacredBark","Tiny House"],"picked":"FrozenCore"},{"not_picked":["Coffee Dripper","Nuclear Battery"],"picked":"Busted Crown"}],"items_purged_floors":[0,0,0,0,0,0,0,0,0],"is_endless":false,"potions_floor_spawned":[1,6,8,14,18,19,24,38,39,45],"ascension_level":4}}