{"host":"sum4dy402bbv9y4o","time":1612989353,"event":{"mods":["Aspiration","BaseMod","Conspire","Highlight Path","Minty Spire (QoL Compilation)","StSLib"],"gold_per_floor":[17,34,34,45,55,55,73,73,73,73,73,73,73],"floor_reached":12,"language":"ENG","playtime":298,"items_purged":[],"score":140,"play_id":"09499946-33e2-48de-8061-42731120d19f","local_time":"20210210233553","is_ascension_mode":true,"campfire_choices":[{"data":"Eruption","floor":6,"key":"SMITH"},{"data":"Perseverance","floor":8,"key":"SMITH"},{"data":"SpiritShield","floor":10,"key":"SMITH"}],"circlet_count":0,"master_deck":["AscendersBane","Strike_P","Strike_P","Strike_P","Strike_P","Defend_P","Defend_P","Defend_P","Defend_P","Eruption+1","Vigilance","SpiritShield+1","FollowUp","WindmillStrike","Protect","Brilliance","Perseverance+1"],"relics":["PureWater","Eternal Feather"],"acts_visited":["Exordium"],"potions_floor_usage":[2],"damage_taken":[{"damage":7,"enemies":"Small Slimes","floor":1,"turns":4},{"damage":1,"enemies":"2 Louse","floor":2,"turns":3},{"damage":0,"enemies":"Jaw Worm","floor":4,"turns":3},{"damage":5,"enemies":"Red Slaver","floor":5,"turns":4},{"damage":12,"enemies":"Gremlin Gang","floor":7,"turns":4},{"damage":49,"enemies":"Gremlin Nob","floor":12,"turns":3}],"seed_played":"-6323386997056416247","potions_obtained":[{"floor":1,"key":"Fire Potion"},{"floor":2,"key":"Ancient Potion"}],"is_trial":false,"path_per_floor":["M","M","?","M","M","R","M","R","T","R","?","E"],"character_chosen":"WATCHER","items_purchased":[],"campfire_rested":0,"item_purchase_floors":[],"current_hp_per_floor":[54,53,53,53,48,48,36,36,36,45,45,0,0],"gold":73,"neow_bonus":"THREE_RARE_CARDS","is_daily":false,"chose_seed":false,"campfire_upgraded":3,"win_rate":0.0,"timestamp":1612989353,"path_taken":["M","M","?","M","M","R","M","R","T","R","?","E"],"items_purchased_type":[],"build_version":"2020-12-22","purchased_purges":0,"victory":false,"max_hp_per_floor":[68,68,68,68,68,68,68,68,68,68,68,68,68],"card_choices":[{"not_picked":["DevaForm","Wish"],"picked":"SpiritShield","floor":0},{"not_picked":["WaveOfTheHand","CutThroughFate"],"picked":"FollowUp","floor":1},{"not_picked":["JustLucky","Crescendo"],"picked":"WindmillStrike","floor":2},{"not_picked":["Fasting2","FollowUp"],"picked":"Protect","floor":4},{"not_picked":["WaveOfTheHand","Vengeance"],"picked":"Brilliance","floor":5},{"not_picked":["ClearTheMind","Consecrate"],"picked":"Perseverance","floor":7}],"player_experience":3088585,"relics_obtained":[{"floor":9,"key":"Eternal Feather"}],"event_choices":[{"damage_healed":0,"gold_gain":0,"player_choice":"Ignored","damage_taken":0,"max_hp_gain":0,"max_hp_loss":0,"event_name":"Golden Idol","floor":11,"gold_loss":0}],"is_beta":false,"boss_relics":[],"items_purged_floors":[],"is_endless":false,"potions_floor_spawned":[1,2],"killed_by":"Gremlin Nob","ascension_level":20}}