{"host":"d2y4rmbezebiv8aj","time":1612947636,"event":{"mods":["AchievementEnabler","BaseMod","Bestiary","BetterRewards","Colored Map","Colored Powertips","Custom Start","Highlight Path","Minty Spire (QoL Compilation)","Quick Restart","Rare Cards Sparkle","Relic Sorter","Relic Stats","Shop Mod","Slay-I","StSLib","SuperFastMode"],"gold_per_floor":[110,167,167,87,52,82,14,49,49,62,72,86,100,113,113,210,260,272,95,95,108,108,108,133,133,133,151,151,165,178,192,192,291,291,308,318,368,391,391,391],"floor_reached":39,"language":"DEU","playtime":1131,"items_purged":[],"score":613,"play_id":"7e1b275d-e675-497c-a004-beb593d6fce8","local_time":"20210210100036","is_ascension_mode":false,"campfire_choices":[{"floor":15.0,"key":"REST"},{"data":"Storm","floor":23,"key":"SMITH"},{"data":"Amplify","floor":25,"key":"SMITH"},{"data":"Electrodynamics","floor":28,"key":"SMITH"},{"floor":32,"key":"REST"}],"circlet_count":0,"master_deck":["Strike_B+1","Strike_B+1","Strike_B+1","Strike_B+1","Defend_B+1","Defend_B+1","Defend_B+1","Defend_B+1","Zap+1","Dualcast","Defragment","Doom and Gloom","Ball Lightning","Heatsinks","Self Repair","Cold Snap","Defragment","Darkness","Hello World","Ball Lightning","Storm+1","Melter","Redo","Electrodynamics+1","Streamline+1","Amplify+1","Double Energy","Ball Lightning+1","Ball Lightning+1","Sweeping Beam+1","Chaos+1","Turbo+1"],"relics":["Cracked Core","Orichalcum","PreservedInsect","Dream Catcher","Smiling Mask","Shuriken","Tiny House","Membership Card","Mummified Hand","Turnip","Mercury Hourglass","Du-Vu Doll","Oddly Smooth Stone"],"acts_visited":["Exordium","TheCity","TheBeyond"],"potions_floor_usage":[16,16,16,24,33],"damage_taken":[{"damage":6.0,"enemies":"Jaw Worm","floor":1.0,"turns":3.0},{"damage":14.0,"enemies":"Gremlin Nob","floor":6.0,"turns":4.0},{"damage":0.0,"enemies":"Lagavulin","floor":8.0,"turns":4.0},{"damage":0.0,"enemies":"Small Slimes","floor":10.0,"turns":2.0},{"damage":2.0,"enemies":"2 Louse","floor":11.0,"turns":2.0},{"damage":6.0,"enemies":"Looter","floor":12.0,"turns":3.0},{"damage":16.0,"enemies":"Large Slime","floor":13.0,"turns":3.0},{"damage":14.0,"enemies":"Exordium Thugs","floor":14.0,"turns":3.0},{"damage":19,"enemies":"The Guardian","floor":16,"turns":7},{"damage":0,"enemies":"Spheric Guardian","floor":18,"turns":2},{"damage":0,"enemies":"3 Byrds","floor":21,"turns":2},{"damage":30,"enemies":"Slavers","floor":24,"turns":2},{"damage":10,"enemies":"Snecko","floor":27,"turns":3},{"damage":0,"enemies":"Centurion and Healer","floor":29,"turns":2},{"damage":0,"enemies":"Sentry and Sphere","floor":30,"turns":2},{"damage":13,"enemies":"Snake Plant","floor":31,"turns":3},{"damage":26,"enemies":"Collector","floor":33,"turns":9},{"damage":9,"enemies":"Orb Walker","floor":35,"turns":3},{"damage":10,"enemies":"3 Shapes","floor":36,"turns":2},{"damage":37,"enemies":"2 Orb Walkers","floor":37,"turns":3},{"damage":34,"enemies":"3 Darklings","floor":39,"turns":2}],"seed_played":"4775526297840951000","potions_obtained":[{"floor":6.0,"key":"Swift Potion"},{"floor":12.0,"key":"Fire Potion"},{"floor":13.0,"key":"FocusPotion"},{"floor":17,"key":"Swift Potion"},{"floor":24,"key":"SteroidPotion"},{"floor":27,"key":"PowerPotion"},{"floor":37,"key":"EssenceOfSteel"}],"is_trial":false,"path_per_floor":["M","?","?","$","?","E","$","E","T","M","M","M","M","M","R","B",null,"M","$","?","M","?","R","E","R","T","M","R","M","M","M","R","B",null,"M","M","?","T","M"],"character_chosen":"DEFECT","items_purchased":["Orichalcum","Defragment","Doom and Gloom","PreservedInsect","Ball Lightning","Heatsinks","Self Repair","Defragment","Hello World","Membership Card","Mummified Hand"],"campfire_rested":2,"item_purchase_floors":[0,0,0,0,0,0,0,4,7,19,19],"current_hp_per_floor":[34,34,19,19,37,30,30,37,37,37,35,29,20,6,28,16,80,80,80,80,80,65,65,42,42,42,39,39,46,46,40,65,46,85,76,66,29,29,0,0],"gold":391,"neow_bonus":"","is_daily":false,"chose_seed":false,"campfire_upgraded":3,"win_rate":0.0,"timestamp":1612947636,"path_taken":["M","?","?","?","?","E","$","E","T","M","M","M","M","M","R","BOSS","M","$","?","M","?","R","E","R","T","M","R","M","M","M","R","BOSS","M","M","?","?","M"],"items_purchased_type":["Relic","Card","Card","Relic","Card","Card","Card","Card","Card","Relic","Relic"],"build_version":"2020-12-22","purchased_purges":0,"victory":false,"max_hp_per_floor":[75,75,75,75,75,75,75,75,75,75,75,75,75,75,75,75,80,80,80,80,80,85,85,85,85,85,85,85,85,85,85,85,85,85,85,85,85,85,85,85],"relic_stats":{"Dream Catcher":2,"counters":[297,1211],"Shuriken":[7],"Mummified Hand":[407],"PreservedInsect":90,"Turnip":[5],"Orichalcum":[162],"Smiling Mask":13,"obtain_stats":[{"Ginger":36,"Whetstone":13,"Bottled Tornado":13,"Sling":0,"Boot":42,"Blood Vial":31,"Sundial":24,"MealTicket":0,"Fusion Hammer":34,"HandDrill":39,"Kunai":21,"Pear":29,"Blue Candle":41,"Eternal Feather":0,"Tingsha":0,"Pen Nib":27,"Paper Crane":26,"SlaversCollar":34,"Bird Faced Urn":0,"Unceasing Top":36,"Regal Pillow":4,"Lantern":10,"Singing Bowl":37,"Torii":40,"GremlinMask":22,"Bag of Preparation":29,"Ancient Tea Set":25,"Cursed Key":34,"Smiling Mask":24,"Matryoshka":10,"WristBlade":34,"Ninja Scroll":23,"Toolbox":46,"WingedGreaves":12,"InkBottle":26,"Ring of the Snake":0,"Potion Belt":27,"Lee\u0027s Waffle":37,"NeowsBlessing":0,"Golden Idol":8,"Thread and Needle":0,"The Courier":10,"PreservedInsect":22,"Omamori":30,"Frozen Egg 2":26,"MawBank":10,"Bloody Idol":21,"Turnip":40,"Art of War":26,"Toy Ornithopter":6,"Calipers":0,"Tiny House":17,"Gremlin Horn":25,"Vajra":22,"Sozu":34,"Centennial Puzzle":11,"Lizard Tail":0,"HornCleat":19,"DollysMirror":37,"Strawberry":29,"Philosopher\u0027s Stone":17,"Toxic Egg 2":12,"Girya":0,"Happy Flower":0,"Dead Branch":42,"Oddly Smooth Stone":7,"War Paint":5,"Question Card":40,"WarpedTongs":2,"Du-Vu Doll":37,"Bottled Flame":43,"Shuriken":0,"Bronze Scales":43,"Molten Egg 2":26,"Black Star":34,"Meat on the Bone":28,"Pocketwatch":46,"Darkstone Periapt":6,"Mango":39,"Snake Skull":11,"Juzu Bracelet":24,"Incense Burner":7,"ClockworkSouvenir":29,"Nunchaku":23,"Dream Catcher":23,"Tough Bandages":42,"Mummified Hand":9,"Pantograph":44,"Tiny Chest":7,"Red Mask":30,"Cracked Core":0,"Orichalcum":43,"Medical Kit":19,"White Beast Statue":40,"Mercury Hourglass":9,"Peace Pipe":27,"Anchor":12,"Bag of Marbles":9,"Membership Card":0,"FossilizedHelix":45,"TungstenRod":23},{"Ginger":42,"Whetstone":130,"Bottled Tornado":27,"Sling":19,"Boot":170,"Blood Vial":63,"Sundial":212,"MealTicket":48,"Fusion Hammer":191,"HandDrill":43,"Kunai":13,"Pear":61,"Blue Candle":196,"Eternal Feather":19,"Tingsha":200,"Pen Nib":60,"Paper Crane":263,"SlaversCollar":113,"Bird Faced Urn":48,"Unceasing Top":142,"Regal Pillow":72,"Lantern":101,"Singing Bowl":65,"Torii":272,"GremlinMask":236,"Bag of Preparation":164,"Ancient Tea Set":83,"Cursed Key":140,"Smiling Mask":237,"Matryoshka":204,"WristBlade":87,"Ninja Scroll":33,"Toolbox":144,"WingedGreaves":256,"InkBottle":15,"Ring of the Snake":0,"Potion Belt":162,"Lee\u0027s Waffle":115,"NeowsBlessing":0,"Golden Idol":255,"Thread and Needle":251,"The Courier":53,"PreservedInsect":59,"Omamori":38,"Frozen Egg 2":83,"MawBank":128,"Bloody Idol":261,"Turnip":66,"Art of War":34,"Toy Ornithopter":3,"Calipers":200,"Tiny House":285,"Gremlin Horn":83,"Vajra":106,"Sozu":64,"Centennial Puzzle":26,"Lizard Tail":200,"HornCleat":30,"DollysMirror":65,"Strawberry":189,"Philosopher\u0027s Stone":10,"Toxic Egg 2":54,"Girya":122,"Happy Flower":69,"Dead Branch":272,"Oddly Smooth Stone":25,"War Paint":2,"Question Card":116,"WarpedTongs":98,"Du-Vu Doll":296,"Bottled Flame":44,"Shuriken":69,"Bronze Scales":117,"Molten Egg 2":59,"Black Star":40,"Meat on the Bone":85,"Pocketwatch":94,"Darkstone Periapt":25,"Mango":271,"Snake Skull":7,"Juzu Bracelet":135,"Incense Burner":204,"ClockworkSouvenir":189,"Nunchaku":107,"Dream Catcher":107,"Tough Bandages":170,"Mummified Hand":5,"Pantograph":197,"Tiny Chest":100,"Red Mask":62,"Cracked Core":0,"Orichalcum":92,"Medical Kit":132,"White Beast Statue":144,"Mercury Hourglass":75,"Peace Pipe":214,"Anchor":153,"Bag of Marbles":25,"Membership Card":147,"FossilizedHelix":93,"TungstenRod":160},{"Ginger":171,"Whetstone":536,"Bottled Tornado":106,"Sling":78,"Boot":696,"Blood Vial":270,"Sundial":885,"MealTicket":202,"Fusion Hammer":790,"HandDrill":176,"Kunai":47,"Pear":263,"Blue Candle":811,"Eternal Feather":78,"Tingsha":836,"Pen Nib":258,"Paper Crane":1079,"SlaversCollar":468,"Bird Faced Urn":202,"Unceasing Top":583,"Regal Pillow":312,"Lantern":420,"Singing Bowl":282,"Torii":1126,"GremlinMask":973,"Bag of Preparation":674,"Ancient Tea Set":354,"Cursed Key":578,"Smiling Mask":977,"Matryoshka":852,"WristBlade":369,"Ninja Scroll":136,"Toolbox":590,"WingedGreaves":1049,"InkBottle":56,"Ring of the Snake":0,"Potion Belt":664,"Lee\u0027s Waffle":478,"NeowsBlessing":0,"Golden Idol":1045,"Thread and Needle":1030,"The Courier":223,"PreservedInsect":257,"Omamori":154,"Frozen Egg 2":354,"MawBank":530,"Bloody Idol":1071,"Turnip":287,"Art of War":138,"Toy Ornithopter":3,"Calipers":836,"Tiny House":1176,"Gremlin Horn":354,"Vajra":441,"Sozu":279,"Centennial Puzzle":102,"Lizard Tail":836,"HornCleat":126,"DollysMirror":282,"Strawberry":778,"Philosopher\u0027s Stone":35,"Toxic Egg 2":228,"Girya":508,"Happy Flower":302,"Dead Branch":1126,"Oddly Smooth Stone":101,"War Paint":2,"Question Card":479,"WarpedTongs":408,"Du-Vu Doll":1209,"Bottled Flame":182,"Shuriken":302,"Bronze Scales":482,"Molten Egg 2":257,"Black Star":164,"Meat on the Bone":361,"Pocketwatch":390,"Darkstone Periapt":101,"Mango":1120,"Snake Skull":21,"Juzu Bracelet":558,"Incense Burner":852,"ClockworkSouvenir":778,"Nunchaku":443,"Dream Catcher":443,"Tough Bandages":696,"Mummified Hand":11,"Pantograph":816,"Tiny Chest":416,"Red Mask":264,"Cracked Core":0,"Orichalcum":384,"Medical Kit":547,"White Beast Statue":590,"Mercury Hourglass":323,"Peace Pipe":891,"Anchor":621,"Bag of Marbles":101,"Membership Card":605,"FossilizedHelix":387,"TungstenRod":650}],"Mercury Hourglass":[123]},"card_choices":[{"not_picked":["Compile Driver","Redo"],"picked":"Cold Snap","floor":1.0},{"not_picked":["Streamline","Compile Driver"],"picked":"Darkness","floor":6.0},{"not_picked":["Rebound","Skim","Blizzard"],"picked":"SKIP","floor":8.0},{"not_picked":["Compile Driver","Skim"],"picked":"Ball Lightning","floor":10.0},{"not_picked":["Genetic Algorithm","Compile Driver"],"picked":"Storm","floor":11.0},{"not_picked":["Sweeping Beam","Steam","Redo"],"picked":"SKIP","floor":12.0},{"not_picked":["Reprogram","Stack"],"picked":"Melter","floor":13.0},{"not_picked":["Conserve Battery","Hyperbeam"],"picked":"Redo","floor":14.0},{"not_picked":["Core Surge","Rainbow"],"picked":"Electrodynamics","floor":16},{"not_picked":["Ball Lightning","Steam Power"],"picked":"Streamline+1","floor":18},{"not_picked":["Gash+1","Barrage"],"picked":"Amplify","floor":21},{"not_picked":["Sweeping Beam","Reinforced Body+1"],"picked":"Double Energy","floor":24},{"not_picked":["Darkness+1","Lockon","Ball Lightning"],"picked":"SKIP","floor":27},{"not_picked":["Melter+1","Cold Snap+1","Barrage+1"],"picked":"SKIP","floor":29},{"not_picked":["Streamline","Hologram","Fusion+1"],"picked":"SKIP","floor":30},{"not_picked":["Reinforced Body","Cold Snap"],"picked":"Ball Lightning+1","floor":31},{"not_picked":["Scrape","Hologram"],"picked":"Ball Lightning+1","floor":32},{"not_picked":["Steam","Stack"],"picked":"Sweeping Beam+1","floor":35},{"not_picked":["Hologram","Ball Lightning"],"picked":"Chaos+1","floor":36},{"not_picked":["Conserve Battery","Go for the Eyes"],"picked":"Turbo+1","floor":37}],"player_experience":430895,"relics_obtained":[{"floor":6.0,"key":"Dream Catcher"},{"floor":8.0,"key":"Smiling Mask"},{"floor":9.0,"key":"Shuriken"},{"floor":24,"key":"Turnip"},{"floor":26,"key":"Mercury Hourglass"},{"floor":37,"key":"Du-Vu Doll"},{"floor":38,"key":"Oddly Smooth Stone"}],"event_choices":[{"damage_healed":0.0,"max_hp_gain":0.0,"max_hp_loss":0.0,"gold_gain":57.0,"event_name":"Golden Wing","player_choice":"Gained Gold","floor":2.0,"gold_loss":0.0,"damage_taken":0.0},{"damage_healed":0.0,"max_hp_gain":0.0,"max_hp_loss":0.0,"gold_gain":0.0,"event_name":"Shining Light","player_choice":"Entered Light","floor":3.0,"gold_loss":0.0,"damage_taken":15.0,"cards_upgraded":["Zap","Strike_B"]},{"damage_healed":18.0,"max_hp_gain":0.0,"max_hp_loss":0.0,"gold_gain":0.0,"event_name":"The Cleric","player_choice":"Healed","floor":5.0,"gold_loss":35.0,"damage_taken":0.0},{"damage_healed":0,"gold_gain":0,"player_choice":"Simplicity","damage_taken":0,"max_hp_gain":0,"max_hp_loss":0,"event_name":"Back to Basics","floor":20,"gold_loss":0,"cards_upgraded":["Strike_B","Strike_B","Strike_B","Defend_B","Defend_B","Defend_B"]},{"damage_healed":0,"gold_gain":0,"player_choice":"Shed Blood","damage_taken":20,"max_hp_gain":5,"max_hp_loss":0,"event_name":"Forgotten Altar","floor":22,"gold_loss":0},{"damage_healed":0,"gold_gain":0,"player_choice":"Fight","damage_taken":0,"max_hp_gain":0,"max_hp_loss":0,"event_name":"Mysterious Sphere","floor":37,"gold_loss":0}],"is_beta":false,"boss_relics":[{"not_picked":["SacredBark","Snecko Eye"],"picked":"Tiny House"},{"not_picked":["Runic Pyramid","Velvet Choker","Coffee Dripper"]}],"items_purged_floors":[],"is_endless":false,"potions_floor_spawned":[6,12,13,14,24,27,37],"killed_by":"3 Darklings","ascension_level":0}}