{"host":"3po7ngt2j61s4rmj","time":1612983779,"event":{"mods":["Act Like it!","BaseMod","Elementarium","Minty Spire (QoL Compilation)","Relic Stats","Shade Mod","StSLib","The Cursed"],"gold_per_floor":[110,110,110,120,139,139,165,165,189,189,220,220,235,266,266,266,266],"floor_reached":16,"language":"ENG","playtime":664,"items_purged":[],"score":244,"play_id":"81136f82-7c23-4f1b-9934-1ca8e07e19b9","local_time":"20210210120259","is_ascension_mode":true,"campfire_choices":[{"data":"TheCursedMod:TacticalStrike","floor":6,"key":"SMITH"},{"data":"TheCursedMod:CursedWand","floor":8,"key":"SMITH"},{"data":"TheCursedMod:CursedBlade","floor":10,"key":"SMITH"},{"data":"TheCursedMod:CircleOfFlame","floor":12,"key":"SMITH"},{"data":"TheCursedMod:TacticalStrike","floor":15,"key":"SMITH"}],"circlet_count":0,"master_deck":["TheCursedMod:Strike_TheCursed","TheCursedMod:Strike_TheCursed","TheCursedMod:Strike_TheCursed","TheCursedMod:Strike_TheCursed","TheCursedMod:Defend_TheCursed+1","TheCursedMod:Defend_TheCursed","TheCursedMod:Defend_TheCursed","TheCursedMod:CursedWand+1","TheCursedMod:Dregs","TheCursedMod:FuryStrike+1","TheCursedMod:TacticalStrike+1","TheCursedMod:CursedBlade+1","TheCursedMod:RapidMovement","TheCursedMod:CircleOfFlame+1","TheCursedMod:TacticalStrike+1","TheCursedMod:HellfireBreathing"],"relics":["TheCursedMod:BlackMagic101","Art of War","Bag of Marbles","Happy Flower","The Courier"],"acts_visited":["Exordium"],"potions_floor_usage":[14],"damage_taken":[{"damage":1,"enemies":"2 Louse","floor":1,"turns":4},{"damage":3,"enemies":"Small Slimes","floor":4,"turns":4},{"damage":0,"enemies":"Cultist","floor":5,"turns":2},{"damage":9,"enemies":"3 Sentries","floor":7,"turns":6},{"damage":0,"enemies":"Lagavulin","floor":11,"turns":3},{"damage":0,"enemies":"Looter","floor":13,"turns":1},{"damage":0,"enemies":"Gremlin Nob","floor":14,"turns":2},{"damage":44,"enemies":"The Guardian","floor":16,"turns":9}],"seed_played":"3718179863643752093","potions_obtained":[{"floor":1,"key":"SmokeBomb"},{"floor":4,"key":"Energy Potion"}],"is_trial":false,"path_per_floor":["M","?","?","M","M","R","E","R","T","R","E","R","M","E","R","B"],"character_chosen":"THE_CURSED","items_purchased":[],"campfire_rested":0,"item_purchase_floors":[],"current_hp_per_floor":[67,52,52,49,49,49,40,40,40,40,40,40,40,40,40,0,0],"gold":266,"neow_bonus":"REMOVE_CARD","is_daily":false,"chose_seed":false,"campfire_upgraded":5,"win_rate":0.0,"timestamp":1612983779,"path_taken":["M","?","?","M","?","R","E","R","T","R","E","R","M","E","R","BOSS"],"items_purchased_type":[],"build_version":"2020-12-22","purchased_purges":0,"victory":false,"max_hp_per_floor":[75,75,75,75,75,75,75,75,75,75,75,75,75,75,75,75,75],"relic_stats":{"Happy Flower":[4],"counters":[8,31],"Art of War":[0],"obtain_stats":[{"TheCursedMod:BlackMagic101":0,"Happy Flower":11,"The Courier":14,"Art of War":7,"Bag of Marbles":9},{"TheCursedMod:BlackMagic101":0,"Happy Flower":5,"The Courier":7,"Art of War":4,"Bag of Marbles":4},{"TheCursedMod:BlackMagic101":0,"Happy Flower":19,"The Courier":22,"Art of War":16,"Bag of Marbles":16}]},"card_choices":[{"not_picked":["TheCursedMod:CursedMace","TheCursedMod:CursedBoomerang"],"picked":"TheCursedMod:FuryStrike","floor":1},{"not_picked":["TheCursedMod:AbyssShockwave","TheCursedMod:VitalStrike"],"picked":"TheCursedMod:TacticalStrike","floor":4},{"not_picked":["TheCursedMod:SmokeScreen","TheCursedMod:WearCloak"],"picked":"TheCursedMod:CursedBlade","floor":5},{"not_picked":["TheCursedMod:Torture","TheCursedMod:Wield"],"picked":"TheCursedMod:RapidMovement","floor":7},{"not_picked":["TheCursedMod:AshesToAshes","TheCursedMod:ReleasedKnowledge"],"picked":"TheCursedMod:CircleOfFlame","floor":11},{"not_picked":["TheCursedMod:Wield","TheCursedMod:CursedStaff"],"picked":"TheCursedMod:TacticalStrike","floor":13},{"not_picked":["TheCursedMod:SaltUponWound","TheCursedMod:CursedBoomerang"],"picked":"TheCursedMod:HellfireBreathing","floor":14}],"player_experience":1099984,"relics_obtained":[{"floor":7,"key":"Art of War"},{"floor":9,"key":"Bag of Marbles"},{"floor":11,"key":"Happy Flower"},{"floor":14,"key":"The Courier"}],"event_choices":[{"damage_healed":0,"gold_gain":0,"player_choice":"Entered Light","damage_taken":15,"max_hp_gain":0,"max_hp_loss":0,"event_name":"Shining Light","floor":2,"gold_loss":0,"cards_upgraded":["TheCursedMod:FuryStrike","TheCursedMod:Defend_TheCursed"]},{"cards_removed":["TheCursedMod:Defend_TheCursed"],"damage_healed":0,"gold_gain":0,"player_choice":"Purged","damage_taken":0,"max_hp_gain":0,"max_hp_loss":0,"event_name":"Purifier","floor":3,"gold_loss":0}],"is_beta":false,"boss_relics":[],"items_purged_floors":[],"is_endless":false,"potions_floor_spawned":[1,4],"killed_by":"The Guardian","ascension_level":9}}