{"host":"nwtxriuk34b069je","time":1612920190,"event":{"mods":["AchievementEnabler","BaseMod","Better Skull","Colored Map","Colored Powertips","Hermit","Minty Spire (QoL Compilation)","Relic Stats","StSLib"],"gold_per_floor":[119,119,119,194,210,210,210,210,210,225,49,59,76,76,76,178,178,198,198,297,43,59,59,59],"floor_reached":23,"language":"ENG","playtime":743,"items_purged":[],"score":279,"play_id":"3422a3b0-343e-4a45-9bfa-5e44c222128d","local_time":"20210209192310","is_ascension_mode":false,"campfire_choices":[{"floor":6,"key":"REST"},{"floor":15,"key":"REST"}],"circlet_count":0,"master_deck":["Strike_G","Strike_G","Strike_G","Strike_G","Defend_G","Defend_G","Defend_G+1","Defend_G+1","Defend_G","Survivor","Neutralize+1","Deadly Poison","Finisher","Dagger Spray","Crippling Poison","Bullet Time"],"relics":["Ring of the Snake","Singing Bowl","The Specimen","Dream Catcher","Letter Opener"],"acts_visited":["Exordium","TheCity"],"potions_floor_usage":[16,16,22,23,23],"damage_taken":[{"damage":4,"enemies":"Small Slimes","floor":1,"turns":4},{"damage":4,"enemies":"2 Louse","floor":5,"turns":2},{"damage":8,"enemies":"Jaw Worm","floor":10,"turns":2},{"damage":5,"enemies":"Lots of Slimes","floor":12,"turns":2},{"damage":7,"enemies":"Looter","floor":13,"turns":3},{"damage":22,"enemies":"The Guardian","floor":16,"turns":14},{"damage":27,"enemies":"Spheric Guardian","floor":18,"turns":7},{"damage":19,"enemies":"2 Thieves","floor":22,"turns":4},{"damage":42,"enemies":"Gremlin Leader","floor":23,"turns":6}],"seed_played":"-8646016700747754143","potions_obtained":[{"floor":5,"key":"GamblersBrew"},{"floor":10,"key":"Weak Potion"},{"floor":13,"key":"Dexterity Potion"},{"floor":18,"key":"ColorlessPotion"},{"floor":22,"key":"EssenceOfSteel"}],"is_trial":true,"path_per_floor":["M","?","?","?","M","R","?","$","T","M","$","M","M","?","R","B",null,"M","?","?","$","M","E"],"character_chosen":"THE_SILENT","items_purchased":["Dream Catcher","Dagger Spray","Letter Opener"],"campfire_rested":2,"item_purchase_floors":[11,11,21],"current_hp_per_floor":[66,48,48,41,39,60,60,60,60,54,54,51,44,29,53,31,78,53,53,53,53,36,0,0],"gold":59,"neow_bonus":"","is_daily":false,"chose_seed":false,"campfire_upgraded":0,"win_rate":0.0,"timestamp":1612920190,"path_taken":["M","?","?","?","?","R","?","$","T","M","$","M","?","?","R","BOSS","M","?","?","$","M","E"],"items_purchased_type":["Relic","Card","Relic"],"build_version":"2020-12-22","purchased_purges":0,"victory":false,"max_hp_per_floor":[70,70,70,70,72,72,72,72,72,74,74,76,76,76,78,78,78,80,80,80,80,82,82,82],"relic_stats":{"Dream Catcher":1,"Singing Bowl":12,"counters":[9,44],"Letter Opener":[20],"obtain_stats":[{"Dream Catcher":11,"Singing Bowl":2,"The Specimen":9,"Letter Opener":21,"Ring of the Snake":0},{"Dream Catcher":3,"Singing Bowl":1,"The Specimen":2,"Letter Opener":7,"Ring of the Snake":0},{"Dream Catcher":8,"Singing Bowl":4,"The Specimen":6,"Letter Opener":34,"Ring of the Snake":0}],"Ring of the Snake":[18]},"card_choices":[{"not_picked":["Dagger Throw","Slice"],"picked":"Deadly Poison","floor":1},{"not_picked":["Deadly Poison","Flechettes","Endless Agony"],"picked":"Singing Bowl","floor":5},{"not_picked":["Slice","Escape Plan","Underhanded Strike"],"picked":"Singing Bowl","floor":10},{"not_picked":["Cloak And Dagger","Quick Slash","Escape Plan"],"picked":"Singing Bowl","floor":12},{"not_picked":["Cloak And Dagger","Bane"],"picked":"Crippling Poison","floor":13},{"not_picked":["Tactician","Deflect","Concentrate"],"picked":"Singing Bowl","floor":15},{"not_picked":["Phantasmal Killer","Unload"],"picked":"Bullet Time","floor":16},{"not_picked":["Sucker Punch+1","Underhanded Strike","Predator"],"picked":"Singing Bowl","floor":18},{"not_picked":["Deadly Poison","Sucker Punch","Blade Dance"],"picked":"Singing Bowl","floor":22}],"player_experience":538857,"relics_obtained":[{"floor":9,"key":"The Specimen"}],"event_choices":[{"damage_healed":0,"gold_gain":0,"player_choice":"Success","damage_taken":18,"relics_obtained":["Singing Bowl"],"max_hp_gain":0,"max_hp_loss":0,"event_name":"Scrap Ooze","floor":2,"gold_loss":0},{"damage_healed":0,"gold_gain":0,"cards_transformed":["Strike_G"],"player_choice":"Change","damage_taken":0,"max_hp_gain":0,"max_hp_loss":0,"event_name":"Living Wall","floor":3,"gold_loss":0,"cards_obtained":["Finisher"]},{"damage_healed":0,"gold_gain":75,"player_choice":"Touch","damage_taken":7,"max_hp_gain":0,"max_hp_loss":0,"event_name":"FaceTrader","floor":4,"gold_loss":0},{"damage_healed":0,"gold_gain":0,"player_choice":"Upgraded","damage_taken":0,"max_hp_gain":0,"max_hp_loss":0,"event_name":"Upgrade Shrine","floor":7,"gold_loss":0,"cards_upgraded":["Neutralize"]},{"damage_healed":0,"gold_gain":0,"player_choice":"Entered Light","damage_taken":15,"max_hp_gain":0,"max_hp_loss":0,"event_name":"Shining Light","floor":14,"gold_loss":0,"cards_upgraded":["Defend_G","Defend_G"]},{"damage_healed":0,"gold_gain":0,"player_choice":"Ignored","damage_taken":0,"max_hp_gain":0,"max_hp_loss":0,"event_name":"Ghosts","floor":19,"gold_loss":0},{"damage_healed":0,"gold_gain":99,"player_choice":"Stole From Cult","damage_taken":0,"max_hp_gain":0,"max_hp_loss":0,"event_name":"Nest","floor":20,"gold_loss":0}],"is_beta":false,"boss_relics":[{"not_picked":["Cursed Key","Fusion Hammer","Coffee Dripper"]}],"items_purged_floors":[],"is_endless":true,"potions_floor_spawned":[5,10,13,18,22],"killed_by":"Gremlin Leader","ascension_level":0}}