{"host":"Lucas","time":1612986163,"event":{"mods":["BaseMod","Downfall","Minty Spire (QoL Compilation)","READ ME - Guardian Mod","StSLib","The Cursed","The Disciple","The Necromancer","The Servant 0.9.4"],"gold_per_floor":[99,112,132,132,132,149,197,197,215,215,249,269,3,22,41,140,190,190,203,203,203,213,41,41,26,43,43,55,81,81,95,106,207,207,7,26,81,99,38,38,87,87,114,147,157,57,57,85,103,103,103,135,12,12,12,12],"floor_reached":57,"language":"ENG","playtime":5025,"items_purged":["Regret"],"score":1357,"play_id":"9d63dfc5-79dd-46f5-8dac-c8ecdd0cad00","local_time":"20210210194243","is_ascension_mode":true,"campfire_choices":[{"data":"bronze:Replicate","floor":1.0,"key":"SMITH"},{"floor":10.0,"key":"REST"},{"data":"bronze:Library","floor":18.0,"key":"SMITH"},{"floor":30.0,"key":"REST"},{"floor":35.0,"key":"RECALL"},{"floor":46.0,"key":"REST"},{"floor":54,"key":"REST"}],"circlet_count":0,"master_deck":["bronze:Strike","bronze:Strike","bronze:Strike","bronze:Defend","bronze:Defend","bronze:Defend","bronze:Defend","bronze:Replicate+1","bronze:Goto","bronze:Mutator","bronze:Backtrace","bronze:BuggyMess","bronze:Frontload","bronze:ClassDefault","bronze:Frontload","bronze:Library+1","bronze:Overheat+1","bronze:Branch+1","bronze:Separator+1","bronze:FindAndReplace+1","bronze:Iterate+1","bronze:ChosenStrike+1","bronze:Shell","bronze:GetLatest+1","bronze:Repair","bronze:CutThrough+1","bronze:RecursiveStrike+1","bronze:WhirlingStrike+1","bronze:DigitalCarnage+1","bronze:DelayedGuard","bronze:Allocate+1","bronze:AlphaBuild+1","bronze:DelayedSlice+1","bronze:DelayedGuard+1","bronze:BuggyMess+1","bronze:Verify+1","bronze:FineTuning+1","bronze:Terminator+1","bronze:FineTuning","bronze:HardenedForm","bronze:Safeguard+1"],"relics":["bronze:BronzeCore","Guardian:PocketSentry","Oddly Smooth Stone","StrikeDummy","Molten Egg 2","bronze:CableSpool","Tiny House","White Beast Statue","Enchiridion","Meat on the Bone","SlaversCollar","downfall:HeartBlessingBlue","downfall:HeartBlessingGreen","TungstenRod","Bronze Scales","Pear","Centennial Puzzle","PreservedInsect","Lizard Tail","downfall:HeartBlessingRed","Happy Flower","Vajra"],"acts_visited":["Exordium","TheCity","TheBeyond","TheEnding"],"potions_floor_usage":[50,50,52,55,56,56],"damage_taken":[{"damage":9.0,"enemies":"Small Slimes","floor":2.0,"turns":3.0},{"damage":1.0,"enemies":"Cultist","floor":3.0,"turns":3.0},{"damage":0.0,"enemies":"2 Louse","floor":6.0,"turns":2.0},{"damage":10.0,"enemies":"Exordium Thugs","floor":9.0,"turns":5.0},{"damage":16.0,"enemies":"Lagavulin","floor":11.0,"turns":5.0},{"damage":0.0,"enemies":"3 Louse","floor":12.0,"turns":3.0},{"damage":4.0,"enemies":"downfall:FleeingMerchant","floor":13.0,"turns":4.0},{"damage":6.0,"enemies":"Exordium Wildlife","floor":14.0,"turns":2.0},{"damage":0.0,"enemies":"Gremlin Gang","floor":15.0,"turns":1.0},{"damage":6.0,"enemies":"SI_SHIV_ARCHETYPE","floor":16.0,"turns":7.0},{"damage":3.0,"enemies":"3 Byrds","floor":19.0,"turns":4.0},{"damage":0.0,"enemies":"Chosen","floor":22.0,"turns":4.0},{"damage":4.0,"enemies":"downfall:FleeingMerchant","floor":23.0,"turns":4.0},{"damage":0.0,"enemies":"downfall:FleeingMerchant","floor":25.0,"turns":4.0},{"damage":3.0,"enemies":"3 Cultists","floor":26.0,"turns":5.0},{"damage":0.0,"enemies":"Snecko","floor":28.0,"turns":2.0},{"damage":16.0,"enemies":"Book of Stabbing","floor":29.0,"turns":4.0},{"damage":0.0,"enemies":"Snake Plant","floor":31.0,"turns":1.0},{"damage":1.0,"enemies":"Centurion and Healer","floor":32.0,"turns":3.0},{"damage":65.0,"enemies":"IC_MUSHROOM_ARCHETYPE","floor":33.0,"turns":6.0},{"damage":0.0,"enemies":"Orb Walker","floor":36.0,"turns":1.0},{"damage":19.0,"enemies":"2 Orb Walkers","floor":37.0,"turns":3.0},{"damage":0.0,"enemies":"3 Shapes","floor":38.0,"turns":2.0},{"damage":0.0,"enemies":"downfall:FleeingMerchant","floor":39.0,"turns":2.0},{"damage":18.0,"enemies":"Reptomancer","floor":44.0,"turns":3.0},{"damage":0.0,"enemies":"Jaw Worm Horde","floor":45.0,"turns":4.0},{"damage":3.0,"enemies":"Nemesis","floor":48.0,"turns":3.0},{"damage":0.0,"enemies":"4 Shapes","floor":49.0,"turns":4.0},{"damage":55,"enemies":"WA_ARCHETYPE_DIVINITY","floor":50,"turns":11},{"damage":87,"enemies":"downfall:CharBossMerchant","floor":52,"turns":7},{"damage":3,"enemies":"downfall:NeowBoss","floor":55,"turns":18},{"damage":97,"enemies":"downfall:NeowBossFinal","floor":56,"turns":18}],"seed_played":"2365968767363185124","potions_obtained":[{"floor":3.0,"key":"bronze:CleanCodePotion"},{"floor":5.0,"key":"CultistPotion"},{"floor":5.0,"key":"AttackPotion"},{"floor":6.0,"key":"Fruit Juice"},{"floor":9.0,"key":"Explosive Potion"},{"floor":14.0,"key":"bronze:FreeFunctionsPotion"},{"floor":15.0,"key":"bronze:FreeFunctionsPotion"},{"floor":16.0,"key":"bronze:BurnAndBuffPotion"},{"floor":17.0,"key":"Slimebound:ThreeZeroPotion"},{"floor":26.0,"key":"Block Potion"},{"floor":28.0,"key":"AttackPotion"},{"floor":33.0,"key":"Strength Potion"},{"floor":37.0,"key":"Weak Potion"},{"floor":38.0,"key":"bronze:CleanCodePotion"},{"floor":44.0,"key":"Guardian:BlockOnCardUsePotion"},{"floor":45.0,"key":"Block Potion"},{"floor":48.0,"key":"Slimebound:ThreeZeroPotion"},{"floor":52,"key":"Regen Potion"}],"is_trial":false,"path_per_floor":["R","M","M","?","?","M","T","?","M","R","E","M","$","M","M","B",null,"R","M","?","T","M","$","T","$","M","?","M","E","R","M","M","B",null,"R","M","?","M","$","?","T","$","?","E","M","R","?","E","M","B",null,"E","$","R","B","B",null],"character_chosen":"THE_AUTOMATON","items_purchased":["bronze:CableSpool","bronze:Repair","Bronze Scales","Pear","LiquidMemories","BlessingOfTheForge"],"campfire_rested":4,"item_purchase_floors":[13,23,39,39,53,53],"current_hp_per_floor":[70,61,60,57,57,62,62,62,52,74,58,58,54,48,48,42,80,80,77,77,77,77,73,73,80,80,64,64,55,79,79,78,25,80,90,90,71,71,88,88,88,88,88,70,70,100,100,97,100,57,100,25,25,55,74,62],"gold":12,"neow_bonus":"ONE_RANDOM_RARE_CARD","is_daily":false,"chose_seed":false,"campfire_upgraded":2,"win_rate":0.0,"timestamp":1612986163,"path_taken":["R","M","M","?","?","?","T","?","M","R","E","M","$","M","M","BOSS","R","M","?","?","M","$","T","$","M","?","?","E","R","?","M","BOSS","R","M","?","M","$","?","T","$","?","E","M","R","?","E","M","BOSS","E","$","R","BOSS","BOSS"],"items_purchased_type":["Relic","Card","Relic","Relic","Potion","Potion"],"build_version":"2020-12-18","purchased_purges":1,"victory":true,"max_hp_per_floor":[70,70,70,70,70,75,75,75,75,75,75,75,75,75,75,75,80,80,80,80,80,80,80,80,80,80,80,80,80,80,80,80,80,80,90,90,90,90,100,100,100,100,100,100,100,100,100,100,100,100,100,100,100,100,100,100],"card_choices":[{"not_picked":["bronze:WildBeam","bronze:Turbo"],"picked":"bronze:Backtrace","floor":2.0},{"not_picked":["bronze:BugBarrage","bronze:ItsAFeature"],"picked":"bronze:BuggyMess","floor":3.0},{"not_picked":["bronze:Overheat","bronze:Fortify"],"picked":"bronze:Frontload","floor":6.0},{"not_picked":["bronze:BronzeArmor","bronze:DelayedSlice"],"picked":"bronze:ClassDefault","floor":9.0},{"not_picked":["bronze:Deprecate","bronze:BitShift"],"picked":"bronze:Frontload","floor":11.0},{"not_picked":["bronze:Constructor","bronze:Shield"],"picked":"bronze:Library","floor":12.0},{"not_picked":["bronze:BronzeArmor","bronze:Return"],"picked":"bronze:Overheat+1","floor":13.0},{"not_picked":["bronze:Invalidate","bronze:OilSpill+1"],"picked":"bronze:Branch+1","floor":14.0},{"not_picked":["bronze:Turbo","bronze:Overheat+1"],"picked":"bronze:Separator+1","floor":15.0},{"not_picked":["bronze:Library","bronze:BurnOut+1"],"picked":"bronze:FindAndReplace","floor":16.0},{"not_picked":["bronze:Frontload","bronze:Overheat+1"],"picked":"bronze:Iterate+1","floor":17.0},{"not_picked":["bronze:DelayedGuard","bronze:FollowUp+1"],"picked":"bronze:ChosenStrike+1","floor":19.0},{"not_picked":["bronze:BugBarrage+1","bronze:Shield"],"picked":"bronze:Shell","floor":22.0},{"not_picked":["bronze:ForceShield","bronze:BitShift+1"],"picked":"bronze:GetLatest+1","floor":23.0},{"not_picked":["bronze:Invalidate+1","bronze:ForceShield"],"picked":"bronze:CutThrough+1","floor":25.0},{"not_picked":["bronze:CutThrough+1","bronze:GetLatest"],"picked":"bronze:RecursiveStrike+1","floor":26.0},{"not_picked":["bronze:OilSpill+1","bronze:BitShift"],"picked":"bronze:WhirlingStrike+1","floor":28.0},{"not_picked":["bronze:Repulsor+1","bronze:Overload+1"],"picked":"bronze:DigitalCarnage+1","floor":29.0},{"not_picked":["bronze:FollowUp+1","bronze:BuggyMess+1"],"picked":"bronze:DelayedGuard","floor":31.0},{"not_picked":["bronze:CloningBeam+1","bronze:Overload"],"picked":"bronze:Allocate+1","floor":32.0},{"not_picked":["bronze:Mutator","bronze:RecursiveStrike+1"],"picked":"bronze:AlphaBuild+1","floor":33.0},{"not_picked":["bronze:Turbo+1","bronze:WildBeam+1"],"picked":"bronze:DelayedSlice+1","floor":36.0},{"not_picked":["bronze:BuggyMess","bronze:Shield+1"],"picked":"bronze:DelayedGuard+1","floor":37.0},{"not_picked":["bronze:BronzeArmor+1","bronze:ThunderWave+1"],"picked":"bronze:BuggyMess+1","floor":38.0},{"not_picked":["bronze:HardenedForm","bronze:Invalidate"],"picked":"bronze:Verify","floor":39.0},{"not_picked":["bronze:Shield","bronze:BuggyMess+1"],"picked":"bronze:FineTuning+1","floor":44.0},{"not_picked":["bronze:ChosenStrike+1","bronze:Frontload"],"picked":"bronze:Terminator+1","floor":45.0},{"not_picked":["bronze:Overheat+1","bronze:BitShift"],"picked":"bronze:FineTuning","floor":48.0},{"not_picked":["bronze:OilSpill+1","bronze:Invalidate+1"],"picked":"bronze:HardenedForm","floor":49.0},{"not_picked":["bronze:Refactor","bronze:CutThrough+1"],"picked":"bronze:Safeguard+1","floor":52}],"player_experience":1311630,"relics_obtained":[{"floor":7.0,"key":"Oddly Smooth Stone"},{"floor":11.0,"key":"Molten Egg 2"},{"floor":24.0,"key":"White Beast Statue"},{"floor":27.0,"key":"Enchiridion"},{"floor":29.0,"key":"Meat on the Bone"},{"floor":37.0,"key":"TungstenRod"},{"floor":41.0,"key":"Centennial Puzzle"},{"floor":43.0,"key":"PreservedInsect"},{"floor":44.0,"key":"Lizard Tail"},{"floor":48.0,"key":"Happy Flower"},{"floor":52,"key":"Vajra"}],"event_choices":[{"damage_healed":0.0,"max_hp_gain":0.0,"max_hp_loss":0.0,"gold_gain":0.0,"event_name":"Scrap Ooze","player_choice":"Success","floor":4.0,"gold_loss":0.0,"damage_taken":3.0,"relics_obtained":["Guardian:PocketSentry"]},{"damage_healed":0.0,"max_hp_gain":0.0,"max_hp_loss":0.0,"gold_gain":0.0,"event_name":"Lab","player_choice":"Got Potions","floor":5.0,"gold_loss":0.0,"damage_taken":0.0},{"damage_healed":0.0,"max_hp_gain":0.0,"max_hp_loss":0.0,"gold_gain":0.0,"event_name":"Big Fish","player_choice":"Box","floor":8.0,"gold_loss":0.0,"damage_taken":0.0,"relics_obtained":["StrikeDummy"],"cards_obtained":["Regret"]},{"damage_healed":0.0,"max_hp_gain":0.0,"max_hp_loss":0.0,"gold_gain":0.0,"event_name":"Mysterious Sphere","player_choice":"Fight","floor":37.0,"gold_loss":0.0,"damage_taken":0.0},{"cards_removed":["bronze:Strike"],"damage_healed":0.0,"max_hp_gain":0.0,"max_hp_loss":0.0,"gold_gain":0.0,"event_name":"Falling","player_choice":"Removed Attack","floor":40.0,"gold_loss":0.0,"damage_taken":0.0}],"is_beta":true,"boss_relics":[{"not_picked":["Astrolabe","Sozu"],"picked":"Tiny House"},{"not_picked":["Fusion Hammer","Velvet Choker"],"picked":"SlaversCollar"}],"items_purged_floors":[23],"is_endless":false,"potions_floor_spawned":[3,6,9,14,15,16,22,25,26,28,29,31,32,33,36,37,38,39,44,45,48,49,52],"ascension_level":1}}