{"host":"2pmmafybkq7zb6na","time":1612977548,"event":{"mods":["AchievementEnabler","BaseMod","Colored Map","Highlight Path","Keyboard Shortcuts","Minty Spire (QoL Compilation)","Quick Restart","StSLib","SuperFastMode"],"gold_per_floor":[114,114,125,137,187,213,213,50,50,85,85,114,144,171,171,276,276,289,289,307,319,333,333,351,379,379,379,390,390,408,408,408],"floor_reached":31,"language":"KOR","playtime":1424,"items_purged":[],"score":351,"play_id":"c076328a-831b-4264-a38c-fbc51fbc0d23","local_time":"20210211021908","is_ascension_mode":true,"campfire_choices":[{"floor":7.0,"key":"REST"},{"floor":11.0,"key":"REST"},{"data":"Dagger Spray","floor":15.0,"key":"SMITH"},{"data":"Finesse","floor":23,"key":"SMITH"},{"data":"Concentrate","floor":27,"key":"SMITH"},{"data":"Neutralize","floor":29,"key":"SMITH"}],"circlet_count":0,"master_deck":["Strike_G","Strike_G","Strike_G","Strike_G","Strike_G","Defend_G","Defend_G","Defend_G","Defend_G","Defend_G","Survivor","Neutralize+1","Finesse+1","Dagger Spray+1","Infinite Blades","Riddle With Holes","Glass Knife","Well Laid Plans","Prepared","Malaise","CurseOfTheBell","Backflip","Ghostly","Ghostly","Ghostly","Ghostly","Ghostly+1","Deflect+1","Cloak And Dagger+1","Concentrate+1","PiercingWail+1","After Image"],"relics":["Ring of the Snake","Blood Vial","Ancient Tea Set","Lantern","Regal Pillow","Nunchaku","Eternal Feather","Pantograph","Bronze Scales","Calling Bell","Omamori","Mercury Hourglass","Girya","War Paint","Gremlin Horn"],"acts_visited":["Exordium","TheCity"],"potions_floor_usage":[21,25,25,25],"damage_taken":[{"damage":1.0,"enemies":"Small Slimes","floor":1.0,"turns":5.0},{"damage":0.0,"enemies":"Cultist","floor":3.0,"turns":4.0},{"damage":0.0,"enemies":"2 Louse","floor":4.0,"turns":2.0},{"damage":36.0,"enemies":"Lagavulin","floor":6.0,"turns":8.0},{"damage":19.0,"enemies":"3 Sentries","floor":10.0,"turns":7.0},{"damage":27.0,"enemies":"Lagavulin","floor":12.0,"turns":6.0},{"damage":26.0,"enemies":"Gremlin Nob","floor":14.0,"turns":5.0},{"damage":10.0,"enemies":"Slime Boss","floor":16.0,"turns":6.0},{"damage":8.0,"enemies":"Chosen","floor":18.0,"turns":4.0},{"damage":6,"enemies":"3 Byrds","floor":20,"turns":4},{"damage":3,"enemies":"Snake Plant","floor":21,"turns":5},{"damage":8,"enemies":"Centurion and Healer","floor":22,"turns":8},{"damage":15,"enemies":"Snecko","floor":24,"turns":7},{"damage":0,"enemies":"Gremlin Leader","floor":25,"turns":7},{"damage":5,"enemies":"3 Cultists","floor":28,"turns":5},{"damage":19,"enemies":"Cultist and Chosen","floor":30,"turns":8}],"seed_played":"-8001618786080897891","potions_obtained":[{"floor":4.0,"key":"DuplicationPotion"},{"floor":6.0,"key":"AttackPotion"},{"floor":14.0,"key":"BlessingOfTheForge"},{"floor":16.0,"key":"Strength Potion"},{"floor":20,"key":"DistilledChaos"},{"floor":21,"key":"ColorlessPotion"},{"floor":24,"key":"Weak Potion"}],"is_trial":false,"path_per_floor":["M","?","M","M","T","E","R","$","T","E","R","E","?","E","R","B",null,"M","?","M","M","M","R","M","E","T","R","M","R","M","?"],"character_chosen":"THE_SILENT","items_purchased":["Glass Knife"],"campfire_rested":2,"item_purchase_floors":[8],"current_hp_per_floor":[69,69,70,70,70,34,55,55,55,38,70,43,43,19,28,45,70,62,35,29,28,22,35,20,22,22,35,30,35,16,0,0],"gold":408,"neow_bonus":"RANDOM_COLORLESS","is_daily":false,"chose_seed":false,"campfire_upgraded":4,"win_rate":0.0,"timestamp":1612977548,"path_taken":["M","?","?","M","?","E","R","$","T","E","R","E","?","E","R","BOSS","M","?","M","M","M","R","M","E","T","R","M","R","M","?"],"items_purchased_type":["Card"],"build_version":"2020-12-22","purchased_purges":0,"victory":false,"max_hp_per_floor":[70,70,70,70,70,70,70,70,70,70,70,70,70,70,70,70,70,70,35,35,35,35,35,35,35,35,35,35,35,35,35,35],"card_choices":[{"not_picked":["Impatience","Swift Strike"],"picked":"Finesse","floor":0.0},{"not_picked":["Prepared","Predator"],"picked":"Calculated Gamble","floor":1.0},{"not_picked":["Deadly Poison","Backflip"],"picked":"Dagger Spray","floor":3.0},{"not_picked":["Noxious Fumes","All Out Attack"],"picked":"Infinite Blades","floor":4.0},{"not_picked":["PiercingWail","Reflex"],"picked":"Riddle With Holes","floor":6.0},{"not_picked":["Backstab","Riddle With Holes"],"picked":"Well Laid Plans","floor":10.0},{"not_picked":["Dagger Spray","Distraction","Flechettes"],"picked":"SKIP","floor":12.0},{"not_picked":["Outmaneuver","Underhanded Strike"],"picked":"Prepared","floor":14.0},{"not_picked":["Storm of Steel","Doppelganger"],"picked":"Malaise","floor":16.0},{"not_picked":["Blade Dance","Dagger Throw"],"picked":"Backflip","floor":18.0},{"not_picked":["Deadly Poison","Slice","Dodge and Roll"],"picked":"SKIP","floor":20},{"not_picked":["Dagger Throw+1","Accuracy"],"picked":"Deflect","floor":21},{"not_picked":["Setup","Dagger Throw"],"picked":"Cloak And Dagger+1","floor":22},{"not_picked":["Outmaneuver+1","Dagger Spray"],"picked":"Concentrate","floor":24},{"not_picked":["Endless Agony","Infinite Blades"],"picked":"PiercingWail+1","floor":25},{"not_picked":["Bouncing Flask","Outmaneuver+1","Sucker Punch"],"picked":"SKIP","floor":28},{"not_picked":["All Out Attack","Underhanded Strike"],"picked":"After Image","floor":30}],"player_experience":137454,"relics_obtained":[{"floor":5.0,"key":"Ancient Tea Set"},{"floor":6.0,"key":"Lantern"},{"floor":9.0,"key":"Regal Pillow"},{"floor":10.0,"key":"Nunchaku"},{"floor":12.0,"key":"Eternal Feather"},{"floor":14.0,"key":"Bronze Scales"},{"floor":17.0,"key":"Omamori"},{"floor":17.0,"key":"Mercury Hourglass"},{"floor":17.0,"key":"Girya"},{"floor":25,"key":"War Paint"},{"floor":26,"key":"Gremlin Horn"}],"event_choices":[{"cards_removed":["Calculated Gamble"],"damage_healed":0.0,"max_hp_gain":0.0,"max_hp_loss":0.0,"gold_gain":0.0,"event_name":"WeMeetAgain","player_choice":"Gave Card","floor":2.0,"gold_loss":0.0,"damage_taken":0.0,"relics_obtained":["Blood Vial"]},{"damage_healed":0.0,"max_hp_gain":0.0,"max_hp_loss":0.0,"gold_gain":30.0,"event_name":"Dead Adventurer","player_choice":"Searched \u00273\u0027 times","floor":13.0,"gold_loss":0.0,"damage_taken":0.0,"relics_obtained":["Pantograph"]},{"damage_healed":0.0,"max_hp_gain":0.0,"max_hp_loss":35.0,"gold_gain":0.0,"event_name":"Ghosts","player_choice":"Became a Ghost","floor":19.0,"gold_loss":0.0,"damage_taken":0.0,"cards_obtained":["Ghostly","Ghostly","Ghostly","Ghostly","Ghostly"]}],"is_beta":false,"boss_relics":[{"not_picked":["Fusion Hammer","Velvet Choker"],"picked":"Calling Bell"}],"items_purged_floors":[],"is_endless":false,"potions_floor_spawned":[4,6,14,16,20,21,24],"ascension_level":1}}