{"host":"i73ch23exsqar74a","time":1612988608,"event":{"mods":["AchievementEnabler","Aspiration","Astrologer","Bard","Bartender","BaseMod","Beaked The Cultist","Better Sensory Stone","CCEM2","CapriCore","Challenge The Spire","ChefMod","Chen","Colored Map","Colored Powertips","Conjunction","Conspire","Downfall","Fireblade Mod","FutureSeer","GifTheSpireLib","Glutton Mod","Gremlin Mod","Halation","Hermit","Highlight Path","HololiveMod","Hubris","Infinite Spire","Jedi Mod","Lobotomy","LobotomyExtend","Luminous","Marked Mod","Minty Spire (QoL Compilation)","Prisma Mod","Quarter Circle Forward PUNCH!","Quick Restart","Random Character Button","RatMod","Relic Sorter","Reliquary","Replay The Spire","SOS???????","Shade Mod","Spicy Shops","Spikes Relics","Spire Arcade","StSLib","Stuff the Spire","The Alterego","The Animator","The Bug Knight","The Construct","The Cursed","The Druid","The Exalted","The Immortal","The Judge","The Poker Player","The Sage","The Wild Card","TheHero","TheSwordswoman","TheVacant","TheVelvet","Thieving Mod","Yuri Mod","???Mod??????Boss","???mod?????"],"gold_per_floor":[149,174,23,23,38,38,88,113,183,237,269,269,320,336,336,435,560,590,601,685,885,885,940,940,940,965,965,991,1005,1064,1086,1086,1290,1315,1427,1561,680,741,741,850,850,922,974,1053,1053,1053,1141,1229,1254,1262,1262,1262,1262,950,1074,1078],"floor_reached":57,"language":"ENG","playtime":2136,"items_purged":[],"score":1509,"play_id":"b5976ed5-8faa-4631-8ece-743f65b2a58d","local_time":"20210211002328","is_ascension_mode":false,"campfire_choices":[{"data":"Conjunction:Defense","floor":6,"key":"SMITH"},{"data":"animator:Alexander","floor":12,"key":"SMITH"},{"data":"animator:GuildGirl","floor":15,"key":"SMITH"},{"data":"infinitespire:Punishment","floor":24,"key":"SMITH"},{"data":"infinitespire:Collect","floor":25,"key":"SMITH"},{"data":"animator:Saber","floor":27,"key":"SMITH"},{"data":"animator:Assassin","floor":32,"key":"SMITH"},{"data":"animator:Eve","floor":41,"key":"SMITH"},{"data":"animator:Souei","floor":45,"key":"SMITH"},{"data":"animator:Archer","floor":46,"key":"SMITH"},{"floor":49,"key":"DIG"},{"data":"animator:RoryMercury","floor":53,"key":"SMITH"}],"circlet_count":0,"master_deck":["animator:Strike_Fate","animator:Defend_Fate","animator:Strike+1","animator:Strike","animator:Defend","animator:Defend","animator:Defend","animator:Alexander","animator:Rider","animator:Gilgamesh+18","animator:Witch","StuffTheSpire:CuriosityCurse","Conjunction:Offense","Conjunction:Defense+1","animator:ChaikaBohdan","animator:Lancer","animator:Alexander+1","animator:Cocytus","animator:GuildGirl+1","animator:Saber+1","animator:Archer+1","animator:Shuna","animator:Lancer+1","animator:Ciel+1","animator:Ciel","infinitespire:Collect+1","infinitespire:Punishment+1","animator:Cocytus","animator:GuildGirl","animator:Assassin+1","animator:Eve+1","animator:Berserker","animator:Souei+1","animator:GazelDwargon","animator:RoryMercury+1","animator:Kaijin"],"relics":["animator:LivingPicture","animator:TheMissingPiece","LetterFromLob","Conjunction:SoulLantern","reliquary:BrokenClock","animator:HeavyHalberd","HonorFeather","Gaze_r","Strawberry","Omamori","White Beast Statue","Replay:Wanted Poster","jedi:arcanewood","aspiration:HatOfInfinitePower","qcfpunch:Army_Boots","infinitespire:EvilPickle","aspiration:RitualDagger","reliquary:Sideboard","StuffTheSpire:EmeraldSignet","Replay:Baseball","rat:KircheisShard","CCEMRelics:Apple","HollowMod:LifeEnderRelic","Strange Spoon","StuffTheSpire:Barrel"],"acts_visited":["Exordium","TheCity","TheBeyond","TheEnding"],"potions_floor_usage":[10,16,19,30,33,36,40,44,50,50,55,56],"damage_taken":[{"damage":0.0,"enemies":"Small Slimes","floor":1.0,"turns":3.0},{"damage":7,"enemies":"Jaw Worm","floor":5,"turns":4},{"damage":0,"enemies":"Lagavulin","floor":7,"turns":1},{"damage":20,"enemies":"Lagavulin","floor":7,"turns":5},{"damage":0,"enemies":"Cultist","floor":8,"turns":4},{"damage":29,"enemies":"Lagavulin","floor":10,"turns":8},{"damage":0,"enemies":"Lots of Slimes","floor":11,"turns":2},{"damage":9,"enemies":"3 Sentries","floor":13,"turns":7},{"damage":0,"enemies":"Looter","floor":14,"turns":2},{"damage":36,"enemies":"Hexaghost","floor":16,"turns":9},{"damage":3,"enemies":"Chosen","floor":18,"turns":3},{"damage":0,"enemies":"Shell Parasite","floor":19,"turns":3},{"damage":0,"enemies":"Gremlin Leader","floor":23,"turns":2},{"damage":3,"enemies":"Centurion and Healer","floor":28,"turns":4},{"damage":0,"enemies":"Cultist and Chosen","floor":29,"turns":3},{"damage":25,"enemies":"Slavers","floor":30,"turns":3},{"damage":0,"enemies":"Shelled Parasite and Fungi","floor":31,"turns":3},{"damage":0,"enemies":"Pondfish","floor":33,"turns":7},{"damage":20,"enemies":"3 Darklings","floor":35,"turns":4},{"damage":5,"enemies":"Orb Walker","floor":36,"turns":3},{"damage":4,"enemies":"Jaw Worm Horde","floor":38,"turns":3},{"damage":18,"enemies":"beaked:SuperParasite","floor":40,"turns":5},{"damage":2,"enemies":"Writhing Mass","floor":42,"turns":3},{"damage":8,"enemies":"Spire Growth","floor":44,"turns":3},{"damage":24,"enemies":"Jaw Worm Horde","floor":47,"turns":5},{"damage":3,"enemies":"Maw","floor":48,"turns":3},{"damage":50,"enemies":"Replay:Hell Engine","floor":50,"turns":7},{"damage":43,"enemies":"Shield and Spear","floor":55,"turns":6},{"damage":124,"enemies":"The Heart","floor":56,"turns":7}],"seed_played":"-9199561648949378450","potions_obtained":[{"floor":8,"key":"Swift Potion"},{"floor":10,"key":"Flashbang"},{"floor":16,"key":"jedi:StrikingPotion"},{"floor":19,"key":"SteroidPotion"},{"floor":30,"key":"Guardian:BlockOnCardUsePotion"},{"floor":33,"key":"jedi:tentaclejuice"},{"floor":36,"key":"Fire Potion"},{"floor":40,"key":"SpeedPotion"},{"floor":42,"key":"Adrenaline Potion"},{"floor":44,"key":"champ:CounterPotion"},{"floor":48,"key":"Adrenaline Potion"},{"floor":55,"key":"DistilledChaos"}],"is_trial":false,"path_per_floor":["M","?","$","?","M","R","E","M","T","E","M","R","E","M","R","B",null,"M","M","?","?","AVR","E","R","R","T","R","M","M","E","M","R","B",null,"M","M","$","M","?","E","R","M","T","M","R","R","M","M","R_BF","B",null,null,"R","$","E","B",null],"character_chosen":"THE_ANIMATOR","items_purchased":["animator:HeavyHalberd","animator:ChaikaBohdan","reliquary:Sideboard","StuffTheSpire:EmeraldSignet","animator:Souei","animator:GazelDwargon","HollowMod:LifeEnderRelic","Strange Spoon"],"campfire_rested":0,"item_purchase_floors":[3,3,37,37,37,37,54,54],"current_hp_per_floor":[66,66,66,66,59,59,26,26,33,4,4,73,64,65,74,39,75,72,72,42,42,42,42,42,75,75,75,72,72,47,48,76,76,76,56,51,51,47,47,31,76,74,74,66,66,76,52,51,76,33,33,79,79,79,39,20],"gold":1078,"neow_bonus":"ONE_RANDOM_RARE_CARD","is_daily":false,"chose_seed":false,"campfire_upgraded":11,"win_rate":0.0,"timestamp":1612988608,"path_taken":["M","?","$","?","M","R","E","M","T","E","M","R","E","M","R","BOSS","M","M","?","?","AVR","E","?","R","T","R","?","M","E","M","R","BOSS","M","?","$","M","?","E","R","M","T","M","?","R","M","M","R_BF","BOSS","R","$","E","BOSS"],"items_purchased_type":["Relic","Card","Relic","Relic","Card","Card","Relic","Relic"],"build_version":"2020-12-22","purchased_purges":0,"victory":true,"max_hp_per_floor":[66,66,66,66,66,66,66,66,73,73,73,73,73,74,74,75,75,75,75,75,75,75,75,75,75,75,75,75,75,75,76,76,76,76,76,76,76,76,76,76,76,76,76,76,76,76,76,76,76,79,79,79,79,79,82,85],"card_choices":[{"not_picked":["animator:Tyuule","animator:Shion"],"picked":"animator:Witch","floor":1.0},{"not_picked":["animator:Evileye","animator:Souei","animator:Lu"],"picked":"SKIP","floor":5},{"not_picked":["animator:Spearman","animator:Demiurge"],"picked":"animator:Lancer","floor":8},{"not_picked":["animator:RinTohsaka","animator:Rider"],"picked":"animator:Alexander","floor":10},{"not_picked":["animator:Tyuule","animator:Vesta"],"picked":"animator:Cocytus","floor":11},{"not_picked":["animator:Berserker","animator:Aisha","animator:Evileye"],"picked":"SKIP","floor":13},{"not_picked":["animator:Souei","animator:Benimaru"],"picked":"animator:GuildGirl","floor":14},{"not_picked":["animator:SwordMaiden","animator:Rimuru"],"picked":"animator:Saber","floor":16},{"not_picked":["animator:Lancer","animator:Caster"],"picked":"animator:Archer","floor":18},{"not_picked":["animator:EmiyaShirou","animator:LizardPriest"],"picked":"animator:Lancer+1","floor":19},{"not_picked":["animator:DwarfShaman+1","animator:Ara"],"picked":"animator:Gilgamesh","floor":20},{"not_picked":["animator:Fredrika+1","animator:DwarfShaman"],"picked":"animator:Ciel+1","floor":20},{"not_picked":["animator:Ara","animator:Assassin+1"],"picked":"animator:Ciel","floor":20},{"not_picked":["animator:TukaLunaMarceau","animator:Witch"],"picked":"animator:Cocytus","floor":23},{"not_picked":["animator:Rena+1","animator:Shuna","animator:Guy"],"picked":"SKIP","floor":28},{"not_picked":["animator:DwarfShaman","animator:Witch"],"picked":"animator:GuildGirl","floor":29},{"not_picked":["animator:Millim+1","animator:GazelDwargon","animator:Sebas"],"picked":"SKIP","floor":30},{"not_picked":["animator:NarberalGamma","animator:Benimaru+1"],"picked":"animator:Assassin","floor":31},{"not_picked":["animator:PinaCoLada","animator:SwordMaiden"],"picked":"animator:Eve","floor":33},{"not_picked":["animator:SakuraMatou","animator:Ara","animator:Kuribayashi+1"],"picked":"SKIP","floor":35},{"not_picked":["animator:RinTohsaka","animator:Alexander"],"picked":"animator:Berserker","floor":36},{"not_picked":["animator:Layla","animator:Guy"],"picked":"animator:Hakurou+1","floor":38},{"not_picked":["animator:Lancer+1","animator:ChaikaBohdan"],"picked":"animator:RoryMercury","floor":40},{"not_picked":["animator:Chung","animator:Berserker","animator:LizardPriest"],"picked":"SKIP","floor":42},{"not_picked":["animator:Millim","animator:Benimaru"],"picked":"animator:Kaijin","floor":44},{"not_picked":["animator:Berserker+1","animator:DwarfShaman+1","animator:Cocytus"],"picked":"SKIP","floor":47},{"not_picked":["animator:Spearman","animator:ChaikaBohdan+1","animator:Entoma"],"picked":"SKIP","floor":48},{"not_picked":["animator:Layla+1","animator:HighElfArcher+1","animator:Alexander"],"picked":"SKIP","floor":55}],"player_experience":1438418,"relics_obtained":[{"floor":1.0,"key":"LetterFromLob"},{"floor":9,"key":"Strawberry"},{"floor":10,"key":"Omamori"},{"floor":13,"key":"White Beast Statue"},{"floor":23,"key":"jedi:arcanewood"},{"floor":26,"key":"aspiration:HatOfInfinitePower"},{"floor":30,"key":"qcfpunch:Army_Boots"},{"floor":40,"key":"Replay:Baseball"},{"floor":43,"key":"rat:KircheisShard"},{"floor":49,"key":"CCEMRelics:Apple"},{"floor":55,"key":"StuffTheSpire:Barrel"}],"event_choices":[{"damage_healed":0,"gold_gain":250,"player_choice":"Bet on Owner","damage_taken":0,"max_hp_gain":0,"max_hp_loss":0,"event_name":"The Joust","floor":21,"gold_loss":50},{"damage_healed":0,"gold_gain":0,"player_choice":"Ignored","damage_taken":0,"max_hp_gain":0,"max_hp_loss":0,"event_name":"SecretPortal","floor":39,"gold_loss":0}],"is_beta":false,"boss_relics":[{"not_picked":["reliquary:Ember","conspire:SeveredTorchhead"],"picked":"Replay:Wanted Poster"},{"not_picked":["halation:PinkAlligatorPlush","halation:Yufonium"],"picked":"aspiration:RitualDagger"}],"items_purged_floors":[],"is_endless":false,"potions_floor_spawned":[7,8,10,13,14,16,18,19,23,28,29,30,31,33,35,36,38,40,42,44,47,48,55],"ascension_level":0}}