{"host":"qzns58vbi2il2jix","time":1612919997,"event":{"mods":["AchievementEnabler","Aspiration","BaseMod","Better Third Choice","BetterRewards","Card Forge","Challenge The Spire","Colored Map","Colored Powertips","Conspire","DeckTracker","Downfall","Hubris","Humility","Infinite Spire","Mimic Mod","Minty Spire (QoL Compilation)","Quick Restart","Relic Stats","Replay The Spire","StSLib","Synergy Search","Wandering Minibosses"],"gold_per_floor":[115,115,290,290,307,340,340,375,375,394,41,41,38,51,51,144,144,147,147,147,147],"floor_reached":20,"language":"ENG","playtime":2007,"items_purged":[],"score":182,"play_id":"c2c12fa1-30c3-44d3-a8d5-ab1a032d1bc4","local_time":"20210210011957","is_ascension_mode":false,"campfire_choices":[{"floor":7,"key":"RECALL"}],"circlet_count":0,"master_deck":["Strike_P+1","Strike_P+1","Strike_P+1","Strike_P+1","Defend_P+1","Defend_P+1","Defend_P+1","Defend_P+1","Eruption+1","Vigilance+1","Replay:DivineShield+1","FlyingSleeves+1","SpiritShield+1","FlyingSleeves+1","Prostrate+1","Pray+1","Prostrate+1","Worship+1","Replay:Vibes+1","Judgement+1","DevaForm+1","Replay:Battleflow+1"],"relics":["PureWater","Hammer of Thor","Seething Fire","Anvil of the Gods","Durian","Molten Egg 2","Replay:Towering Pillar of Hats","Art of War","Membership Card","Snack Pack","infinitespire:Satchel","hubris:Towel","hubris:GrandSneckoEye","hubris:Icosahedron"],"acts_visited":["Exordium","TheCity"],"potions_floor_usage":[6,13,13,18],"damage_taken":[{"damage":0,"enemies":"2 Louse","floor":1,"turns":1},{"damage":0,"enemies":"Small Slimes","floor":5,"turns":3},{"damage":30,"enemies":"3 Sentries","floor":6,"turns":8},{"damage":13,"enemies":"Replay:BlueRogue","floor":8,"turns":4},{"damage":2,"enemies":"conspire:RoseBush","floor":10,"turns":3},{"damage":0,"enemies":"Exordium Thugs","floor":13,"turns":7},{"damage":3,"enemies":"conspire:2 RoseBushes","floor":14,"turns":4},{"damage":8,"enemies":"Hexaghost","floor":16,"turns":8},{"damage":51,"enemies":"conspire:FuzzyDice","floor":18,"turns":8},{"damage":32,"enemies":"conspire:MimicChest","floor":20,"turns":3}],"seed_played":"556400125110985615","potions_obtained":[{"floor":1,"key":"Ambrosia"},{"floor":8,"key":"Guardian:BlockOnCardUsePotion"},{"floor":10,"key":"champ:CounterPotion"},{"floor":16,"key":"Dexterity Potion"}],"is_trial":false,"path_per_floor":["M","?","?","?","M","E","R","E","T","M","$","?","M","M","R","B",null,"M","?","?"],"character_chosen":"WATCHER","items_purchased":["Membership Card","Snack Pack","infinitespire:Satchel"],"campfire_rested":0,"item_purchase_floors":[11,11,11],"current_hp_per_floor":[77,77,77,77,77,47,47,34,34,32,32,32,32,29,29,25,77,30,30,0,0],"gold":147,"neow_bonus":"RANDOM_EVENT","is_daily":false,"chose_seed":false,"campfire_upgraded":0,"win_rate":0.0,"timestamp":1612919997,"path_taken":["M","?","?","?","?","E","R","E","T","M","$","?","M","M","R","BOSS","M","?","?"],"items_purchased_type":["Relic","Relic","Relic"],"build_version":"2020-12-22","purchased_purges":0,"victory":false,"max_hp_per_floor":[77,77,77,77,77,77,77,77,77,77,77,77,77,77,77,77,77,77,77,77,77],"relic_stats":{"counters":[10,49],"Art of War":[7],"obtain_stats":[{"Replay:Towering Pillar of Hats":6,"Hammer of Thor":0,"Seething Fire":0,"hubris:Towel":12,"hubris:Icosahedron":19,"Anvil of the Gods":0,"infinitespire:Satchel":11,"Molten Egg 2":2,"Durian":0,"Art of War":8,"Snack Pack":11,"hubris:GrandSneckoEye":17,"Membership Card":11,"PureWater":0},{"Replay:Towering Pillar of Hats":3,"Hammer of Thor":0,"Seething Fire":0,"hubris:Towel":5,"hubris:Icosahedron":9,"Anvil of the Gods":0,"infinitespire:Satchel":5,"Molten Egg 2":1,"Durian":0,"Art of War":4,"Snack Pack":5,"hubris:GrandSneckoEye":8,"Membership Card":5,"PureWater":0},{"Replay:Towering Pillar of Hats":12,"Hammer of Thor":0,"Seething Fire":0,"hubris:Towel":19,"hubris:Icosahedron":46,"Anvil of the Gods":0,"infinitespire:Satchel":19,"Molten Egg 2":1,"Durian":0,"Art of War":16,"Snack Pack":19,"hubris:GrandSneckoEye":38,"Membership Card":19,"PureWater":0}]},"card_choices":[{"not_picked":["Replay:ManipulateFuture","CarveReality"],"picked":"Replay:DivineShield","floor":1},{"not_picked":["JustLucky+1","EmptyFist+1"],"picked":"FlyingSleeves+1","floor":5},{"not_picked":["EmptyFist+1","Consecrate+1"],"picked":"SpiritShield","floor":6},{"not_picked":["CrushJoints+1","BowlingBash+1"],"picked":"FlyingSleeves+1","floor":8},{"not_picked":["Meditate","Crescendo","WaveOfTheHand"],"picked":"SKIP","floor":10},{"not_picked":["LikeWater","EmptyMind"],"picked":"Replay:Vibes","floor":13},{"not_picked":["EmptyBody","Tantrum+1"],"picked":"Judgement","floor":14},{"not_picked":["Blasphemy","Ragnarok+1"],"picked":"DevaForm","floor":16},{"not_picked":["Sanctity","Protect"],"picked":"Replay:Battleflow+1","floor":18}],"player_experience":484680,"relics_obtained":[{"floor":6,"key":"Replay:Towering Pillar of Hats"},{"floor":8,"key":"Art of War"}],"event_choices":[{"damage_healed":0,"gold_gain":0,"player_choice":"Box","damage_taken":0,"relics_obtained":["Durian"],"max_hp_gain":0,"max_hp_loss":0,"event_name":"Big Fish","floor":0,"gold_loss":0,"cards_obtained":["Regret"]},{"damage_healed":0,"gold_gain":175,"player_choice":"AGREE","damage_taken":115,"max_hp_gain":0,"max_hp_loss":0,"event_name":"betterThird:BetterSerpent","floor":3,"gold_loss":0},{"damage_healed":0,"gold_gain":0,"player_choice":"Ignored","damage_taken":0,"max_hp_gain":0,"max_hp_loss":0,"event_name":"Transmorgrifier","floor":4,"gold_loss":0}],"is_beta":false,"boss_relics":[{"not_picked":["conspire:RunicOctahedron","hubris:Stopwatch"],"picked":"hubris:GrandSneckoEye"}],"items_purged_floors":[],"is_endless":false,"potions_floor_spawned":[1,8,10,16],"killed_by":"conspire:MimicChest","ascension_level":0,"is_humility":true}}