{"host":"dpbezu80jg8zk7un","time":1612983338,"event":{"mods":["BaseMod","Colored Map","Colored Powertips","Custom Start","DeckTracker","Minty Spire (QoL Compilation)","Quick Restart","StSLib","SuperFastMode"],"gold_per_floor":[116,116,140,65,81,81,94,94,94,135,135,158,233,258,258,353,353,376,399,399,418,436,475,475,495,495,538,538,558,292,332,332,425,425,448,448,323,341,191,191,211,246,246,266,289,332,332,357,357,357,357,357,357,45,81,81],"floor_reached":57,"language":"KOR","playtime":2470,"items_purged":["Injury","Strike_P","FollowUp","FlurryOfBlows","BowlingBash"],"score":3102,"play_id":"a22d3a04-443f-4665-b3f2-d75a4048d5d4","local_time":"20210211035538","is_ascension_mode":true,"campfire_choices":[{"data":"Eruption","floor":6.0,"key":"SMITH"},{"data":"Scrawl","floor":8.0,"key":"SMITH"},{"data":"Blasphemy","floor":11.0,"key":"SMITH"},{"data":"Conclude","floor":15.0,"key":"SMITH"},{"floor":24.0,"key":"RECALL"},{"floor":28.0,"key":"REST"},{"floor":32.0,"key":"REST"},{"floor":40.0,"key":"REST"},{"floor":49,"key":"REST"},{"floor":53,"key":"REST"}],"circlet_count":0,"master_deck":["AscendersBane","Eruption+1","Vigilance","Scrawl+1","Conclude+1","Blasphemy+1","EmptyMind","InnerPeace","Ragnarok","Pray","Study","DevaForm","Prostrate","Scrawl+1","MentalFortress+1","Purity"],"relics":["PureWater","Golden Idol","Happy Flower","Pear","Fusion Hammer","Lantern","HornCleat","Turnip","TheAbacus","Ancient Tea Set","Pandora\u0027s Box","Shuriken","Smiling Mask","Bottled Lightning","CloakClasp"],"acts_visited":["Exordium","TheCity","TheBeyond","TheEnding"],"potions_floor_usage":[46,56,56],"damage_taken":[{"damage":0.0,"enemies":"Small Slimes","floor":1.0,"turns":2.0},{"damage":0.0,"enemies":"Jaw Worm","floor":3.0,"turns":3.0},{"damage":0.0,"enemies":"Cultist","floor":5.0,"turns":2.0},{"damage":0.0,"enemies":"Lots of Slimes","floor":7.0,"turns":2.0},{"damage":5.0,"enemies":"Gremlin Nob","floor":10.0,"turns":3.0},{"damage":0.0,"enemies":"2 Fungi Beasts","floor":12.0,"turns":2.0},{"damage":1.0,"enemies":"Looter","floor":14.0,"turns":2.0},{"damage":0.0,"enemies":"Slime Boss","floor":16.0,"turns":2.0},{"damage":0.0,"enemies":"Spheric Guardian","floor":18.0,"turns":1.0},{"damage":3.0,"enemies":"Shell Parasite","floor":19.0,"turns":3.0},{"damage":0.0,"enemies":"Snecko","floor":21.0,"turns":2.0},{"damage":4.0,"enemies":"Centurion and Healer","floor":22.0,"turns":2.0},{"damage":0.0,"enemies":"Slavers","floor":23.0,"turns":1.0},{"damage":0.0,"enemies":"Snake Plant","floor":25.0,"turns":2.0},{"damage":0.0,"enemies":"Gremlin Leader","floor":27.0,"turns":2.0},{"damage":0.0,"enemies":"Shelled Parasite and Fungi","floor":29.0,"turns":1.0},{"damage":0.0,"enemies":"Slavers","floor":31.0,"turns":1.0},{"damage":67.0,"enemies":"Automaton","floor":33.0,"turns":9.0},{"damage":0.0,"enemies":"3 Darklings","floor":35.0,"turns":2.0},{"damage":14.0,"enemies":"3 Shapes","floor":38.0,"turns":2.0},{"damage":0.0,"enemies":"Spire Growth","floor":41.0,"turns":2.0},{"damage":2.0,"enemies":"Reptomancer","floor":42.0,"turns":2.0},{"damage":0.0,"enemies":"Jaw Worm Horde","floor":44.0,"turns":1.0},{"damage":0.0,"enemies":"3 Darklings","floor":45.0,"turns":1.0},{"damage":0,"enemies":"Nemesis","floor":46,"turns":1},{"damage":0,"enemies":"Transient","floor":48,"turns":6},{"damage":22,"enemies":"Time Eater","floor":50,"turns":8},{"damage":42,"enemies":"Donu and Deca","floor":51,"turns":5},{"damage":0,"enemies":"Shield and Spear","floor":55,"turns":4},{"damage":68,"enemies":"The Heart","floor":56,"turns":7}],"seed_played":"-1929073749182173993","potions_obtained":[{"floor":5.0,"key":"Fruit Juice"},{"floor":12.0,"key":"Fire Potion"},{"floor":14.0,"key":"DistilledChaos"},{"floor":16.0,"key":"StancePotion"},{"floor":22.0,"key":"EntropicBrew"},{"floor":29.0,"key":"AttackPotion"},{"floor":33.0,"key":"Dexterity Potion"},{"floor":38.0,"key":"Block Potion"},{"floor":42.0,"key":"DuplicationPotion"},{"floor":46,"key":"ColorlessPotion"},{"floor":55,"key":"Dexterity Potion"}],"is_trial":false,"path_per_floor":["M","?","M","$","M","R","M","R","T","E","R","M","?","M","R","B",null,"M","M","?","M","M","E","R","M","T","E","R","M","$","E","R","B",null,"M","?","$","M","$","R","M","E","T","M","M","E","?","M","R","B","B",null,"R","$","E","B",null],"character_chosen":"WATCHER","items_purchased":["TheAbacus","Bottled Lightning"],"campfire_rested":5,"item_purchase_floors":[30,54],"current_hp_per_floor":[61,61,61,61,61,61,61,61,61,66,66,66,55,59,59,59,73,73,70,70,70,66,66,66,66,66,66,77,77,77,77,77,10,60,60,60,60,46,46,69,69,67,67,67,67,67,57,57,77,55,13,61,77,77,77,9],"gold":81,"neow_bonus":"TRANSFORM_TWO_CARDS","is_daily":false,"chose_seed":false,"campfire_upgraded":4,"win_rate":0.0,"timestamp":1612983338,"path_taken":["M","?","M","$","M","R","M","R","T","E","R","M","?","M","R","BOSS","M","M","?","M","M","E","R","M","T","E","R","M","$","E","R","BOSS","M","?","$","?","$","R","M","E","T","M","?","E","?","M","R","BOSS","BOSS","R","$","E","BOSS"],"items_purchased_type":["Relic","Relic"],"build_version":"2020-12-22","purchased_purges":5,"victory":true,"max_hp_per_floor":[68,62,62,62,62,62,62,62,62,72,72,72,72,77,77,77,77,77,77,77,77,77,77,77,77,77,77,77,77,77,77,77,77,77,77,77,77,77,77,77,77,77,77,77,77,77,77,77,77,77,77,77,77,77,77,77],"card_choices":[{"not_picked":["FlyingSleeves","EmptyFist"],"picked":"FollowUp","floor":1.0},{"not_picked":["EmptyMind","Evaluate"],"picked":"FlurryOfBlows","floor":3.0},{"not_picked":["ClearTheMind","Crescendo","WindmillStrike"],"picked":"SKIP","floor":5.0},{"not_picked":["ForeignInfluence","FlurryOfBlows","Evaluate"],"picked":"SKIP","floor":7.0},{"not_picked":["Establishment","SignatureMove"],"picked":"Blasphemy","floor":10.0},{"not_picked":["Crescendo","Evaluate","FollowUp"],"picked":"SKIP","floor":12.0},{"not_picked":["ThirdEye","FollowUp","FlurryOfBlows"],"picked":"SKIP","floor":14.0},{"not_picked":["Wireheading","Crescendo","Evaluate"],"picked":"SKIP","floor":18.0},{"not_picked":["Prostrate","SashWhip","EmptyBody"],"picked":"SKIP","floor":19.0},{"not_picked":["Consecrate","JustLucky"],"picked":"EmptyMind","floor":21.0},{"not_picked":["Consecrate","WreathOfFlame","PathToVictory"],"picked":"SKIP","floor":22.0},{"not_picked":["SignatureMove+1","ThirdEye","Protect"],"picked":"SKIP","floor":23.0},{"not_picked":["FlyingSleeves","EmptyFist"],"picked":"InnerPeace","floor":25.0},{"not_picked":["BattleHymn","EmptyBody"],"picked":"Ragnarok","floor":27.0},{"not_picked":["SashWhip","CarveReality","SignatureMove"],"picked":"SKIP","floor":29.0},{"not_picked":["FlyingSleeves","EmptyFist","CarveReality"],"picked":"SKIP","floor":31.0},{"not_picked":["Consecrate","LikeWater","CutThroughFate"],"picked":"SKIP","floor":35.0},{"not_picked":["Swivel","Study","FlyingSleeves"],"picked":"SKIP","floor":38.0},{"not_picked":["FearNoEvil","BowlingBash","Tantrum"],"picked":"SKIP","floor":41.0},{"not_picked":["Protect","SandsOfTime","Perseverance"],"picked":"SKIP","floor":42.0},{"not_picked":["Wallop","ClearTheMind+1"],"picked":"MentalFortress+1","floor":44.0},{"not_picked":["SashWhip","SandsOfTime","WaveOfTheHand"],"picked":"SKIP","floor":45.0},{"not_picked":["Evaluate+1","Prostrate+1","SpiritShield"],"picked":"SKIP","floor":46},{"not_picked":["Magnetism","Deep Breath"],"picked":"Purity","floor":47},{"not_picked":["CutThroughFate+1","Tantrum","FollowUp"],"picked":"SKIP","floor":48},{"not_picked":["Alpha","ClearTheMind","FlyingSleeves+1"],"picked":"SKIP","floor":55}],"player_experience":2957133,"relics_obtained":[{"floor":9.0,"key":"Happy Flower"},{"floor":10.0,"key":"Pear"},{"floor":23.0,"key":"Lantern"},{"floor":26.0,"key":"HornCleat"},{"floor":27.0,"key":"Turnip"},{"floor":31.0,"key":"Ancient Tea Set"},{"floor":42.0,"key":"Shuriken"},{"floor":46,"key":"Smiling Mask"},{"floor":55,"key":"CloakClasp"}],"event_choices":[{"damage_healed":0.0,"max_hp_gain":0.0,"max_hp_loss":6.0,"gold_gain":0.0,"event_name":"Golden Idol","player_choice":"Lose Max HP","floor":2.0,"gold_loss":0.0,"damage_taken":0.0,"relics_obtained":["Golden Idol"]},{"damage_healed":0.0,"max_hp_gain":0.0,"max_hp_loss":0.0,"gold_gain":75.0,"event_name":"World of Goop","player_choice":"Gather Gold","floor":13.0,"gold_loss":0.0,"damage_taken":11.0},{"damage_healed":0.0,"max_hp_gain":0.0,"max_hp_loss":0.0,"gold_gain":0.0,"event_name":"The Mausoleum","player_choice":"Ignored","floor":20.0,"gold_loss":0.0,"damage_taken":0.0},{"damage_healed":0.0,"max_hp_gain":0.0,"max_hp_loss":0.0,"gold_gain":0.0,"event_name":"Duplicator","player_choice":"Copied","floor":36.0,"gold_loss":0.0,"damage_taken":0.0,"cards_obtained":["Scrawl"]},{"damage_healed":0,"gold_gain":0,"player_choice":"Memory 3","damage_taken":10,"max_hp_gain":0,"max_hp_loss":0,"event_name":"SensoryStone","floor":47,"gold_loss":0}],"is_beta":false,"boss_relics":[{"not_picked":["SlaversCollar","Astrolabe"],"picked":"Fusion Hammer"},{"not_picked":["Snecko Eye","Calling Bell"],"picked":"Pandora\u0027s Box"}],"items_purged_floors":[4,30,37,39,54],"is_endless":false,"potions_floor_spawned":[5,12,14,16,22,23,25,29,33,38,42,46,55],"ascension_level":20}}