{"host":"dcj2yvrgcvh5dl2s","time":1612954118,"event":{"mods":["BaseMod","Bestiary","Better Note","Block Reminder","Colored Powertips","Curses Come First","DeckTracker","Minty Spire (QoL Compilation)","Quick Restart","Rare Cards Sparkle","Relic Stats","StSLib"],"gold_per_floor":[118,132,132,132,147,172,172,206,206,14,26,26,39,68,80,92,92],"floor_reached":16,"language":"ENG","playtime":646,"items_purged":[],"score":240,"play_id":"8c2ac1f4-d719-429e-b724-b8aa07ba9e96","local_time":"20210210204838","is_ascension_mode":true,"campfire_choices":[{"data":"Pommel Strike","floor":7,"key":"SMITH"},{"floor":12,"key":"REST"},{"floor":15,"key":"REST"}],"circlet_count":0,"master_deck":["AscendersBane","Strike_R","Strike_R","Strike_R","Strike_R","Strike_R","Defend_R","Defend_R","Defend_R","Defend_R","Bash","Metallicize","Pommel Strike","Pommel Strike+1","Reaper","Body Slam","Heavy Blade","Whirlwind"],"relics":["Burning Blood","NeowsBlessing","Self Forming Clay","Darkstone Periapt","MealTicket","Regal Pillow","Oddly Smooth Stone","MawBank"],"acts_visited":["Exordium"],"potions_floor_usage":[6,14,16],"damage_taken":[{"damage":0,"enemies":"Cultist","floor":1,"turns":1},{"damage":0,"enemies":"2 Louse","floor":2,"turns":1},{"damage":0,"enemies":"Jaw Worm","floor":5,"turns":1},{"damage":38,"enemies":"3 Sentries","floor":6,"turns":14},{"damage":48,"enemies":"Lagavulin","floor":8,"turns":7},{"damage":31,"enemies":"Gremlin Gang","floor":11,"turns":6},{"damage":20,"enemies":"Red Slaver","floor":13,"turns":4},{"damage":41,"enemies":"Gremlin Nob","floor":14,"turns":5},{"damage":58,"enemies":"The Guardian","floor":16,"turns":15}],"seed_played":"6237704391457464146","potions_obtained":[{"floor":2,"key":"BloodPotion"},{"floor":8,"key":"SteroidPotion"},{"floor":11,"key":"SpeedPotion"},{"floor":14,"key":"Fire Potion"}],"is_trial":false,"path_per_floor":["M","M","T","?","M","E","R","E","T","$","M","R","M","E","R","B"],"character_chosen":"IRONCLAD","items_purchased":["Oddly Smooth Stone","Body Slam"],"campfire_rested":2,"item_purchase_floors":[10,10],"current_hp_per_floor":[74,75,75,75,75,58,58,19,19,34,18,55,45,14,51,0,0],"gold":92,"neow_bonus":"THREE_ENEMY_KILL","is_daily":false,"chose_seed":false,"campfire_upgraded":1,"win_rate":0.0,"timestamp":1612954118,"path_taken":["M","M","?","?","?","E","R","E","T","$","M","R","M","E","R","BOSS"],"items_purchased_type":["Relic","Card"],"build_version":"2020-12-22","purchased_purges":0,"victory":false,"max_hp_per_floor":[75,75,75,75,75,75,75,75,75,75,75,75,75,75,75,75,75],"relic_stats":{"Darkstone Periapt":0,"Regal Pillow":30,"counters":[9,54],"Self Forming Clay":[99],"MealTicket":15,"MawBank":24,"obtain_stats":[{"Darkstone Periapt":6,"Regal Pillow":9,"NeowsBlessing":0,"Self Forming Clay":3,"Oddly Smooth Stone":10,"MealTicket":8,"MawBank":14,"Burning Blood":0},{"Darkstone Periapt":4,"Regal Pillow":5,"NeowsBlessing":0,"Self Forming Clay":2,"Oddly Smooth Stone":5,"MealTicket":5,"MawBank":8,"Burning Blood":0},{"Darkstone Periapt":17,"Regal Pillow":24,"NeowsBlessing":0,"Self Forming Clay":2,"Oddly Smooth Stone":24,"MealTicket":24,"MawBank":39,"Burning Blood":0}],"Burning Blood":37},"card_choices":[{"not_picked":["Sword Boomerang","Clothesline"],"picked":"Metallicize","floor":1},{"not_picked":["Sever Soul","Hemokinesis"],"picked":"Pommel Strike","floor":2},{"not_picked":["Entrench","Iron Wave"],"picked":"Pommel Strike","floor":5},{"not_picked":["Armaments","Uppercut"],"picked":"Reaper","floor":6},{"not_picked":["Armaments","Anger","Burning Pact"],"picked":"SKIP","floor":8},{"not_picked":["Sever Soul","Iron Wave","Armaments"],"picked":"SKIP","floor":11},{"not_picked":["Headbutt","Carnage"],"picked":"Heavy Blade","floor":13},{"not_picked":["Havoc","Sever Soul","Whirlwind"],"picked":"SKIP","floor":14},{"not_picked":["Havoc","Sever Soul"],"picked":"Whirlwind","floor":14}],"player_experience":2360863,"relics_obtained":[{"floor":3,"key":"Self Forming Clay"},{"floor":6,"key":"Darkstone Periapt"},{"floor":8,"key":"MealTicket"},{"floor":9,"key":"Regal Pillow"},{"floor":14,"key":"MawBank"}],"event_choices":[{"damage_healed":0,"gold_gain":0,"player_choice":"0 cards matched","damage_taken":0,"max_hp_gain":0,"max_hp_loss":0,"event_name":"Match and Keep!","floor":4,"gold_loss":0,"cards_obtained":[]}],"is_beta":false,"boss_relics":[],"items_purged_floors":[],"is_endless":false,"potions_floor_spawned":[2,8,11,14],"killed_by":"The Guardian","ascension_level":20}}