{"host":"8is2j71l4wmybkoi","time":1612963159,"event":{"mods":["AchievementEnabler","BaseMod","Colored Map","Minty Spire (QoL Compilation)","Rare Cards Sparkle","StSLib","SuperFastMode"],"gold_per_floor":[366,377,388,6,56,56,68,88,88,113,113,143,143,143,143,218,218,234,244,244,260,271,271,299,299,299,319,319,330,363,379,379,452,452,462,472,472,472,488,488,519,519,590,624,624,636,636,654,654,654,654],"floor_reached":50,"language":"KOR","playtime":2082,"items_purged":["Defend_G"],"score":970,"play_id":"319ff773-0fb9-499e-9cfe-975386e79a25","local_time":"20210210221919","is_ascension_mode":true,"campfire_choices":[{"data":"Dash","floor":6.0,"key":"SMITH"},{"data":"Phantasmal Killer","floor":11.0,"key":"SMITH"},{"floor":15.0,"key":"REST"},{"data":"Venomology","floor":23.0,"key":"SMITH"},{"floor":25.0,"key":"REST"},{"data":"Tactician","floor":28.0,"key":"SMITH"},{"data":"Blade Dance","floor":32.0,"key":"SMITH"},{"data":"Wraith Form v2","floor":40.0,"key":"SMITH"},{"floor":42,"key":"RECALL"},{"floor":45,"key":"REST"},{"floor":49,"key":"REST"}],"circlet_count":0,"master_deck":["AscendersBane","Strike_G+1","Strike_G","Strike_G","Strike_G","Strike_G","Defend_G","Defend_G","Defend_G","Defend_G","Survivor","Neutralize+1","Finisher+1","Dash+1","All Out Attack","Dagger Throw+1","Phantasmal Killer+1","Backstab","Venomology+1","PiercingWail","Blade Dance+1","Tactician+1","Calculated Gamble+1","Crippling Poison","Wraith Form v2+1","Acrobatics","Madness","Madness","Accuracy+1"],"relics":["Ring of the Snake","Mercury Hourglass","Singing Bowl","Ninja Scroll","Vajra","Runic Pyramid","HornCleat","White Beast Statue","StrikeDummy","Black Star","Boot","Molten Egg 2","Mummified Hand","Ancient Tea Set"],"acts_visited":["Exordium","TheCity","TheBeyond"],"potions_floor_usage":[41,41,44,44,46,48,50,50,50,50],"damage_taken":[{"damage":7.0,"enemies":"Small Slimes","floor":1.0,"turns":4.0},{"damage":1.0,"enemies":"Cultist","floor":2.0,"turns":4.0},{"damage":0.0,"enemies":"Jaw Worm","floor":3.0,"turns":3.0},{"damage":10.0,"enemies":"Lots of Slimes","floor":7.0,"turns":3.0},{"damage":0.0,"enemies":"3 Louse","floor":8.0,"turns":2.0},{"damage":7.0,"enemies":"3 Sentries","floor":10.0,"turns":6.0},{"damage":20.0,"enemies":"Lagavulin","floor":12.0,"turns":3.0},{"damage":4.0,"enemies":"Slime Boss","floor":16.0,"turns":5.0},{"damage":4.0,"enemies":"Shell Parasite","floor":18.0,"turns":4.0},{"damage":2.0,"enemies":"Chosen","floor":19.0,"turns":2.0},{"damage":8.0,"enemies":"Snecko","floor":21.0,"turns":5.0},{"damage":1.0,"enemies":"Sentry and Sphere","floor":22.0,"turns":3.0},{"damage":16.0,"enemies":"Book of Stabbing","floor":24.0,"turns":2.0},{"damage":1.0,"enemies":"Shelled Parasite and Fungi","floor":27.0,"turns":2.0},{"damage":0.0,"enemies":"Snecko","floor":29.0,"turns":3.0},{"damage":2.0,"enemies":"Slavers","floor":30.0,"turns":5.0},{"damage":10.0,"enemies":"Snake Plant","floor":31.0,"turns":2.0},{"damage":3.0,"enemies":"Automaton","floor":33.0,"turns":5.0},{"damage":4.0,"enemies":"3 Darklings","floor":35.0,"turns":5.0},{"damage":1.0,"enemies":"3 Shapes","floor":36.0,"turns":3.0},{"damage":0.0,"enemies":"Jaw Worm Horde","floor":39.0,"turns":5.0},{"damage":8,"enemies":"Nemesis","floor":41,"turns":7},{"damage":15,"enemies":"Giant Head","floor":44,"turns":7},{"damage":2,"enemies":"3 Darklings","floor":46,"turns":2},{"damage":12,"enemies":"4 Shapes","floor":48,"turns":4},{"damage":98,"enemies":"Time Eater","floor":50,"turns":11}],"seed_played":"3617598325671786962","potions_obtained":[{"floor":8.0,"key":"Regen Potion"},{"floor":12.0,"key":"SpeedPotion"},{"floor":18.0,"key":"CunningPotion"},{"floor":21.0,"key":"SpeedPotion"},{"floor":24.0,"key":"SteroidPotion"},{"floor":27.0,"key":"CultistPotion"},{"floor":31.0,"key":"GhostInAJar"},{"floor":33.0,"key":"Energy Potion"},{"floor":41,"key":"EssenceOfSteel"},{"floor":44,"key":"AttackPotion"},{"floor":46,"key":"Swift Potion"},{"floor":48,"key":"Energy Potion"}],"is_trial":false,"path_per_floor":["M","M","M","$","?","R","M","M","T","E","R","E","?","?","R","B",null,"M","M","?","M","M","R","E","R","T","M","R","M","E","M","R","B",null,"M","M","?","?","M","R","E","R","T","E","R","M","?","M","R","B"],"character_chosen":"THE_SILENT","items_purchased":["Mercury Hourglass","AttackPotion"],"campfire_rested":4,"item_purchase_floors":[4,4],"current_hp_per_floor":[52,51,51,51,51,51,41,41,41,49,49,29,11,11,29,25,51,47,45,29,23,24,24,10,31,31,30,30,30,28,20,20,17,59,55,56,56,42,44,44,38,38,38,25,49,49,49,37,61,0,0],"gold":654,"neow_bonus":"TWO_FIFTY_GOLD","is_daily":false,"chose_seed":false,"campfire_upgraded":6,"win_rate":0.0,"timestamp":1612963159,"path_taken":["M","M","M","$","?","R","?","M","T","E","R","E","?","?","R","BOSS","M","?","?","M","M","R","E","R","T","M","R","M","E","M","R","BOSS","M","M","?","?","?","R","E","R","T","E","R","M","?","M","R","BOSS"],"items_purchased_type":["Relic","Potion"],"build_version":"2020-12-22","purchased_purges":1,"victory":false,"max_hp_per_floor":[60,60,60,60,60,60,60,60,60,60,60,60,60,60,60,60,60,60,60,65,67,69,69,71,71,71,71,71,71,71,73,73,73,73,73,75,75,75,77,77,79,79,79,81,81,83,83,83,83,83,83],"card_choices":[{"not_picked":["Cloak And Dagger","Deflect"],"picked":"Finisher","floor":1.0},{"not_picked":["Poisoned Stab","Outmaneuver"],"picked":"Dash","floor":2.0},{"not_picked":["Prepared","Skewer","Caltrops"],"picked":"SKIP","floor":3.0},{"not_picked":["PiercingWail","Acrobatics"],"picked":"All Out Attack","floor":7.0},{"not_picked":["Terror","Distraction"],"picked":"Dagger Throw","floor":8.0},{"not_picked":["Deadly Poison","Endless Agony"],"picked":"Phantasmal Killer","floor":10.0},{"not_picked":["Cloak And Dagger","Predator"],"picked":"Backstab","floor":12.0},{"not_picked":["A Thousand Cuts","Phantasmal Killer"],"picked":"Venomology","floor":16.0},{"not_picked":["Acrobatics","Flying Knee"],"picked":"PiercingWail","floor":18.0},{"not_picked":["PiercingWail","Flechettes"],"picked":"Blade Dance","floor":19.0},{"not_picked":["Poisoned Stab","Flying Knee","Dash+1"],"picked":"Singing Bowl","floor":21.0},{"not_picked":["Slice","Flying Knee","Dagger Spray"],"picked":"Singing Bowl","floor":22.0},{"not_picked":["Bouncing Flask","Slice+1","PiercingWail"],"picked":"Singing Bowl","floor":24.0},{"not_picked":["Underhanded Strike+1","Heel Hook"],"picked":"Tactician","floor":27.0},{"not_picked":["Finisher","Dagger Throw"],"picked":"Calculated Gamble+1","floor":29.0},{"not_picked":["Slice","Venomology"],"picked":"Crippling Poison","floor":30.0},{"not_picked":["Outmaneuver","Deflect+1","Concentrate"],"picked":"Singing Bowl","floor":31.0},{"not_picked":["Phantasmal Killer","Burst"],"picked":"Wraith Form v2","floor":33.0},{"not_picked":["Blur","Quick Slash"],"picked":"Acrobatics","floor":35.0},{"not_picked":["Escape Plan","Noxious Fumes","Slice+1"],"picked":"Singing Bowl","floor":36.0},{"not_picked":["Sucker Punch","Deflect","Flying Knee"],"picked":"Singing Bowl","floor":39.0},{"not_picked":["Expertise","Outmaneuver","Escape Plan"],"picked":"Singing Bowl","floor":41},{"not_picked":["PiercingWail","Dagger Spray+1","Blade Dance"],"picked":"Singing Bowl","floor":44},{"not_picked":["Deflect+1","Underhanded Strike+1","Masterful Stab+1"],"picked":"Singing Bowl","floor":46},{"not_picked":["Cloak And Dagger+1","Flying Knee+1"],"picked":"Accuracy+1","floor":48}],"player_experience":1110407,"relics_obtained":[{"floor":9.0,"key":"Singing Bowl"},{"floor":10.0,"key":"Ninja Scroll"},{"floor":12.0,"key":"Vajra"},{"floor":24.0,"key":"HornCleat"},{"floor":26.0,"key":"White Beast Statue"},{"floor":30.0,"key":"StrikeDummy"},{"floor":41,"key":"Boot"},{"floor":41,"key":"Molten Egg 2"},{"floor":44,"key":"Mummified Hand"},{"floor":44,"key":"Ancient Tea Set"}],"event_choices":[{"damage_healed":0.0,"max_hp_gain":0.0,"max_hp_loss":0.0,"gold_gain":50.0,"event_name":"Golden Shrine","player_choice":"Pray","floor":5.0,"gold_loss":0.0,"damage_taken":0.0},{"damage_healed":0.0,"max_hp_gain":0.0,"max_hp_loss":0.0,"gold_gain":0.0,"event_name":"Shining Light","player_choice":"Entered Light","floor":13.0,"gold_loss":0.0,"damage_taken":18.0,"cards_upgraded":["Dagger Throw","Strike_G"]},{"damage_healed":0.0,"max_hp_gain":0.0,"max_hp_loss":0.0,"gold_gain":0.0,"event_name":"Upgrade Shrine","player_choice":"Upgraded","floor":14.0,"gold_loss":0.0,"damage_taken":0.0,"cards_upgraded":["Finisher"]},{"damage_healed":0.0,"max_hp_gain":5.0,"max_hp_loss":0.0,"gold_gain":0.0,"event_name":"Forgotten Altar","player_choice":"Shed Blood","floor":20.0,"gold_loss":0.0,"damage_taken":21.0},{"damage_healed":0.0,"max_hp_gain":0.0,"max_hp_loss":0.0,"gold_gain":0.0,"event_name":"Tomb of Lord Red Mask","player_choice":"Ignored","floor":37.0,"gold_loss":0.0,"damage_taken":0.0},{"damage_healed":0.0,"max_hp_gain":0.0,"max_hp_loss":0.0,"gold_gain":0.0,"event_name":"Winding Halls","player_choice":"Embrace Madness","floor":38.0,"gold_loss":0.0,"damage_taken":14.0,"cards_obtained":["Madness","Madness"]},{"damage_healed":0,"gold_gain":0,"player_choice":"Forge","damage_taken":0,"max_hp_gain":0,"max_hp_loss":0,"event_name":"Accursed Blacksmith","floor":47,"gold_loss":0,"cards_upgraded":["Neutralize"]}],"is_beta":false,"boss_relics":[{"not_picked":["Calling Bell","Busted Crown"],"picked":"Runic Pyramid"},{"not_picked":["WristBlade","Ring of the Serpent"],"picked":"Black Star"}],"items_purged_floors":[4],"is_endless":false,"potions_floor_spawned":[8,12,18,21,24,27,29,30,31,33,35,36,39,41,44,46,48],"killed_by":"Time Eater","ascension_level":15}}