{"host":"vlqejv0notyktumz","time":1612985137,"event":{"mods":["AchievementEnabler","BaseMod","Colored Map","Colored Powertips","Downfall","Googly Eyes","Minty Spire (QoL Compilation)","StSLib"],"gold_per_floor":[111,121,21,35,47,82,82,82,82,95,75,51,69,69,69,168,168,187,87,87,87,100,100,111,111,111,121,121,121,121,135,135,231,231,246,246,246],"floor_reached":36,"language":"ENG","playtime":1048,"items_purged":["Defend_B","Strike_B"],"score":567,"play_id":"9e9e7907-2c97-4fa9-9901-823ec15e6532","local_time":"20210210132537","is_ascension_mode":true,"campfire_choices":[{"data":"Reinforced Body","floor":8,"key":"SMITH"},{"data":"Zap","floor":15,"key":"SMITH"},{"floor":23,"key":"REST"},{"floor":25,"key":"REST"},{"data":"Defragment","floor":30,"key":"SMITH"},{"data":"Creative AI","floor":32,"key":"SMITH"}],"circlet_count":0,"master_deck":["AscendersBane","Strike_B","Defend_B","Defend_B","Zap+1","Dualcast","Leap","Auto Shields","Redo","Ball Lightning","Reinforced Body+1","Gash","Melter","Undo","Hologram","Stack","Creative AI+1","Rebound+1","Reboot","Undo","Stack+1","Conserve Battery","Defragment","Defragment+1","BootSequence","Amplify"],"relics":["Cracked Core","NeowsBlessing","Question Card","Mercury Hourglass","bronze:MakeshiftBattery","Meat on the Bone","Busted Crown"],"acts_visited":["Exordium","TheCity","TheBeyond"],"potions_floor_usage":[6,16,31,33],"damage_taken":[{"damage":0,"enemies":"Cultist","floor":1,"turns":1},{"damage":0,"enemies":"2 Louse","floor":2,"turns":1},{"damage":0,"enemies":"Small Slimes","floor":4,"turns":1},{"damage":5,"enemies":"Blue Slaver","floor":5,"turns":4},{"damage":15,"enemies":"Lagavulin","floor":6,"turns":9},{"damage":0,"enemies":"Large Slime","floor":10,"turns":5},{"damage":0,"enemies":"Exordium Thugs","floor":11,"turns":4},{"damage":0,"enemies":"3 Louse","floor":13,"turns":3},{"damage":50,"enemies":"Hexaghost","floor":16,"turns":11},{"damage":11,"enemies":"Shell Parasite","floor":18,"turns":6},{"damage":11,"enemies":"Spheric Guardian","floor":22,"turns":5},{"damage":14,"enemies":"Chosen and Byrds","floor":24,"turns":5},{"damage":10,"enemies":"Snake Plant","floor":27,"turns":5},{"damage":0,"enemies":"Shelled Parasite and Fungi","floor":31,"turns":6},{"damage":44,"enemies":"Collector","floor":33,"turns":12},{"damage":8,"enemies":"Orb Walker","floor":35,"turns":4},{"damage":45,"enemies":"3 Darklings","floor":36,"turns":6}],"seed_played":"4197690127496159203","potions_obtained":[{"floor":1,"key":"SneckoOil"},{"floor":11,"key":"sneckomod:MuddlingPotion"},{"floor":13,"key":"champ:CounterPotion"},{"floor":16,"key":"GamblersBrew"},{"floor":27,"key":"Block Potion"}],"is_trial":false,"path_per_floor":["M","M","$","M","M","E","?","R","T","M","M","$","M","?","R","B",null,"M","$","?","?","M","R","M","R","T","M","?","?","R","M","R","B",null,"M","M"],"character_chosen":"DEFECT","items_purchased":["Redo","Hologram"],"campfire_rested":2,"item_purchase_floors":[3,12],"current_hp_per_floor":[68,68,68,68,63,48,48,48,48,48,48,48,48,73,73,23,62,51,51,37,37,26,50,36,60,60,50,50,50,50,50,50,18,65,57,12,12],"gold":246,"neow_bonus":"THREE_ENEMY_KILL","is_daily":false,"chose_seed":false,"campfire_upgraded":4,"win_rate":0.0,"timestamp":1612985137,"path_taken":["M","M","$","?","M","E","?","R","T","M","?","$","M","?","R","BOSS","M","$","?","?","M","R","M","R","T","M","?","?","R","M","R","BOSS","M","M"],"items_purchased_type":["Card","Card"],"build_version":"2020-12-22","purchased_purges":2,"victory":false,"max_hp_per_floor":[75,75,75,75,75,75,75,75,75,75,75,75,75,75,75,75,75,75,75,80,80,80,80,80,80,80,80,80,80,80,80,80,80,80,80,80,80],"card_choices":[{"not_picked":["Chaos","Barrage"],"picked":"Leap","floor":1},{"not_picked":["Coolheaded","Turbo"],"picked":"Auto Shields","floor":2},{"not_picked":["Cold Snap","Streamline"],"picked":"Ball Lightning","floor":4},{"not_picked":["Storm","Streamline"],"picked":"Reinforced Body","floor":5},{"not_picked":["Streamline","Force Field"],"picked":"Gash","floor":6},{"not_picked":["Go for the Eyes","Coolheaded","Multi-Cast"],"picked":"Melter","floor":10},{"not_picked":["Compile Driver","Double Energy","Go for the Eyes"],"picked":"Undo","floor":11},{"not_picked":["Steam","Turbo","Rip and Tear"],"picked":"Stack","floor":13},{"not_picked":["Seek","Fission","Meteor Strike"],"picked":"Creative AI","floor":16},{"not_picked":["Hello World","Scrape","Turbo"],"picked":"Rebound+1","floor":18},{"not_picked":["Cold Snap","Sunder","Streamline"],"picked":"Stack+1","floor":22},{"not_picked":["Hello World+1","Tempest","Scrape"],"picked":"Conserve Battery","floor":24},{"not_picked":["Gash","Reprogram","Rebound"],"picked":"Defragment","floor":27},{"not_picked":["Tempest","Reprogram+1","Cold Snap"],"picked":"BootSequence","floor":31},{"not_picked":["Electrodynamics","Seek","Machine Learning"],"picked":"Amplify","floor":33},{"not_picked":["Redo+1","Rebound"],"picked":"SKIP","floor":35}],"player_experience":414179,"relics_obtained":[{"floor":6,"key":"Question Card"},{"floor":9,"key":"Mercury Hourglass"},{"floor":26,"key":"Meat on the Bone"}],"event_choices":[{"cards_removed":["Strike_B"],"damage_healed":0,"gold_gain":0,"player_choice":"Purged","damage_taken":0,"max_hp_gain":0,"max_hp_loss":0,"event_name":"Purifier","floor":7,"gold_loss":0},{"damage_healed":25,"gold_gain":0,"player_choice":"Banana","damage_taken":0,"max_hp_gain":0,"max_hp_loss":0,"event_name":"Big Fish","floor":14,"gold_loss":0},{"damage_healed":0,"gold_gain":0,"player_choice":"Shed Blood","damage_taken":19,"max_hp_gain":5,"max_hp_loss":0,"event_name":"Forgotten Altar","floor":20,"gold_loss":0},{"damage_healed":0,"gold_gain":0,"cards_transformed":["Strike_B","Defend_B"],"player_choice":"Became Test Subject","damage_taken":0,"max_hp_gain":0,"max_hp_loss":0,"event_name":"Drug Dealer","floor":21,"gold_loss":0,"cards_obtained":["Reboot","Undo"]},{"damage_healed":0,"gold_gain":0,"player_choice":"Ignored","damage_taken":0,"max_hp_gain":0,"max_hp_loss":0,"event_name":"Ghosts","floor":28,"gold_loss":0},{"damage_healed":0,"gold_gain":0,"player_choice":"Copied","damage_taken":0,"max_hp_gain":0,"max_hp_loss":0,"event_name":"Duplicator","floor":29,"gold_loss":0,"cards_obtained":["Defragment"]}],"is_beta":false,"boss_relics":[{"not_picked":["Coffee Dripper","Fusion Hammer"],"picked":"bronze:MakeshiftBattery"},{"not_picked":["Runic Dome","Astrolabe"],"picked":"Busted Crown"}],"items_purged_floors":[3,19],"is_endless":false,"potions_floor_spawned":[1,11,13,16,24,27],"killed_by":"3 Darklings","ascension_level":11}}