{"host":"xx5zt3jtdyh8iun7","time":1612989228,"event":{"mods":["AchievementEnabler","Act Like it!","BaseMod","Downfall","Hallownest","Minty Spire (QoL Compilation)","StSLib","The Bug Knight"],"gold_per_floor":[359,429,429,429,444,476,476,503,526,526,259,269,283,283,283,387,387,400,310,326,341,341,341,93,105,105,115,126,160,160,80,80,179,179,190,203,63,63,81,107,107,124,148,148,181,121,121,121,121,121],"floor_reached":51,"language":"ENG","playtime":6673,"items_purged":["Hallownest:curseDreamersLament","HollowMod:RecoilStrike"],"score":816,"play_id":"b362686d-a789-4628-9dd1-aa1e835e6e24","local_time":"20210210213348","is_ascension_mode":true,"campfire_choices":[{"data":"HollowMod:ChannelNail","floor":7,"key":"SMITH"},{"data":"HollowMod:ElderbugsWisdom","floor":10,"key":"SMITH"},{"data":"HollowMod:DungDefenderAura","floor":15,"key":"SMITH"},{"data":"HollowMod:GrimmsGift","floor":23,"key":"SMITH"},{"data":"HollowMod:MothsMistake","floor":30,"key":"SMITH"},{"data":"Hallownest:skillCityofTearsMap","floor":32,"key":"SMITH"},{"data":"HollowMod:HornetsHelp","floor":41,"key":"SMITH"},{"data":"HollowMod:LifebloodCore","floor":44,"key":"SMITH"},{"data":"HollowMod:AwokenDreamNail","floor":47,"key":"SMITH"},{"data":"HollowMod:Grubsong","floor":49,"key":"SMITH"}],"circlet_count":1,"master_deck":["HollowMod:FocusHealStart+1","HollowMod:PogoStrike","HollowMod:ChannelNail+1","HollowMod:DungDefenderAura+1","HollowMod:Hiveblood","HollowMod:ElderbugsWisdom+1","HollowMod:GreatSlash","HollowMod:CycloneSlash","HollowMod:AwokenDreamNail+1","HollowMod:GrimmsGift+1","HollowMod:SoulSplash","HollowMod:DreamGate","HollowMod:DungDefenderAura","HollowMod:PureVessel","HollowMod:Grubsong+1","HollowMod:LifebloodCore+1","HollowMod:NewInfectedGuardian","HollowMod:BaldurShell+1","HollowMod:HuntersJournal+1","HollowMod:MothsMistake+1","HollowMod:DungDefenderAura+1","HollowMod:HornetsHelp+1","HollowMod:InfectedCysts+1","HollowMod:ChannelNail+1","Hallownest:skillCityofTearsMap+1","HollowMod:SoulMaster","HollowMod:GoodIntentions+1","HollowMod:HowlingWraiths+1","HollowMod:SoulVessel+1","HollowMod:TaintedHusks+1","downfall:Haunted"],"relics":["HollowMod:VesselMask","Hallownest:TeacherSealRelic","Hallownest:DreamNailRelic","HollowMod:MillibellesNoteRelic","Nunchaku","War Paint","HollowMod:KingsBrand","Circlet","Pandora\u0027s Box","Hallownest:StagBellRelic1","Oddly Smooth Stone","Bottled Lightning","PreservedInsect","Cursed Key","Hallownest:SoulVesselRelic","Hallownest:HeavyBlowRelic","Orichalcum","Art of War","Mango"],"acts_visited":["Hallownest:Greenpath","Hallownest:CityofTears","Hallownest:KingdomsEdge"],"potions_floor_usage":[16,16,35,36,50,50],"damage_taken":[{"damage":0,"enemies":"Hallownest:2_MossCreeps","floor":1,"turns":5},{"damage":3,"enemies":"Hallownest:monsterHuskWarrior","floor":5,"turns":4},{"damage":35,"enemies":"Hallownest:eliteMossKnight","floor":6,"turns":12},{"damage":28,"enemies":"Hallownest:eliteVengeflyKing","floor":8,"turns":20},{"damage":13,"enemies":"Hallownest:monsterHuskGuard","floor":12,"turns":7},{"damage":25,"enemies":"Hallownest:Guard_and_Warrior","floor":13,"turns":9},{"damage":25,"enemies":"Hallownest:BossHornet","floor":16,"turns":14},{"damage":39,"enemies":"Hallownest:Guard_and_Sentry","floor":18,"turns":9},{"damage":25,"enemies":"Hallownest:Flukemon_and_Top","floor":20,"turns":6},{"damage":10,"enemies":"Hallownest:monsterShrumalOgre","floor":21,"turns":6},{"damage":1,"enemies":"Hallownest:monsterMisterMushroom","floor":25,"turns":6},{"damage":39,"enemies":"Hallownest:3_Mistakes","floor":27,"turns":10},{"damage":10,"enemies":"Hallownest:2_Husk_Sentries","floor":28,"turns":7},{"damage":12,"enemies":"Hallownest:Nosk","floor":29,"turns":9},{"damage":59,"enemies":"Hallownest:BossSoulMaster","floor":33,"turns":11},{"damage":11,"enemies":"Hallownest:Shield_Heavy","floor":35,"turns":5},{"damage":10,"enemies":"Hallownest:2_Littles","floor":36,"turns":7},{"damage":9,"enemies":"Hallownest:2_Wandering_and_1_Horned","floor":39,"turns":5},{"damage":21,"enemies":"Hallownest:eliteHiveKnight","floor":40,"turns":7},{"damage":5,"enemies":"Hallownest:2_Wing_and_1_Kings","floor":42,"turns":4},{"damage":10,"enemies":"Hallownest:eliteCollector","floor":45,"turns":7},{"damage":0,"enemies":"Hallownest:Radiance","floor":50,"turns":10}],"seed_played":"2171607660378057163","potions_obtained":[{"floor":12,"key":"AttackPotion"},{"floor":13,"key":"SneckoOil"},{"floor":20,"key":"SpeedPotion"},{"floor":27,"key":"Dexterity Potion"},{"floor":33,"key":"bronze:BurnAndBuffPotion"},{"floor":36,"key":"Guardian:BlockOnCardUsePotion"},{"floor":40,"key":"sneckomod:MuddlingPotion"}],"is_trial":false,"path_per_floor":["M","?","?","?","M","E","R","E","T","R","$","M","M","?","R","B",null,"M","?","M","M","?","R","$","M","T","M","M","E","R","?","R","B",null,"M","M","?","?","M","E","R","M","T","R","E","?","R","$","R","B",null],"character_chosen":"THE_BUGKNIGHT","items_purchased":["HollowMod:KingsBrand","HollowMod:RecoilStrike","Oddly Smooth Stone"],"campfire_rested":0,"item_purchase_floors":[11,11,24],"current_hp_per_floor":[68,68,68,68,65,42,42,41,41,41,41,55,55,55,55,57,68,49,49,44,61,61,61,61,66,66,43,58,67,67,67,67,35,68,57,68,68,68,64,65,65,60,60,60,82,89,89,89,89,89],"gold":121,"neow_bonus":"TWO_FIFTY_GOLD","is_daily":false,"chose_seed":false,"campfire_upgraded":10,"win_rate":0.0,"timestamp":1612989228,"path_taken":["M","?","?","?","M","E","R","E","T","R","?","M","?","?","R","BOSS","M","?","M","M","?","R","?","M","T","M","M","E","R","?","R","BOSS","M","M","?","?","?","E","R","?","T","R","E","?","R","$","R","BOSS"],"items_purchased_type":["Relic","Card","Relic"],"build_version":"2020-12-22","purchased_purges":2,"victory":true,"max_hp_per_floor":[68,68,68,68,68,68,68,68,68,68,68,68,68,68,68,68,68,68,68,68,68,68,68,68,68,68,68,68,68,68,68,68,68,68,68,68,68,68,68,68,68,68,68,68,82,89,89,89,89,89],"card_choices":[{"not_picked":["HollowMod:SharpenedNail","HollowMod:FallenFury"],"picked":"HollowMod:ChannelNail","floor":1},{"not_picked":["HollowMod:NewLittleFool","HollowMod:GoodIntentions"],"picked":"HollowMod:DungDefenderAura","floor":5},{"not_picked":["HollowMod:AbyssShriek","HollowMod:SoulEater"],"picked":"HollowMod:Hiveblood","floor":6},{"not_picked":["HollowMod:VengefulVoid","HollowMod:VengefulSpirit"],"picked":"HollowMod:ElderbugsWisdom","floor":8},{"not_picked":["HollowMod:WraithStrike","HollowMod:VengefulVoid"],"picked":"HollowMod:GreatSlash","floor":12},{"not_picked":["HollowMod:SoulEater","HollowMod:CornifersMapStart"],"picked":"HollowMod:CycloneSlash","floor":13},{"not_picked":["HollowMod:NewInfectedGuardian","HollowMod:WhiteLadysBlessing"],"picked":"HollowMod:AwokenDreamNail","floor":16},{"not_picked":["HollowMod:SharpenedNail","HollowMod:DashSlash"],"picked":"HollowMod:BaldurShell+1","floor":18},{"not_picked":["HollowMod:GoodIntentions","HollowMod:WraithStrike"],"picked":"HollowMod:HuntersJournal+1","floor":20},{"not_picked":["HollowMod:FastStrike","HollowMod:CycloneSlash"],"picked":"HollowMod:MothsMistake","floor":21},{"not_picked":["HollowMod:NewJinnsSoul+1","HollowMod:NewLittleFool"],"picked":"HollowMod:DungDefenderAura+1","floor":25},{"not_picked":["HollowMod:GreatSlash+1","HollowMod:RecoilStrike"],"picked":"HollowMod:HornetsHelp","floor":27},{"not_picked":["HollowMod:LifebloodCocoon","HollowMod:ShadowDash+1"],"picked":"HollowMod:InfectedCysts+1","floor":28},{"not_picked":["HollowMod:GrimmsGift","HollowMod:AwokenDreamNail"],"picked":"HollowMod:ChannelNail+1","floor":29},{"not_picked":["HollowMod:NewInfectedGuardian","HollowMod:WhiteLadysBlessing"],"picked":"HollowMod:SoulMaster","floor":33},{"not_picked":["HollowMod:FastStrike","HollowMod:SoulStrike"],"picked":"HollowMod:GoodIntentions+1","floor":35},{"not_picked":["HollowMod:SiblingsSouls+1","HollowMod:SharpenedNail+1"],"picked":"HollowMod:HowlingWraiths+1","floor":36},{"not_picked":["HollowMod:HeavyBlow+1","HollowMod:SoulStrike+1"],"picked":"HollowMod:SoulVessel+1","floor":39},{"not_picked":["HollowMod:MawleksShell","HollowMod:LuriensSpire+1"],"picked":"HollowMod:TaintedHusks+1","floor":40},{"not_picked":["HollowMod:ShadowDash+1","HollowMod:LuriensSpire+1","HollowMod:InfectedCysts"],"picked":"SKIP","floor":42},{"not_picked":["HollowMod:DescendingDark+1","HollowMod:TaintedHusks","HollowMod:LifebloodCocoon+1"],"picked":"SKIP","floor":45}],"player_experience":897536,"relics_obtained":[{"floor":6,"key":"HollowMod:MillibellesNoteRelic"},{"floor":8,"key":"Nunchaku"},{"floor":9,"key":"War Paint"},{"floor":26,"key":"Bottled Lightning"},{"floor":29,"key":"PreservedInsect"},{"floor":40,"key":"Orichalcum"},{"floor":43,"key":"Art of War"},{"floor":45,"key":"Mango"}],"event_choices":[],"is_beta":false,"boss_relics":[{"not_picked":["Fusion Hammer","Black Star"],"picked":"Pandora\u0027s Box"},{"not_picked":["HollowMod:VoidIdolRelic","Sozu"],"picked":"Cursed Key"}],"items_purged_floors":[11,24],"is_endless":false,"potions_floor_spawned":[12,13,20,27,33,36,40,42],"ascension_level":1}}