{"host":"poshtwjux72eqzmy","time":1612996365,"event":{"mods":["BaseMod","Bestiary","Block Reminder","Highlight Path","Minty Spire (QoL Compilation)","Quick Restart","Relic Stats","StSLib","ojb\u0027s Info Mod"],"gold_per_floor":[117,117,131,144,154,154,182,182,206,220,220,245,245,279,279,350,350,363,363,97,112,27,27,52,52,75,110,119,150,178,228,228,308,371,400,19,82,1099,466,495,495,514,514,541,541,478,514,532,532,532,532],"floor_reached":52,"language":"ENG","playtime":4484,"items_purged":["Strike_B","Normality"],"score":1935,"play_id":"61058fbe-bd49-41e8-b8f3-87d5376fb68b","local_time":"20210211003245","is_ascension_mode":true,"campfire_choices":[{"floor":8.0,"key":"REST"},{"floor":11.0,"key":"REST"},{"data":"Streamline","floor":13.0,"key":"SMITH"},{"floor":15.0,"key":"REST"},{"data":"Apotheosis","floor":23.0,"key":"SMITH"},{"floor":28.0,"key":"REST"},{"data":"Echo Form","floor":32.0,"key":"SMITH"},{"data":"Seek","floor":41,"key":"SMITH"},{"data":"Madness","floor":49,"key":"SMITH"}],"circlet_count":0,"master_deck":["AscendersBane","Zap","Dualcast","Streamline+1","Reinforced Body","Machine Learning","Cold Snap+1","Core Surge","FTL","Genetic Algorithm","Static Discharge","Echo Form+1","Ball Lightning+1","Apotheosis+1","Beam Cell+1","Turbo","Coolheaded+1","Electrodynamics+1","Compile Driver+1","Seek+1","Gash+1","Go for the Eyes+1","Core Surge+1","Capacitor+1","Chill","Reinforced Body","Biased Cognition+1","Self Repair+1","Steam","Turbo","Normality","Swift Strike+1","Purity","Secret Weapon","Stack","Madness+1","Madness"],"relics":["Cracked Core","Ginger","Lantern","Dream Catcher","Juzu Bracelet","Strawberry","Kunai","Runic Pyramid","MutagenicStrength","Molten Egg 2","Prayer Wheel","Blood Vial","CeramicFish","Frozen Egg 2","Pandora\u0027s Box","ClockworkSouvenir","Potion Belt","WingedGreaves","Toolbox","Bronze Scales","Whetstone","Art of War","Happy Flower"],"acts_visited":["Exordium","TheCity","TheBeyond"],"potions_floor_usage":[47,50],"damage_taken":[{"damage":4.0,"enemies":"2 Louse","floor":1.0,"turns":3.0},{"damage":1.0,"enemies":"Cultist","floor":3.0,"turns":3.0},{"damage":7.0,"enemies":"Jaw Worm","floor":4.0,"turns":4.0},{"damage":0.0,"enemies":"Blue Slaver","floor":5.0,"turns":4.0},{"damage":21.0,"enemies":"Lagavulin","floor":7.0,"turns":5.0},{"damage":2.0,"enemies":"Red Slaver","floor":10.0,"turns":4.0},{"damage":23.0,"enemies":"Gremlin Nob","floor":12.0,"turns":4.0},{"damage":15.0,"enemies":"Lagavulin","floor":14.0,"turns":5.0},{"damage":14.0,"enemies":"The Guardian","floor":16.0,"turns":12.0},{"damage":2.0,"enemies":"Chosen","floor":18.0,"turns":7.0},{"damage":5.0,"enemies":"3 Byrds","floor":21.0,"turns":4.0},{"damage":29.0,"enemies":"Gremlin Leader","floor":24.0,"turns":8.0},{"damage":21.0,"enemies":"Slavers","floor":27.0,"turns":5.0},{"damage":6.0,"enemies":"Book of Stabbing","floor":29.0,"turns":4.0},{"damage":0.0,"enemies":"Cultist and Chosen","floor":30.0,"turns":6.0},{"damage":19.0,"enemies":"Automaton","floor":33.0,"turns":8.0},{"damage":0.0,"enemies":"Orb Walker","floor":35.0,"turns":4.0},{"damage":12.0,"enemies":"2 Orb Walkers","floor":37.0,"turns":5.0},{"damage":33,"enemies":"Reptomancer","floor":40,"turns":7},{"damage":0,"enemies":"3 Shapes","floor":42,"turns":5},{"damage":13,"enemies":"Giant Head","floor":47,"turns":6},{"damage":42,"enemies":"Donu and Deca","floor":50,"turns":7},{"damage":30,"enemies":"Awakened One","floor":51,"turns":13}],"seed_played":"2276053537392670883","potions_obtained":[{"floor":1.0,"key":"Block Potion"},{"floor":4.0,"key":"FearPotion"},{"floor":12.0,"key":"LiquidBronze"},{"floor":14.0,"key":"Ancient Potion"},{"floor":16.0,"key":"LiquidMemories"},{"floor":18.0,"key":"AttackPotion"},{"floor":29.0,"key":"Swift Potion"},{"floor":33.0,"key":"Block Potion"},{"floor":35.0,"key":"LiquidMemories"}],"is_trial":false,"path_per_floor":["M","?","M","M","M","?","E","R","T","M","R","E","R","E","R","B",null,"M","?","$","M","?","R","E","$","T","E","R","E","M","?","R","B",null,"M","$","?","?","$","E","R","M","T","?","?","?","E","?","R","B","B",null],"character_chosen":"DEFECT","items_purchased":["Apotheosis","ClockworkSouvenir","Potion Belt","FocusPotion","Toolbox","ColorlessPotion","Bronze Scales","PotionOfCapacity","Fire Potion"],"campfire_rested":4,"item_purchase_floors":[20,36,36,36,39,39,39,39,39],"current_hp_per_floor":[60,60,59,52,52,17,11,30,30,28,47,31,31,16,37,23,59,57,57,57,52,52,52,23,23,23,4,25,21,23,23,23,6,55,57,57,67,67,67,56,56,71,71,61,61,61,70,57,57,37,29],"gold":532,"neow_bonus":"ONE_RARE_RELIC","is_daily":false,"chose_seed":false,"campfire_upgraded":5,"win_rate":0.0,"timestamp":1612996365,"path_taken":["M","?","?","M","?","?","E","R","T","M","R","E","R","E","R","BOSS","M","?","$","M","?","R","E","?","T","E","R","E","M","?","R","BOSS","M","?","?","?","$","E","R","M","T","?","?","?","E","?","R","BOSS","BOSS"],"items_purchased_type":["Card","Relic","Relic","Potion","Relic","Potion","Relic","Potion","Potion"],"build_version":"2020-12-22","purchased_purges":2,"victory":true,"max_hp_per_floor":[64,64,64,64,64,64,64,64,64,64,64,71,71,71,71,71,71,71,71,71,71,71,71,71,71,71,71,71,71,71,71,71,71,71,71,71,71,71,71,71,71,71,71,71,71,71,71,71,71,71,71],"relic_stats":{"Happy Flower":[6],"counters":[23,133],"CeramicFish":207,"Juzu Bracelet":3,"Ginger":[18],"Whetstone":["Ball Lightning","Cold Snap"],"Blood Vial":22,"Dream Catcher":4,"Bronze Scales":[126],"Prayer Wheel":3,"Pandora\u0027s Box":["Gash","Go for the Eyes","Core Surge","Capacitor","Chill","Reinforced Body","Biased Cognition"],"Art of War":[2],"Kunai":[43],"obtain_stats":[{"Potion Belt":36,"Lantern":6,"Happy Flower":47,"CeramicFish":27,"Juzu Bracelet":9,"Ginger":0,"Whetstone":40,"Frozen Egg 2":29,"ClockworkSouvenir":36,"Blood Vial":26,"Dream Catcher":7,"Strawberry":12,"MutagenicStrength":19,"Bronze Scales":39,"Toolbox":39,"Molten Egg 2":22,"Prayer Wheel":24,"Pandora\u0027s Box":34,"WingedGreaves":37,"Art of War":46,"Kunai":14,"Cracked Core":0,"Runic Pyramid":17},{"Potion Belt":17,"Lantern":4,"Happy Flower":21,"CeramicFish":13,"Juzu Bracelet":5,"Ginger":0,"Whetstone":19,"Frozen Egg 2":14,"ClockworkSouvenir":17,"Blood Vial":12,"Dream Catcher":5,"Strawberry":7,"MutagenicStrength":10,"Bronze Scales":18,"Toolbox":18,"Molten Egg 2":11,"Prayer Wheel":12,"Pandora\u0027s Box":16,"WingedGreaves":18,"Art of War":20,"Kunai":8,"Cracked Core":0,"Runic Pyramid":9},{"Potion Belt":90,"Lantern":14,"Happy Flower":113,"CeramicFish":68,"Juzu Bracelet":19,"Ginger":0,"Whetstone":102,"Frozen Egg 2":72,"ClockworkSouvenir":90,"Blood Vial":63,"Dream Catcher":19,"Strawberry":27,"MutagenicStrength":51,"Bronze Scales":95,"Toolbox":95,"Molten Egg 2":55,"Prayer Wheel":63,"Pandora\u0027s Box":86,"WingedGreaves":95,"Art of War":107,"Kunai":32,"Cracked Core":0,"Runic Pyramid":44}]},"card_choices":[{"not_picked":["Cold Snap","Defragment"],"picked":"Streamline","floor":1.0},{"not_picked":["Leap","Coolheaded"],"picked":"Reinforced Body","floor":3.0},{"not_picked":["Reprogram","Steam"],"picked":"Chill","floor":4.0},{"not_picked":["Stack","Blizzard","Conserve Battery"],"picked":"SKIP","floor":5.0},{"not_picked":["Double Energy","Recycle","Storm"],"picked":"SKIP","floor":7.0},{"not_picked":["Conserve Battery","Leap"],"picked":"Machine Learning","floor":8.0},{"not_picked":["Turbo","Darkness"],"picked":"Cold Snap","floor":10.0},{"not_picked":["Lockon","Rip and Tear"],"picked":"Core Surge","floor":11.0},{"not_picked":["Stack","Undo"],"picked":"FTL","floor":12.0},{"not_picked":["Heatsinks","Steam Power"],"picked":"Genetic Algorithm","floor":14.0},{"not_picked":["Hello World","Redo"],"picked":"Static Discharge","floor":15.0},{"not_picked":["Electrodynamics","Rainbow"],"picked":"Echo Form","floor":16.0},{"not_picked":["Leap","Barrage"],"picked":"Ball Lightning","floor":18.0},{"not_picked":["Barrage","Reinforced Body","Ball Lightning"],"picked":"SKIP","floor":21.0},{"not_picked":["Sweeping Beam+1","Doom and Gloom+1"],"picked":"Beam Cell+1","floor":24.0},{"not_picked":["Rebound+1","Amplify"],"picked":"Turbo","floor":27.0},{"not_picked":["Scrape+1","Chill"],"picked":"Coolheaded+1","floor":28.0},{"not_picked":["Streamline+1","Conserve Battery","Redo+1"],"picked":"SKIP","floor":29.0},{"not_picked":["Coolheaded","Consume"],"picked":"Electrodynamics+1","floor":30.0},{"not_picked":["Fusion","Cold Snap+1"],"picked":"Compile Driver+1","floor":30.0},{"not_picked":["Meteor Strike+1","Hyperbeam+1"],"picked":"Seek","floor":33.0},{"not_picked":["Gash+1","Lockon+1"],"picked":"Self Repair+1","floor":35.0},{"not_picked":["Compile Driver+1","Tempest"],"picked":"Steam","floor":35.0},{"not_picked":["Doom and Gloom+1","Undo"],"picked":"Turbo","floor":37.0},{"not_picked":["Fusion","Ball Lightning+1","Genetic Algorithm"],"picked":"SKIP","floor":40},{"not_picked":["Coolheaded","Doom and Gloom+1","Undo"],"picked":"SKIP","floor":42},{"not_picked":["Leap","Force Field","Meteor Strike+1"],"picked":"SKIP","floor":42},{"not_picked":["Purity","Dramatic Entrance+1"],"picked":"Swift Strike+1","floor":44},{"not_picked":["Panacea","Bandage Up"],"picked":"Purity","floor":44},{"not_picked":["The Bomb","Dramatic Entrance+1"],"picked":"Secret Weapon","floor":44},{"not_picked":["Leap","Glacier"],"picked":"Stack","floor":47}],"player_experience":1113251,"relics_obtained":[{"floor":7.0,"key":"Dream Catcher"},{"floor":9.0,"key":"Juzu Bracelet"},{"floor":12.0,"key":"Strawberry"},{"floor":14.0,"key":"Kunai"},{"floor":24.0,"key":"Prayer Wheel"},{"floor":26.0,"key":"Blood Vial"},{"floor":27.0,"key":"CeramicFish"},{"floor":29.0,"key":"Frozen Egg 2"},{"floor":37.0,"key":"WingedGreaves"},{"floor":40,"key":"Whetstone"},{"floor":47,"key":"Happy Flower"}],"event_choices":[{"damage_healed":0.0,"max_hp_gain":0.0,"max_hp_loss":0.0,"gold_gain":0.0,"event_name":"Match and Keep!","player_choice":"0 cards matched","floor":2.0,"gold_loss":0.0,"damage_taken":0.0,"cards_obtained":[]},{"damage_healed":0.0,"max_hp_gain":0.0,"max_hp_loss":0.0,"gold_gain":0.0,"event_name":"Scrap Ooze","player_choice":"Success","floor":6.0,"gold_loss":0.0,"damage_taken":35.0,"relics_obtained":["Lantern"]},{"damage_healed":0.0,"max_hp_gain":0.0,"max_hp_loss":0.0,"gold_gain":0.0,"event_name":"Drug Dealer","player_choice":"Inject Mutagens","floor":19.0,"gold_loss":0.0,"damage_taken":0.0,"relics_obtained":["MutagenicStrength"]},{"damage_healed":0.0,"max_hp_gain":0.0,"max_hp_loss":0.0,"gold_gain":0.0,"event_name":"Addict","player_choice":"Obtained Relic","floor":22.0,"gold_loss":85.0,"damage_taken":0.0,"relics_obtained":["Molten Egg 2"]},{"damage_healed":0.0,"max_hp_gain":0.0,"max_hp_loss":0.0,"gold_gain":100.0,"event_name":"The Joust","player_choice":"Bet on Murderer","floor":31.0,"gold_loss":50.0,"damage_taken":0.0},{"damage_healed":0.0,"max_hp_gain":0.0,"max_hp_loss":0.0,"gold_gain":0.0,"event_name":"Mysterious Sphere","player_choice":"Fight","floor":37.0,"gold_loss":0.0,"damage_taken":0.0},{"damage_healed":0.0,"max_hp_gain":0.0,"max_hp_loss":0.0,"gold_gain":999.0,"event_name":"MindBloom","player_choice":"Gold","floor":38.0,"gold_loss":0.0,"damage_taken":0.0,"cards_obtained":["Normality","Normality"]},{"damage_healed":0,"gold_gain":0,"player_choice":"Memory 3","damage_taken":10,"max_hp_gain":0,"max_hp_loss":0,"event_name":"SensoryStone","floor":44,"gold_loss":0},{"cards_removed":["Chill"],"damage_healed":0,"gold_gain":0,"player_choice":"Removed Skill","damage_taken":0,"max_hp_gain":0,"max_hp_loss":0,"event_name":"Falling","floor":45,"gold_loss":0},{"damage_healed":0,"gold_gain":0,"player_choice":"Paid Gold","damage_taken":0,"relics_obtained":["Art of War"],"max_hp_gain":0,"max_hp_loss":0,"event_name":"WeMeetAgain","floor":46,"gold_loss":63},{"damage_healed":0,"gold_gain":0,"player_choice":"Embrace Madness","damage_taken":13,"max_hp_gain":0,"max_hp_loss":0,"event_name":"Winding Halls","floor":48,"gold_loss":0,"cards_obtained":["Madness","Madness"]}],"is_beta":false,"boss_relics":[{"not_picked":["Velvet Choker","Calling Bell"],"picked":"Runic Pyramid"},{"not_picked":["Inserter","Sozu"],"picked":"Pandora\u0027s Box"}],"items_purged_floors":[20,39],"is_endless":false,"potions_floor_spawned":[1,4,12,14,16,18,29,33,35],"ascension_level":20}}