{"host":"id3983dklkt9trz7","time":1612916919,"event":{"mods":["AchievementEnabler","BaseMod","Colored Map","Colored Powertips","DeckTracker","HexUI Lib","Minty Spire (QoL Compilation)","Quick Restart","StSLib"],"gold_per_floor":[113,113,113,44,65,106,106,131,155,155,176,191,191,226,226,226,226],"floor_reached":16,"language":"ENG","playtime":607,"items_purged":[],"score":165,"play_id":"a94ebf6e-cd3e-4b32-a2ec-ade02a502f7d","local_time":"20210210012839","is_ascension_mode":true,"campfire_choices":[{"data":"Barricade","floor":7,"key":"SMITH"},{"data":"Inflame","floor":10,"key":"SMITH"},{"data":"Bash","floor":13,"key":"SMITH"},{"floor":15,"key":"REST"}],"circlet_count":0,"master_deck":["AscendersBane","Strike_R","Strike_R","Strike_R","Strike_R","Defend_R","Defend_R","Defend_R","Defend_R","Bash+1","Barricade+1","Power Through","Inflame+1","Disarm","Pommel Strike","Thunderclap","Cleave","Dual Wield","Entrench"],"relics":["Burning Blood","Golden Idol","Pen Nib","Potion Belt","Ornamental Fan"],"acts_visited":["Exordium"],"potions_floor_usage":[6],"damage_taken":[{"damage":1.0,"enemies":"2 Louse","floor":1.0,"turns":3.0},{"damage":3.0,"enemies":"Jaw Worm","floor":5.0,"turns":4.0},{"damage":38,"enemies":"Lagavulin","floor":6,"turns":12},{"damage":0,"enemies":"Cultist","floor":8,"turns":3},{"damage":11,"enemies":"3 Louse","floor":11,"turns":4},{"damage":10,"enemies":"Exordium Wildlife","floor":12,"turns":3},{"damage":38,"enemies":"3 Sentries","floor":14,"turns":6},{"damage":14,"enemies":"Slime Boss","floor":16,"turns":10}],"seed_played":"1615680246136147965","potions_obtained":[{"floor":1.0,"key":"Strength Potion"},{"floor":5.0,"key":"SteroidPotion"},{"floor":12,"key":"FearPotion"}],"is_trial":false,"path_per_floor":["M","?","?","$","M","E","R","M","T","R","M","M","R","E","R","B"],"character_chosen":"IRONCLAD","items_purchased":["Inflame"],"campfire_rested":1,"item_purchase_floors":[4],"current_hp_per_floor":[77,57,80,80,80,48,48,54,54,54,49,45,45,13,37,23,23],"gold":226,"neow_bonus":"TRANSFORM_CARD","is_daily":false,"chose_seed":false,"campfire_upgraded":3,"win_rate":0.0,"timestamp":1612916919,"path_taken":["M","?","?","?","M","E","R","?","T","R","M","M","R","E","R","BOSS"],"items_purchased_type":["Card"],"build_version":"2020-12-22","purchased_purges":0,"victory":false,"max_hp_per_floor":[80,80,80,80,80,80,80,80,80,80,80,80,80,80,80,80,80],"card_choices":[{"not_picked":["Anger","Searing Blow"],"picked":"Power Through","floor":1.0},{"not_picked":["Seeing Red","Pummel"],"picked":"Disarm","floor":5.0},{"not_picked":["Blood for Blood","Burning Pact"],"picked":"Pommel Strike","floor":6},{"not_picked":["Havoc","Flex"],"picked":"Thunderclap","floor":8},{"not_picked":["Flex","Warcry"],"picked":"Cleave","floor":11},{"not_picked":["Thunderclap","Reckless Charge"],"picked":"Dual Wield","floor":12},{"not_picked":["Corruption","Limit Break"],"picked":"Entrench","floor":14}],"player_experience":343749,"relics_obtained":[{"floor":6,"key":"Pen Nib"},{"floor":9,"key":"Potion Belt"},{"floor":14,"key":"Ornamental Fan"}],"event_choices":[{"damage_healed":0.0,"max_hp_gain":0.0,"max_hp_loss":0.0,"gold_gain":0.0,"event_name":"Golden Idol","player_choice":"Take Damage","floor":2.0,"gold_loss":0.0,"damage_taken":20.0,"relics_obtained":["Golden Idol"]},{"damage_healed":26.0,"max_hp_gain":0.0,"max_hp_loss":0.0,"gold_gain":0.0,"event_name":"Big Fish","player_choice":"Banana","floor":3.0,"gold_loss":0.0,"damage_taken":0.0}],"is_beta":false,"boss_relics":[],"items_purged_floors":[],"is_endless":false,"potions_floor_spawned":[1,5,12],"killed_by":"Slime Boss","ascension_level":10}}