{"host":"mal0jdk4f6ubgyb8","time":1612945513,"event":{"mods":["100% Spire Juice","Act Like it!","Aspiration","BaseMod","Gensokyo","KinomotoSakuraMod(木之本樱)","Luminous","Marisa（F雨　魔理沙）","Minty Spire (QoL Compilation)","Quick Restart","Relic Stats","Reliquary","Remilia（蕾米莉亚）","Replay The Spire","StSLib","WarShipGirlsR/战舰少女R mod","Yakumo Yukari mod"],"gold_per_floor":[132,132,148,168,194,225,155,155,155,171,185,185,198,213,213,315,315,325,337,2,2,2,33,33,363,363,381,381,411,411,100,100,195,195,209,229,278,297,297,297,331,346,371,399,399,417,430,458,458,458,458,458,315,345,345],"floor_reached":56,"language":"ZHS","playtime":3505,"items_purged":["Shame"],"score":1591,"play_id":"dac3800f-3e34-45af-a79e-5f919376ed5d","local_time":"20210210162513","is_ascension_mode":true,"campfire_choices":[{"data":"Theboundaryofcreation_purpleEX","floor":15,"key":"SMITH"},{"data":"Apotheosis","floor":24,"key":"SMITH"},{"data":"ReplayTheSpireMod:Brewmster","floor":28,"key":"SMITH"},{"floor":32,"key":"RECALL"},{"data":"Defend_purpleEX","floor":40,"key":"SMITH"},{"data":"Defend_purpleEX","floor":45,"key":"SMITH"},{"data":"Parasite","floor":49,"key":"PURGE"},{"data":"Defend_purpleEX","floor":52,"key":"SMITH"}],"circlet_count":0,"master_deck":["Defend_purpleEX","Defend_purpleEX","Defend_purpleEX","Defend_purpleEX+4","Observe_purple_1+1","Observe_purple_2+1","DarkRealmRedLine_purple+1","Line_surface_state_purple+1","SharpContractionReality_purple+1","Theboundaryofcreation_purpleEX+1","Line_surface_state_purple+1","WorldDissolvedintheRealm_purple+1","Line_surface_state_purple+1","PositiveMatter_Antimatter_Universe_purple+1","StateErode_purple+1","ReplayTheSpireMod:Brewmster+1","Apotheosis+1","Line_surface_state_purple+1","ExternalForce_HighSpeedFlying_purple+1","Bite+1","Bite+1","Bite+1","Bite+1","Bite+1","ReplayTheSpireMod:Brewmster+1","Mirror_TwoAndThreeElementRealm_purple+1","Worldmountain_purple+1","DimensionStaggered_purple+1","PositiveMatter_Antimatter_Universe_purple+1","DistantPastFriend_purple+1","AdvanceAttack_purple+1","OmniscientAndOmnipotent_Monster_purple+1","RuleDissolution_purple+1","SharpContractionReality_purple+1"],"relics":["Boundary_crack","Memoryfragments_purpleEX","Strawberry","War Paint","reliquary:WeakTea","Simple Rune","Gensokyo:Mercy","Runic Pyramid","Toy Ornithopter","Shuriken","Old Coin","ScarletDevilRocket","DollysMirror","Bag of Preparation","SacredBark","CatCart","Replay:Kaleidoscope","Smiling Mask","Strawberry","Ginger","ReplayTheSpireMod:CursedCoin","reliquary:TuningFork"],"acts_visited":["Exordium","TheCity","TheBeyond","TheEnding"],"potions_floor_usage":[5,6,16,19,23,23,25,25,29,29,33,33,33,33,33,33,35,35,35,35,36,37,37,37,37,37,37,38,39,39,39,39,39,39,39,39,39,39,39,39,39,41,41,41,41,41,44,44,44,44,44,44,46,46,47,47,47,47,48,48,48,48,48,48,48,48,48,50,50,50,50,50,50,54,54,54,55,55,55,55,55,55,55,55,55],"damage_taken":[{"damage":2,"enemies":"Gensokyo:Python","floor":1,"turns":4},{"damage":3,"enemies":"Gensokyo:Gryphon","floor":3,"turns":4},{"damage":0,"enemies":"Gensokyo:3_Fairies","floor":4,"turns":3},{"damage":62,"enemies":"Gensokyo:Mamizou","floor":5,"turns":12},{"damage":11,"enemies":"Gensokyo:Mamizou","floor":6,"turns":9},{"damage":0,"enemies":"Gensokyo:LivingMonolith","floor":10,"turns":3},{"damage":0,"enemies":"Gensokyo:5_Fairies","floor":11,"turns":3},{"damage":0,"enemies":"Gensokyo:VengefulSpirit","floor":13,"turns":3},{"damage":0,"enemies":"Gensokyo:LivingMonolith","floor":14,"turns":2},{"damage":3,"enemies":"Gensokyo:Reimu","floor":16,"turns":6},{"damage":0,"enemies":"Shell Parasite","floor":18,"turns":6},{"damage":0,"enemies":"2 Thieves","floor":19,"turns":1},{"damage":28,"enemies":"Gremlin Leader","floor":23,"turns":5},{"damage":21,"enemies":"Slavers","floor":25,"turns":2},{"damage":0,"enemies":"Snake Plant","floor":27,"turns":4},{"damage":0,"enemies":"Book of Stabbing","floor":29,"turns":3},{"damage":33,"enemies":"Automaton","floor":33,"turns":6},{"damage":1,"enemies":"3 Shapes","floor":35,"turns":3},{"damage":12,"enemies":"Orb Walker","floor":36,"turns":4},{"damage":3,"enemies":"Orin","floor":37,"turns":7},{"damage":23,"enemies":"4 Shapes","floor":38,"turns":3},{"damage":83,"enemies":"4 Shapes","floor":39,"turns":15},{"damage":0,"enemies":"R_Hoarder","floor":41,"turns":6},{"damage":34,"enemies":"3 Darklings","floor":42,"turns":4},{"damage":0,"enemies":"Reptomancer","floor":44,"turns":3},{"damage":0,"enemies":"Writhing Mass","floor":46,"turns":4},{"damage":9,"enemies":"Jaw Worm Horde","floor":47,"turns":4},{"damage":28,"enemies":"Giant Head","floor":48,"turns":7},{"damage":45,"enemies":"Donu and Deca","floor":50,"turns":8},{"damage":0,"enemies":"Shield and Spear","floor":54,"turns":3},{"damage":79,"enemies":"The Heart","floor":55,"turns":5}],"seed_played":"1568413556892522812","potions_obtained":[{"floor":4,"key":"Swift Potion"},{"floor":5,"key":"BlessingOfTheForge"},{"floor":10,"key":"Swift Potion"},{"floor":11,"key":"SteroidPotion"},{"floor":14,"key":"Flashbang"},{"floor":18,"key":"Explosive Potion"},{"floor":25,"key":"Explosive Potion"},{"floor":44,"key":"Milkshake"},{"floor":46,"key":"Strength Potion"},{"floor":48,"key":"Fire Potion"},{"floor":54,"key":"PanachePotion"}],"is_trial":false,"path_per_floor":["M","?","M","M","?","E","?","?","T","M","M","?","M","M","R","B",null,"M","M","$","?","?","E","R","E","T","M","R","E","?","$","R","B",null,"M","M","?","M","?","R","E","M","T","E","R","M","M","E","R","B",null,"R","$","E","B",null],"character_chosen":"Youkari","items_purchased":["ReplayTheSpireMod:Brewmster","Toy Ornithopter","DollysMirror","Bag of Preparation","ReplayTheSpireMod:CursedCoin","reliquary:TuningFork","SkillPotion","Fire Potion"],"campfire_rested":0,"item_purchase_floors":[20,20,31,31,53,53,53,53],"current_hp_per_floor":[70,67,68,70,13,2,2,10,10,12,12,12,14,16,16,13,77,77,77,77,77,77,55,55,45,45,54,54,73,53,53,53,45,53,53,48,53,53,53,53,53,31,31,60,60,60,60,60,57,53,57,57,57,57,57],"gold":345,"neow_bonus":"UPGRADE_CARD","is_daily":false,"chose_seed":false,"campfire_upgraded":6,"win_rate":0.0,"timestamp":1612945513,"path_taken":["M","?","M","M","?","E","?","?","T","M","?","?","M","M","R","BOSS","M","M","$","?","?","E","R","E","T","?","R","E","?","?","R","BOSS","M","M","?","M","?","R","E","M","T","E","R","M","M","E","R","BOSS","R","$","E","BOSS"],"items_purchased_type":["Card","Relic","Relic","Relic","Relic","Relic","Potion","Potion"],"build_version":"2020-12-22","purchased_purges":1,"victory":true,"max_hp_per_floor":[70,77,77,77,77,77,77,77,77,77,77,77,77,77,77,77,77,77,77,77,77,77,77,77,77,77,77,77,77,53,53,53,53,53,53,53,53,53,53,53,53,53,53,60,60,60,60,60,57,57,57,57,57,57,57],"relic_stats":{"counters":[31,152],"Shuriken":[55],"Bag of Preparation":[30],"Ginger":[2],"War Paint":["Defend_purpleEX","Line_surface_state_purple"],"Smiling Mask":25,"obtain_stats":[{"ScarletDevilRocket":29,"ReplayTheSpireMod:CursedCoin":53,"SacredBark":34,"Bag of Preparation":31,"Boundary_crack":0,"reliquary:WeakTea":6,"Replay:Kaleidoscope":41,"Ginger":48,"War Paint":5,"Smiling Mask":43,"Old Coin":25,"Gensokyo:Mercy":12,"Shuriken":23,"DollysMirror":31,"Strawberry":2,"Simple Rune":9,"reliquary:TuningFork":53,"CatCart":37,"Toy Ornithopter":20,"Memoryfragments_purpleEX":0,"Runic Pyramid":17},{"ScarletDevilRocket":16,"ReplayTheSpireMod:CursedCoin":29,"SacredBark":17,"Bag of Preparation":16,"Boundary_crack":0,"reliquary:WeakTea":5,"Replay:Kaleidoscope":23,"Ginger":28,"War Paint":4,"Smiling Mask":24,"Old Coin":14,"Gensokyo:Mercy":7,"Shuriken":13,"DollysMirror":16,"Strawberry":1,"Simple Rune":5,"reliquary:TuningFork":29,"CatCart":20,"Toy Ornithopter":12,"Memoryfragments_purpleEX":0,"Runic Pyramid":10},{"ScarletDevilRocket":70,"ReplayTheSpireMod:CursedCoin":144,"SacredBark":76,"Bag of Preparation":70,"Boundary_crack":0,"reliquary:WeakTea":32,"Replay:Kaleidoscope":114,"Ginger":136,"War Paint":23,"Smiling Mask":118,"Old Coin":63,"Gensokyo:Mercy":38,"Shuriken":61,"DollysMirror":70,"Strawberry":4,"Simple Rune":32,"reliquary:TuningFork":144,"CatCart":90,"Toy Ornithopter":56,"Memoryfragments_purpleEX":0,"Runic Pyramid":49}],"Toy Ornithopter":150},"card_choices":[{"not_picked":["Charmbait_purple","ButterflyHabitatTemple_purple"],"picked":"Worldmountain_purple","floor":1},{"not_picked":["DimensionStaggered_purple","Shallow_ocean_purpleEX"],"picked":"DarkRealmRedLine_purple","floor":3},{"not_picked":["StretchesForeverDream_purple","Bait_HighSpeedFlying_purple"],"picked":"Line_surface_state_purple","floor":4},{"not_picked":["MetroBOOM_purple","WingOfChimera_purple"],"picked":"SharpContractionReality_purple","floor":5},{"not_picked":["Realm_recovery_purpleEX","Mirror_FormAndEmptin_purple"],"picked":"Theboundaryofcreation_purpleEX","floor":6},{"not_picked":["RuptureOfTimeAndSpace_purple","RuleDissolution_purple","Boundary_of_Extermination_purpleEX"],"picked":"SKIP","floor":10},{"not_picked":["Boundary_of_Extermination_purpleEX","MetroBOOM_purple"],"picked":"Line_surface_state_purple","floor":11},{"not_picked":["Umbrella_purple","StateDuplicate_purple"],"picked":"WorldDissolvedintheRealm_purple","floor":13},{"not_picked":["Bait_Toxicbait_purple","RuleDissolution_purple"],"picked":"Line_surface_state_purple","floor":14},{"not_picked":["Charmbait_purple+1","EighthInstrument_OneDividesIntoTwo_purple"],"picked":"PositiveMatter_Antimatter_Universe_purple","floor":18},{"not_picked":["OpenedBox_purple","Mirror_FormAndEmptin_purple+1"],"picked":"StateErode_purple","floor":19},{"not_picked":["Realm_recovery_purpleEX+1","EighthInstrument_OneDividesIntoTwo_purple+1"],"picked":"Line_surface_state_purple+1","floor":23},{"not_picked":["D_absorption_purple","Extrememeaning_purpleEX"],"picked":"ExternalForce_HighSpeedFlying_purple+1","floor":25},{"not_picked":["Charmbait_purple","Boundary_of_Extermination_purpleEX","StateDuplicate_purple"],"picked":"SKIP","floor":27},{"not_picked":["SfantasyHide_purple+1","StateDuplicate_purple+1","EighthInstrument_OneDividesIntoTwo_purple"],"picked":"SKIP","floor":29},{"not_picked":["D_absorption_purple","GluttonyofRealm_purpleEX"],"picked":"Mirror_TwoAndThreeElementRealm_purple","floor":33},{"not_picked":["RuleDissolution_purple","Mirror_Drifter_purple+1","AdvanceAttack_purple"],"picked":"SKIP","floor":35},{"not_picked":["Photoelasticity_Doppler_Effect_purple+1","Umbrella_purple"],"picked":"Worldmountain_purple+1","floor":36},{"not_picked":["Line_surface_state_purple","Extrememeaning_purpleEX"],"picked":"DimensionStaggered_purple+1","floor":37},{"not_picked":["ButterflyHabitatTemple_purple+1","ExternalForce_HighSpeedFlying_purple"],"picked":"PositiveMatter_Antimatter_Universe_purple+1","floor":38},{"not_picked":["OmniscientAndOmnipotent_Monster_purple","Umbrella_purple+1"],"picked":"AdvanceAttack_purple+1","floor":41},{"not_picked":["Erosivefilter_purple","Price_of_realm_purpleEX"],"picked":"OmniscientAndOmnipotent_Monster_purple+1","floor":42},{"not_picked":["SfantasyHide_purple","Mirror_FormAndEmptin_purple+1"],"picked":"RuleDissolution_purple+1","floor":44},{"not_picked":["StretchesForeverDream_purple","Mirror_FormAndEmptin_purple+1","ExistenceContinue_purple"],"picked":"SKIP","floor":46},{"not_picked":["ButterflyHabitatTemple_purple","PurpleNeedle_purple"],"picked":"SharpContractionReality_purple+1","floor":47},{"not_picked":["Boundary_DreamRealityDamnation_purple","Bait_Toxicbait_purple","Extrememeaning_purpleEX+1"],"picked":"SKIP","floor":48},{"not_picked":["Worldmountain_purple+1","Bait_HighSpeedFlying_purple","ExistenceContinue_purple"],"picked":"SKIP","floor":54}],"player_experience":306290,"relics_obtained":[{"floor":5,"key":"War Paint"},{"floor":6,"key":"reliquary:WeakTea"},{"floor":9,"key":"Simple Rune"},{"floor":23,"key":"Shuriken"},{"floor":25,"key":"Old Coin"},{"floor":29,"key":"ScarletDevilRocket"},{"floor":37,"key":"CatCart"},{"floor":41,"key":"Replay:Kaleidoscope"},{"floor":43,"key":"Smiling Mask"},{"floor":44,"key":"Strawberry"},{"floor":48,"key":"Ginger"}],"event_choices":[{"damage_healed":0,"gold_gain":0,"player_choice":"Became a vampire","damage_taken":0,"max_hp_gain":0,"max_hp_loss":24,"event_name":"Vampires","floor":30,"gold_loss":0,"cards_obtained":["Bite","Bite","Bite","Bite","Bite"]},{"damage_healed":0,"gold_gain":0,"player_choice":"Fight","damage_taken":0,"max_hp_gain":0,"max_hp_loss":0,"event_name":"OrinTheCat","floor":37,"gold_loss":0}],"is_beta":false,"boss_relics":[{"not_picked":["Ectoplasm","aspiration:RitualDagger"],"picked":"Runic Pyramid"},{"not_picked":["Cursed Key","aspiration:WatcherSkillbook"],"picked":"SacredBark"}],"items_purged_floors":[53],"is_endless":false,"potions_floor_spawned":[4,5,10,11,14,18,25,27,36,42,44,46,48,54],"ascension_level":3}}