{"host":"fnndj664xgd3vavt","time":1612979525,"event":{"mods":["AchievementEnabler","BaseMod","Colored Powertips","DeckTracker","Downfall","Highlight Path","Infinite Spire","Marisa????????","Minty Spire (QoL Compilation)","Quick Restart","Random Character Button","Replay The Spire","StSLib","The Servant 0.9.4"],"gold_per_floor":[99,116,128,142,142,153,153,153,153,153,166,177,204,19,30,135,135,135,149,149,159,176,176,203,203,203,228,258,282,288,288,288],"floor_reached":30,"language":"ENG","playtime":1356,"items_purged":[],"score":254,"play_id":"0808de94-26eb-4ccf-b486-25d4ec04977b","local_time":"20210210125205","is_ascension_mode":false,"campfire_choices":[{"floor":1,"key":"DIG"},{"data":"Slimebound:SplitSpecialist","floor":9,"key":"SMITH"},{"data":"Slimebound:Darklings","floor":18,"key":"SMITH"},{"data":"expansioncontent:QuickStudy","floor":23,"key":"SMITH"},{"data":"Slimebound:MassRepurpose","floor":26,"key":"SMITH"}],"circlet_count":0,"master_deck":["Slimebound:Strike_Slimebound","Slimebound:Strike_Slimebound","Slimebound:Tackle","Slimebound:Defend_Slimebound","Slimebound:Defend_Slimebound","Slimebound:Defend_Slimebound","Slimebound:Defend_Slimebound","Slimebound:Split","Slimebound:CorrosiveSpit","Slimebound:LeechLife","Slimebound:SplitSpecialist+1","Slimebound:SplitSpecialist+1","Slimebound:AcidTongue","Slimebound:TongueLash","Slimebound:SplitSpecialist","Slimebound:SlimeSpikes","Slimebound:SpikyOuterGoop","Slimebound:MassRepurpose+1","expansioncontent:QuickStudy+1","Slimebound:RainOfGoop","Slimebound:Darklings+1","Slimebound:SamplingLick","RitualDagger+1","Slimebound:SplitLeeching","Doubt","Slimebound:MegaLick","Slimebound:TongueLash","Slimebound:SplitAcid+1"],"relics":["Slimebound:AbsorbEndCombat","Shuriken","infinitespire:CheckeredPen","WarpedTongs","Happy Flower","Cursed Key","Replay:Bandana","infinitespire:Broken Mirror"],"acts_visited":["Exordium","TheCity"],"potions_floor_usage":[16,16,30],"damage_taken":[{"damage":12,"enemies":"Jaw Worm","floor":2,"turns":3},{"damage":11,"enemies":"2 Louse","floor":3,"turns":3},{"damage":2,"enemies":"Small Slimes","floor":4,"turns":4},{"damage":2,"enemies":"Red Slaver","floor":6,"turns":5},{"damage":12,"enemies":"2 Fungi Beasts","floor":11,"turns":4},{"damage":15,"enemies":"Blue Slaver","floor":12,"turns":4},{"damage":31,"enemies":"Gremlin Nob","floor":13,"turns":5},{"damage":5,"enemies":"downfall:FleeingMerchant","floor":14,"turns":4},{"damage":10,"enemies":"2 Fungi Beasts","floor":15,"turns":3},{"damage":6,"enemies":"SI_SHIV_ARCHETYPE","floor":16,"turns":5},{"damage":8,"enemies":"3 Byrds","floor":19,"turns":3},{"damage":4,"enemies":"Chosen","floor":21,"turns":3},{"damage":28,"enemies":"Shelled Parasite and Fungi","floor":22,"turns":6},{"damage":12,"enemies":"Centurion and Healer","floor":27,"turns":5},{"damage":46,"enemies":"Slavers","floor":28,"turns":5},{"damage":14,"enemies":"3 Cultists","floor":29,"turns":3},{"damage":12,"enemies":"DF_ARCHETYPE_STREAMLINE","floor":30,"turns":3}],"seed_played":"-4137637800029842806","potions_obtained":[{"floor":2,"key":"Energy Potion"},{"floor":3,"key":"hexamod:SoulburnPotion"},{"floor":11,"key":"Energy Potion"},{"floor":13,"key":"BlessingOfTheForge"},{"floor":20,"key":"CultistPotion"},{"floor":28,"key":"Doom Potion"},{"floor":29,"key":"PowerPotion"}],"is_trial":false,"path_per_floor":["R","M","M","M","?","M","T","?","R","?","M","M","E","$","M","B",null,"R","M","?","M","M","R","T","?","R","M","E","M","?"],"character_chosen":"SLIMEBOUND","items_purchased":["expansioncontent:QuickStudy"],"campfire_rested":0,"item_purchase_floors":[14],"current_hp_per_floor":[65,53,50,50,50,58,58,58,58,58,46,33,13,18,8,14,65,65,57,57,65,63,63,63,63,63,55,17,9,0,0,0],"gold":288,"neow_bonus":"ONE_RANDOM_RARE_CARD","is_daily":false,"chose_seed":false,"campfire_upgraded":4,"win_rate":0.0,"timestamp":1612979525,"path_taken":["R","M","M","M","?","M","T","?","R","?","M","M","E","$","M","BOSS","R","M","?","M","M","R","T","?","R","M","E","?","?"],"items_purchased_type":["Card"],"build_version":"2020-12-22","purchased_purges":0,"victory":false,"max_hp_per_floor":[65,65,65,65,65,65,65,65,65,65,65,65,65,65,65,65,65,65,65,65,65,65,65,65,65,65,65,65,65,65,65,65],"card_choices":[{"not_picked":["Slimebound:Chomp","Slimebound:SamplingLick"],"picked":"Slimebound:SplitSpecialist","floor":2},{"not_picked":["Slimebound:LeechingTouch","Slimebound:FinishingTackle"],"picked":"Slimebound:SplitSpecialist","floor":3},{"not_picked":["Slimebound:SlimeSpikes","Slimebound:FlameTackle"],"picked":"Slimebound:AcidTongue","floor":4},{"not_picked":["Slimebound:SplitBruiser","Slimebound:ItLooksTasty"],"picked":"Slimebound:TongueLash","floor":6},{"not_picked":["Slimebound:GrowthPunch","Slimebound:Prepare"],"picked":"Slimebound:SplitSpecialist","floor":11},{"not_picked":["Slimebound:ComboTackle","Slimebound:AcidTongue"],"picked":"Slimebound:SlimeSpikes","floor":12},{"not_picked":["Slimebound:RollThrough","Slimebound:MassFeed"],"picked":"Slimebound:SpikyOuterGoop","floor":13},{"not_picked":["Slimebound:Equalize","Slimebound:Repurpose"],"picked":"Slimebound:MassRepurpose","floor":14},{"not_picked":["Slimebound:RejuvenatingLick","Slimebound:Grow"],"picked":"Slimebound:RainOfGoop","floor":15},{"not_picked":["Slimebound:LeechLife","Slimebound:Teamwork"],"picked":"Slimebound:Darklings","floor":16},{"not_picked":["Slimebound:LivingWall","Slimebound:SplitSpecialist"],"picked":"Slimebound:SamplingLick","floor":19},{"not_picked":["Slimebound:FormOfPuddle+1","Slimebound:AcidTongue","Slimebound:RollThrough+1"],"picked":"SKIP","floor":21},{"not_picked":["Slimebound:SplitBruiser","Slimebound:GoopTackle+1"],"picked":"Slimebound:SplitLeeching","floor":22},{"not_picked":["Slimebound:Dissolve+1","Slimebound:ComboTackle"],"picked":"Slimebound:MegaLick","floor":27},{"not_picked":["Slimebound:SpikyOuterGoop","Slimebound:ProtectTheBoss"],"picked":"Slimebound:TongueLash","floor":28},{"not_picked":["Slimebound:LivingWall","Slimebound:TongueLash"],"picked":"Slimebound:SplitAcid+1","floor":29}],"player_experience":280971,"relics_obtained":[{"floor":1,"key":"Shuriken"},{"floor":7,"key":"infinitespire:CheckeredPen"},{"floor":13,"key":"Happy Flower"},{"floor":24,"key":"Replay:Bandana"},{"floor":28,"key":"infinitespire:Broken Mirror"}],"event_choices":[{"damage_healed":0,"gold_gain":0,"player_choice":"Rummage","damage_taken":0,"relics_obtained":["WarpedTongs"],"max_hp_gain":0,"max_hp_loss":0,"event_name":"Accursed Blacksmith","floor":10,"gold_loss":0,"cards_obtained":["Pain"]}],"is_beta":false,"boss_relics":[{"not_picked":["SlaversCollar","Empty Cage"],"picked":"Cursed Key"}],"items_purged_floors":[],"is_endless":false,"potions_floor_spawned":[2,3,11,13,15,28,29],"killed_by":"DF_ARCHETYPE_STREAMLINE","ascension_level":0}}