{"host":"juvwyqk4ifq614bf","time":1612997199,"event":{"mods":["2.2 Compatiblity","Act Like it!","BaseMod","Better Altar","Better Match","Better Note","Better Sensory Stone","Better Third Choice","ChefMod","Conspire","Ekko","Friendly Minions","GifTheSpireLib","Hubris","Infinite Spire","Minty Spire (QoL Compilation)","Mirrors Mod","Replay The Spire","StSLib","Stuff the Spire","The Alterego","TheVelvet"],"gold_per_floor":[116,139,139,114,114,147,147,73,98,131,131,143,160,174,174,276,276,288,307,324,91,110,136,136,136,136,136,136],"floor_reached":27,"language":"ENG","playtime":2526,"items_purged":[],"score":266,"play_id":"c76bf871-3d79-45e3-bad1-cdd60fe74f62","local_time":"20210210234639","is_ascension_mode":false,"campfire_choices":[{"data":"chefmod:TodaysSpecial","floor":7,"key":"SMITH"},{"data":"chefmod:Puree","floor":11,"key":"SMITH"},{"data":"chefmod:Escargot","floor":15,"key":"SMITH"},{"floor":24,"key":"REST"}],"circlet_count":0,"master_deck":["chefmod:Strike","chefmod:Strike","chefmod:Strike","chefmod:Strike","chefmod:QuickThaw","chefmod:Defend","chefmod:Defend","chefmod:Defend","chefmod:Defend","chefmod:TodaysSpecial+1","chefmod:ColdSteel","chefmod:VegetableTart","chefmod:Puree+1","chefmod:FreezeSolid","chefmod:FryPan","chefmod:Escargot+1","chefmod:SushiPlatter","hubris:Gluttony","alterego_mod:BrynhildrsRune","chefmod:TwoForOne","Enlightenment","infinitespire:DeathsTouch","chefmod:Granita+1","chefmod:FiveAlarmChili+1","Purity","chefmod:Fillet+1","chefmod:FireUp"],"relics":["chefmod:TrustyPot","Toy Ornithopter","Potion Belt","hubris:SlimyHat","infinitespire:FocusingShard","ReplayTheSpireMod:SealedPack","chefmod:CookieJar","Bottled Flame","hubris:SphereOfDissonance"],"acts_visited":["Exordium","TheCity"],"potions_floor_usage":[20,22,22,27,27],"damage_taken":[{"damage":1,"enemies":"Cultist","floor":1,"turns":4},{"damage":29,"enemies":"3 Sentries","floor":6,"turns":11},{"damage":0,"enemies":"Replay:BlueRogue","floor":10,"turns":7},{"damage":0,"enemies":"2 Louse","floor":12,"turns":2},{"damage":0,"enemies":"Small Slimes","floor":13,"turns":3},{"damage":3,"enemies":"Gremlin Gang","floor":14,"turns":6},{"damage":33,"enemies":"Slime Boss","floor":16,"turns":13},{"damage":0,"enemies":"Spheric Guardian","floor":18,"turns":3},{"damage":5,"enemies":"conspire:FuzzyDice","floor":19,"turns":5},{"damage":8,"enemies":"Snake Plant","floor":20,"turns":5},{"damage":24,"enemies":"Shelled Parasite and Fungi","floor":22,"turns":7},{"damage":58,"enemies":"conspire:SneckoGhost","floor":23,"turns":13},{"damage":99,"enemies":"Book of Stabbing","floor":27,"turns":10}],"seed_played":"3625769048359003424","potions_obtained":[{"floor":6,"key":"GamblersBrew"},{"floor":10,"key":"EssenceOfSteel"},{"floor":12,"key":"SpeedPotion"},{"floor":19,"key":"PowerPotion"},{"floor":23,"key":"GamblersBrew"}],"is_trial":false,"path_per_floor":["M","T","?","$","?","E","R","$","T","E","R","M","M","M","R","B",null,"M","M","M","$","M","E","R","?","T","E"],"character_chosen":"THE_CHEF","items_purchased":["chefmod:ColdSteel","chefmod:Puree","chefmod:CookieJar","Purity"],"campfire_rested":1,"item_purchase_floors":[4,8,21,21],"current_hp_per_floor":[75,75,75,75,75,46,46,46,46,46,46,46,46,43,43,10,76,76,71,75,75,64,13,35,86,86,0,0],"gold":136,"neow_bonus":"RANDOM_EVENT","is_daily":false,"chose_seed":false,"campfire_upgraded":3,"win_rate":0.0,"timestamp":1612997199,"path_taken":["M","?","?","$","?","E","R","$","T","E","R","?","?","M","R","BOSS","M","M","?","$","M","E","R","?","T","E"],"items_purchased_type":["Card","Card","Relic","Card"],"build_version":"2020-12-22","purchased_purges":0,"victory":false,"max_hp_per_floor":[76,76,76,76,76,76,76,76,76,76,76,76,76,76,76,76,76,76,76,76,76,76,76,76,86,86,86,86],"card_choices":[{"not_picked":["chefmod:Sorbet","chefmod:ColdSteel"],"picked":"chefmod:DeepFreeze","floor":1},{"not_picked":["chefmod:PrepCook","chefmod:LocoMoco"],"picked":"chefmod:VegetableTart","floor":6},{"not_picked":["chefmod:SaveForLater","chefmod:VegetableTart"],"picked":"chefmod:FreezeSolid","floor":10},{"not_picked":["chefmod:Defrost","chefmod:VegetableTart"],"picked":"chefmod:FryPan","floor":12},{"not_picked":["chefmod:SliceAndDice","chefmod:DeathByChocolate"],"picked":"chefmod:Escargot","floor":13},{"not_picked":["chefmod:DinoKale","chefmod:BaoBuns","chefmod:Gelato"],"picked":"SKIP","floor":14},{"not_picked":["chefmod:DeathByChocolate","chefmod:Canape"],"picked":"chefmod:SushiPlatter","floor":16},{"not_picked":["hubris:MerchantsHand","Bash"],"picked":"alterego_mod:BrynhildrsRune","floor":17},{"not_picked":["chefmod:SushiPlatter","chefmod:Canape"],"picked":"chefmod:TwoForOne","floor":17},{"not_picked":["ReplayTheSpireMod:Trickstab","PanicButton"],"picked":"Enlightenment","floor":17},{"not_picked":["ReplayTheSpireMod:??????????????????????","infinitespire:Execution"],"picked":"infinitespire:DeathsTouch","floor":17},{"not_picked":["chefmod:Fillet","chefmod:Canape","chefmod:ZaruSoba"],"picked":"SKIP","floor":18},{"not_picked":["chefmod:SpaghettiCarbonara","chefmod:Gelato"],"picked":"chefmod:Granita+1","floor":19},{"not_picked":["chefmod:Chop","chefmod:SpaghettiCarbonara"],"picked":"chefmod:FiveAlarmChili+1","floor":20},{"not_picked":["chefmod:FreezeSolid","chefmod:VegetableTart"],"picked":"chefmod:Fillet+1","floor":22},{"not_picked":["chefmod:FrozenTuna","chefmod:Defrost"],"picked":"chefmod:FireUp","floor":23}],"player_experience":240648,"relics_obtained":[{"floor":2,"key":"Potion Belt"},{"floor":6,"key":"hubris:SlimyHat"},{"floor":10,"key":"infinitespire:FocusingShard"},{"floor":23,"key":"Bottled Flame"},{"floor":26,"key":"hubris:SphereOfDissonance"}],"event_choices":[{"damage_healed":0,"gold_gain":0,"player_choice":"Box","damage_taken":0,"relics_obtained":["Toy Ornithopter"],"max_hp_gain":0,"max_hp_loss":0,"event_name":"Big Fish","floor":0,"gold_loss":0,"cards_obtained":["Regret"]},{"cards_removed":["Regret"],"damage_healed":0,"gold_gain":0,"player_choice":"Forget","damage_taken":0,"max_hp_gain":0,"max_hp_loss":0,"event_name":"Living Wall","floor":3,"gold_loss":0},{"damage_healed":0,"gold_gain":0,"player_choice":"Forge","damage_taken":0,"max_hp_gain":0,"max_hp_loss":0,"event_name":"Accursed Blacksmith","floor":5,"gold_loss":0,"cards_upgraded":["chefmod:DeepFreeze"]},{"cards_removed":["chefmod:DeepFreeze"],"damage_healed":41,"gold_gain":0,"player_choice":"Offered Rare","damage_taken":0,"max_hp_gain":10,"max_hp_loss":0,"event_name":"Bonfire Elementals","floor":25,"gold_loss":0}],"is_beta":false,"boss_relics":[{"not_picked":["Velvet Choker","hubris:GrandSneckoEye"],"picked":"ReplayTheSpireMod:SealedPack"}],"items_purged_floors":[],"is_endless":false,"potions_floor_spawned":[6,10,12,19,23],"killed_by":"Book of Stabbing","ascension_level":0}}