{"host":"vxp84kvh2mp2zn27","time":1612923609,"event":{"mods":["A Magickal Journey","AchievementEnabler","Aspiration","Astrologer","Bard","BaseMod","Bestiary","Better Third Choice","BetterRewards","Card Forge","Challenge The Spire","Chen","Colored Map","Colored Powertips","Conspire","Duelist Mod","Friendly Minions","FutureSeer","Glutton Mod","Googly Eyes","Halation","Hero for Fun","Highlight Path","HornydragonMod","Hubris","Hunter ??","Infinite Spire","Jedi Mod","Kiyohime????","KomeijiMod","Mad Scientist","Magitek Elite","Marisa????????","Mimic Mod","Minty Spire (QoL Compilation)","Prisma Mod","Quick Restart","Reimu??????","Reliquary","Replay The Spire","Shop Mod","Somnambulant","Spikes Relics","StSLib","The Animator","The Blackbeard","The Bladedancer","The Blue Laboratory","The Bug Knight","The Cursed","The Druid","The Elementalist","The Florist","The Gatherer","The Hayseed","The Juggle","The Jungle","The Marked","The Mystic","The Necromancer","The Poker Player","The Problem Sleuth","The Runesmith","The Servant 0.9.4","The Wild Card","Yohane!","Youmu??????","Yuri Mod"],"gold_per_floor":[113,123,135,152,168,168,168,187,187,206,206,232,232,39,39,39,39],"floor_reached":16,"language":"FRA","playtime":1239,"items_purged":[],"score":104,"play_id":"c1cf9d43-9151-4209-9d10-ca29383149c1","local_time":"20210210032009","is_ascension_mode":false,"campfire_choices":[{"data":"Reaper","floor":6,"key":"SMITH"},{"data":"Sentinel","floor":11,"key":"SMITH"},{"floor":13,"key":"REST"},{"floor":15,"key":"REST"}],"circlet_count":0,"master_deck":["Strike_R","Strike_R","Strike_R","Strike_R","Strike_R","Defend_R","Defend_R","Defend_R","Defend_R","Bash","ReplayTheSpireMod:Strike From Hell","Perfected Strike","ReplayTheSpireMod:Stacked","Reaper+1","Infernal Blade","Defy Death","Sentinel+1","Clothesline","jedi:LeechingStrike"],"relics":["Burning Blood","Hammer of Thor","Seething Fire","Anvil of the Gods","aspiration:DSix","halation:BlueSoulGem","halation:PrussianBluePaint"],"acts_visited":["Exordium"],"potions_floor_usage":[12,12],"damage_taken":[{"damage":14,"enemies":"Jaw Worm","floor":1,"turns":5},{"damage":12,"enemies":"2 Louse","floor":2,"turns":4},{"damage":6,"enemies":"Cultist","floor":3,"turns":4},{"damage":9,"enemies":"Exordium Wildlife","floor":4,"turns":3},{"damage":2,"enemies":"2 Fungi Beasts","floor":5,"turns":4},{"damage":1,"enemies":"3 Louse","floor":8,"turns":3},{"damage":14,"enemies":"Blue Slaver","floor":10,"turns":3},{"damage":87,"enemies":"Gremlin Nob","floor":12,"turns":7},{"damage":77,"enemies":"Hexaghost","floor":16,"turns":11}],"seed_played":"-8343531800270542476","potions_obtained":[{"floor":2,"key":"Dexterity Potion"},{"floor":4,"key":"BloodPotion"}],"is_trial":false,"path_per_floor":["M","M","M","M","M","R","?","M","T","M","R","E","R","$","R","B"],"character_chosen":"IRONCLAD","items_purchased":["jedi:LeechingStrike"],"campfire_rested":2,"item_purchase_floors":[14],"current_hp_per_floor":[72,66,66,63,75,75,75,80,80,75,75,15,39,39,63,0,0],"gold":39,"neow_bonus":"DSIX","is_daily":false,"chose_seed":false,"campfire_upgraded":2,"win_rate":0.0,"timestamp":1612923609,"path_taken":["M","M","M","M","M","R","?","M","T","M","R","E","R","$","R","BOSS"],"items_purchased_type":["Card"],"build_version":"2020-12-22","purchased_purges":0,"victory":false,"max_hp_per_floor":[80,80,80,80,80,80,80,80,80,80,80,80,80,80,80,80,80],"card_choices":[{"not_picked":["Run Through","Havoc"],"picked":"ReplayTheSpireMod:Strike From Hell","floor":1},{"not_picked":["Headbutt","Dark Embrace"],"picked":"Perfected Strike","floor":2},{"not_picked":["Headbutt","Heavy Blade"],"picked":"ReplayTheSpireMod:Stacked","floor":3},{"not_picked":["BarbarianYell","Heavy Blade"],"picked":"Reaper","floor":4},{"not_picked":["hubris:CleavingFinish","conspire:Charge"],"picked":"Infernal Blade","floor":5},{"not_picked":["Havoc","Shrug It Off"],"picked":"Defy Death","floor":8},{"not_picked":["Flex","conspire:HitWhereItHurts"],"picked":"Sentinel","floor":10},{"not_picked":["Rupture","Demon Form"],"picked":"Clothesline","floor":12}],"player_experience":224011,"relics_obtained":[{"floor":12,"key":"halation:PrussianBluePaint"}],"event_choices":[],"is_beta":false,"boss_relics":[],"items_purged_floors":[],"is_endless":false,"potions_floor_spawned":[2,4],"killed_by":"Hexaghost","ascension_level":0}}