{"host":"gtkw0hh8g0porc44","time":1612983726,"event":{"mods":["AchievementEnabler","BaseMod","BetterRewards","Colored Map","Colored Powertips","DeckTracker","Highlight Path","Minty Spire (QoL Compilation)","Relic Stats","StSLib","Synergy Search"],"gold_per_floor":[114,129,147,102,118,118,129,158,158,158,108,135,135,155,155,250,250,267,366,326,338,185,185,203,238,265,291,291,291,324,335,335,335,335],"floor_reached":33,"language":"ENG","playtime":2761,"items_purged":[],"score":357,"play_id":"7ffd8cc3-49b0-4b12-acd1-48a3e8a9bc0d","local_time":"20210210140206","is_ascension_mode":true,"campfire_choices":[{"data":"Heavy Blade","floor":6,"key":"SMITH"},{"floor":10,"key":"REST"},{"floor":13,"key":"REST"},{"data":"Pummel","floor":15,"key":"SMITH"},{"floor":23,"key":"REST"},{"floor":29,"key":"REST"},{"data":"Seeing Red","floor":32,"key":"SMITH"}],"circlet_count":0,"master_deck":["Strike_R","Strike_R","Strike_R","Strike_R","Strike_R","Defend_R","Defend_R+1","Defend_R","Bash","Heavy Blade+1","Pummel+1","Seeing Red+1","Sword Boomerang+1","Flex+1","Offering+1","Havoc+1","Twin Strike","Havoc+1","Havoc+1","Dropkick","Reckless Charge"],"relics":["Burning Blood","NeowsBlessing","Toxic Egg 2","InkBottle","Kunai","Runic Cube","PreservedInsect","Sundial","Omamori","Meat on the Bone","Juzu Bracelet"],"acts_visited":["Exordium","TheCity"],"potions_floor_usage":[8,16,27,31,31],"damage_taken":[{"damage":0,"enemies":"Cultist","floor":1,"turns":1},{"damage":0,"enemies":"Jaw Worm","floor":2,"turns":1},{"damage":0,"enemies":"2 Louse","floor":3,"turns":1},{"damage":4,"enemies":"Exordium Wildlife","floor":5,"turns":4},{"damage":16,"enemies":"Lots of Slimes","floor":7,"turns":4},{"damage":14,"enemies":"Gremlin Nob","floor":8,"turns":3},{"damage":22,"enemies":"3 Sentries","floor":12,"turns":6},{"damage":1,"enemies":"Exordium Thugs","floor":14,"turns":3},{"damage":63,"enemies":"Hexaghost","floor":16,"turns":10},{"damage":31,"enemies":"2 Thieves","floor":18,"turns":3},{"damage":6,"enemies":"3 Byrds","floor":21,"turns":3},{"damage":23,"enemies":"Centurion and Healer","floor":24,"turns":3},{"damage":13,"enemies":"Slavers","floor":25,"turns":3},{"damage":11,"enemies":"Gremlin Leader","floor":27,"turns":2},{"damage":6,"enemies":"Book of Stabbing","floor":30,"turns":1},{"damage":0,"enemies":"Snecko","floor":31,"turns":2},{"damage":94,"enemies":"Collector","floor":33,"turns":6}],"seed_played":"856309529432042235","potions_obtained":[{"floor":2,"key":"ElixirPotion"},{"floor":7,"key":"Fire Potion"},{"floor":8,"key":"ColorlessPotion"},{"floor":21,"key":"BloodPotion"},{"floor":25,"key":"Swift Potion"},{"floor":30,"key":"Fire Potion"}],"is_trial":false,"path_per_floor":["M","M","M","$","M","R","M","E","T","R","?","E","R","M","R","B",null,"M","?","?","M","$","R","M","E","T","E","?","R","E","M","R","B"],"character_chosen":"IRONCLAD","items_purchased":["Sword Boomerang","PreservedInsect"],"campfire_rested":4,"item_purchase_floors":[4,22],"current_hp_per_floor":[80,80,80,80,80,80,70,62,62,80,80,64,80,80,80,23,80,55,55,55,55,55,79,62,55,55,66,66,80,80,80,80,0,0],"gold":335,"neow_bonus":"THREE_ENEMY_KILL","is_daily":false,"chose_seed":false,"campfire_upgraded":3,"win_rate":0.0,"timestamp":1612983726,"path_taken":["M","M","?","$","?","R","M","E","T","R","?","E","R","M","R","BOSS","M","?","?","?","?","R","M","E","T","E","?","R","E","M","R","BOSS"],"items_purchased_type":["Card","Relic"],"build_version":"2020-12-22","purchased_purges":0,"victory":false,"max_hp_per_floor":[80,80,80,80,80,80,80,80,80,80,80,80,80,80,80,80,80,80,80,80,80,80,80,80,80,80,80,80,80,80,80,80,80,80],"relic_stats":{"counters":[17,56],"Sundial":[2],"PreservedInsect":126,"Juzu Bracelet":0,"Kunai":[23],"obtain_stats":[{"NeowsBlessing":0,"Sundial":25,"PreservedInsect":22,"Omamori":26,"Juzu Bracelet":30,"Kunai":12,"Toxic Egg 2":8,"Burning Blood":0,"InkBottle":9,"Runic Cube":17,"Meat on the Bone":27},{"NeowsBlessing":0,"Sundial":13,"PreservedInsect":11,"Omamori":13,"Juzu Bracelet":15,"Kunai":7,"Toxic Egg 2":6,"Burning Blood":0,"InkBottle":6,"Runic Cube":9,"Meat on the Bone":14},{"NeowsBlessing":0,"Sundial":45,"PreservedInsect":39,"Omamori":45,"Juzu Bracelet":48,"Kunai":20,"Toxic Egg 2":14,"Burning Blood":0,"InkBottle":14,"Runic Cube":33,"Meat on the Bone":47}],"Burning Blood":65,"InkBottle":[16],"Runic Cube":[20],"Meat on the Bone":0},"card_choices":[{"not_picked":["Armaments","Clash"],"picked":"Heavy Blade","floor":1},{"not_picked":["Heavy Blade","Sword Boomerang"],"picked":"Pummel","floor":2},{"not_picked":["Rage","Warcry"],"picked":"Seeing Red","floor":3},{"not_picked":["Evolve","Entrench","Seeing Red"],"picked":"SKIP","floor":5},{"not_picked":["Seeing Red","Dual Wield","Dropkick"],"picked":"SKIP","floor":7},{"not_picked":["Warcry+1","Iron Wave"],"picked":"Flex+1","floor":8},{"not_picked":["Ghostly Armor+1","Havoc+1","Body Slam"],"picked":"SKIP","floor":12},{"not_picked":["Perfected Strike","Shrug It Off+1","Dark Embrace"],"picked":"SKIP","floor":14},{"not_picked":["Immolate","Impervious+1"],"picked":"Offering+1","floor":16},{"not_picked":["Reckless Charge","Carnage"],"picked":"Havoc+1","floor":18},{"not_picked":["Warcry+1","Perfected Strike"],"picked":"Twin Strike","floor":21},{"not_picked":["Pommel Strike","Perfected Strike+1"],"picked":"Havoc+1","floor":24},{"not_picked":["Shrug It Off+1","Pommel Strike"],"picked":"Havoc+1","floor":25},{"not_picked":["Anger+1","Warcry+1"],"picked":"Dropkick","floor":27},{"not_picked":["Immolate","Perfected Strike","Wild Strike"],"picked":"SKIP","floor":30},{"not_picked":["Headbutt","Power Through+1"],"picked":"Reckless Charge","floor":31}],"player_experience":98946,"relics_obtained":[{"floor":8,"key":"Toxic Egg 2"},{"floor":9,"key":"InkBottle"},{"floor":12,"key":"Kunai"},{"floor":25,"key":"Sundial"},{"floor":26,"key":"Omamori"},{"floor":27,"key":"Meat on the Bone"},{"floor":30,"key":"Juzu Bracelet"}],"event_choices":[{"cards_removed":["Defend_R"],"damage_healed":0,"gold_gain":0,"player_choice":"Card Removal","damage_taken":0,"max_hp_gain":0,"max_hp_loss":0,"event_name":"The Cleric","floor":11,"gold_loss":50},{"damage_healed":0,"gold_gain":99,"player_choice":"Stole From Cult","damage_taken":0,"max_hp_gain":0,"max_hp_loss":0,"event_name":"Nest","floor":19,"gold_loss":0},{"damage_healed":0,"gold_gain":0,"player_choice":"Upgraded Two","damage_taken":0,"max_hp_gain":0,"max_hp_loss":0,"event_name":"Designer","floor":20,"gold_loss":40,"cards_upgraded":["Defend_R","Sword Boomerang"]},{"damage_healed":0,"gold_gain":0,"player_choice":"Ignored","damage_taken":0,"max_hp_gain":0,"max_hp_loss":0,"event_name":"Vampires","floor":28,"gold_loss":0}],"is_beta":false,"boss_relics":[{"not_picked":["Ectoplasm","Calling Bell"],"picked":"Runic Cube"}],"items_purged_floors":[],"is_endless":false,"potions_floor_spawned":[2,7,8,21,25,30],"killed_by":"Collector","ascension_level":1}}