{"host":"yqw1zpryoutrnocq","time":1612976083,"event":{"mods":["2.2 Compatiblity","AchievementEnabler","BaseMod","Colored Map","Custom Start","DeckTracker","Minty Spire (QoL Compilation)","StSLib","SuperFastMode"],"gold_per_floor":[114,130,90,105,105,105,115,115,115,115,130,156,5,19,19,114,114,124,141,153,187,204,204,221,221,291,70,70,70,70,70,70,165,165,175,194,212,266,278,278,278,278],"floor_reached":41,"language":"KOR","playtime":1555,"items_purged":[],"score":680,"play_id":"21a50d76-daa8-4449-a8b6-dfeb3c4c30e1","local_time":"20210210105443","is_ascension_mode":true,"campfire_choices":[{"data":"Dramatic Entrance","floor":6.0,"key":"SMITH"},{"floor":10.0,"key":"REST"},{"floor":15.0,"key":"REST"},{"floor":23.0,"key":"REST"},{"floor":25.0,"key":"REST"},{"floor":29.0,"key":"REST"},{"data":"After Image","floor":32.0,"key":"SMITH"},{"data":"Adrenaline","floor":40.0,"key":"SMITH"}],"circlet_count":0,"master_deck":["AscendersBane","Survivor","Neutralize","Dramatic Entrance+1","Blade Dance","Footwork","Backstab","Tactician","Slice","Night Terror","Dramatic Entrance+1","Endless Agony","Dagger Spray","After Image+1","Prepared","Flying Knee","Wraith Form v2","Accuracy","Dagger Spray","Wraith Form v2","Dash","Predator","Bane","Calculated Gamble+1","Deflect","PiercingWail","Endless Agony","Reflex+1","Acrobatics+1","Endless Agony+1","Corpse Explosion","Caltrops","Choke","Backstab","Shame","Night Terror","Quick Slash+1","Dagger Spray","Dagger Spray","Adrenaline+1","Parasite"],"relics":["Ring of the Snake","Shuriken","Dream Catcher","Juzu Bracelet","DollysMirror","Pandora\u0027s Box","Red Mask","White Beast Statue","Ancient Tea Set","Cursed Key","Calipers"],"acts_visited":["Exordium","TheCity","TheBeyond"],"potions_floor_usage":[41,41,41,41,41],"damage_taken":[{"damage":10.0,"enemies":"Small Slimes","floor":1.0,"turns":3.0},{"damage":1.0,"enemies":"Cultist","floor":2.0,"turns":3.0},{"damage":4.0,"enemies":"Jaw Worm","floor":4.0,"turns":4.0},{"damage":3.0,"enemies":"Large Slime","floor":7.0,"turns":5.0},{"damage":0.0,"enemies":"2 Fungi Beasts","floor":11.0,"turns":2.0},{"damage":0.0,"enemies":"Gremlin Nob","floor":12.0,"turns":2.0},{"damage":0.0,"enemies":"3 Louse","floor":14.0,"turns":1.0},{"damage":48.0,"enemies":"The Guardian","floor":16.0,"turns":9.0},{"damage":19.0,"enemies":"2 Thieves","floor":18.0,"turns":2.0},{"damage":10.0,"enemies":"Shell Parasite","floor":19.0,"turns":4.0},{"damage":0.0,"enemies":"3 Cultists","floor":20.0,"turns":2.0},{"damage":0.0,"enemies":"Masked Bandits","floor":21.0,"turns":3.0},{"damage":23.0,"enemies":"Snake Plant","floor":22.0,"turns":4.0},{"damage":10.0,"enemies":"Sentry and Sphere","floor":24.0,"turns":3.0},{"damage":15.0,"enemies":"Collector","floor":33.0,"turns":11.0},{"damage":0.0,"enemies":"3 Shapes","floor":35.0,"turns":2.0},{"damage":3.0,"enemies":"Orb Walker","floor":36.0,"turns":4.0},{"damage":14.0,"enemies":"Jaw Worm Horde","floor":37.0,"turns":2.0},{"damage":27.0,"enemies":"2 Orb Walkers","floor":38.0,"turns":3.0},{"damage":9.0,"enemies":"3 Darklings","floor":39.0,"turns":3.0},{"damage":12,"enemies":"Writhing Mass","floor":41,"turns":5}],"seed_played":"7616345809796401894","potions_obtained":[{"floor":3.0,"key":"Energy Potion"},{"floor":3.0,"key":"FearPotion"},{"floor":3.0,"key":"SpeedPotion"},{"floor":11.0,"key":"FearPotion"},{"floor":12.0,"key":"GamblersBrew"},{"floor":14.0,"key":"Energy Potion"},{"floor":19.0,"key":"Block Potion"},{"floor":33.0,"key":"Weak Potion"},{"floor":35.0,"key":"Swift Potion"},{"floor":36.0,"key":"Block Potion"},{"floor":38.0,"key":"Strength Potion"},{"floor":39.0,"key":"EntropicBrew"}],"is_trial":false,"path_per_floor":["M","M","?","M","?","R","M","?","T","R","M","E","$","M","R","B",null,"M","M","M","?","M","R","M","R","T","$","?","R","$","?","R","B",null,"M","M","M","?","M","R","M"],"character_chosen":"THE_SILENT","items_purchased":["DollysMirror","Corpse Explosion","Caltrops","Choke"],"campfire_rested":5,"item_purchase_floors":[13,27,27,27],"current_hp_per_floor":[53,52,52,48,34,34,31,13,13,34,34,34,34,34,55,7,54,35,25,25,25,2,23,13,34,34,34,34,55,55,55,55,40,63,63,60,46,19,10,10,0,0],"gold":278,"neow_bonus":"RANDOM_COLORLESS","is_daily":false,"chose_seed":false,"campfire_upgraded":3,"win_rate":0.0,"timestamp":1612976083,"path_taken":["M","M","?","?","?","R","M","?","T","R","M","E","$","M","R","BOSS","M","M","M","?","M","R","M","R","T","$","?","R","$","?","R","BOSS","M","M","M","?","M","R","M"],"items_purchased_type":["Relic","Card","Card","Card"],"build_version":"2020-12-22","purchased_purges":0,"victory":false,"max_hp_per_floor":[70,70,70,70,70,70,70,70,70,70,70,70,70,70,70,70,70,70,70,70,70,70,70,70,70,70,70,70,70,70,70,70,70,70,70,70,70,70,70,70,70,70],"card_choices":[{"not_picked":["Good Instincts","Trip"],"picked":"Dramatic Entrance","floor":0.0},{"not_picked":["Slice","Flechettes"],"picked":"Blade Dance","floor":1.0},{"not_picked":["Sucker Punch","Flying Knee"],"picked":"Footwork","floor":2.0},{"not_picked":["Deadly Poison","Caltrops"],"picked":"Backstab","floor":4.0},{"not_picked":["Poisoned Stab","Quick Slash"],"picked":"Tactician","floor":7.0},{"not_picked":["Deflect","Quick Slash"],"picked":"Slice","floor":10.0},{"not_picked":["Deflect","Predator"],"picked":"Night Terror","floor":11.0},{"not_picked":["Catalyst","Bane","Quick Slash"],"picked":"SKIP","floor":12.0},{"not_picked":["Sucker Punch","Flying Knee"],"picked":"Endless Agony","floor":14.0},{"not_picked":["Malaise","Acrobatics"],"picked":"Dagger Spray","floor":15.0},{"not_picked":["Unload","Malaise"],"picked":"After Image","floor":16.0},{"not_picked":["Bouncing Flask","Backflip"],"picked":"Calculated Gamble+1","floor":18.0},{"not_picked":["Flying Knee+1","Poisoned Stab"],"picked":"Deflect","floor":19.0},{"not_picked":["Terror","Bane","Slice"],"picked":"SKIP","floor":20.0},{"not_picked":["Distraction","Sucker Punch"],"picked":"PiercingWail","floor":21.0},{"not_picked":["Bouncing Flask+1","Eviscerate"],"picked":"Endless Agony","floor":22.0},{"not_picked":["All Out Attack","Distraction"],"picked":"Reflex+1","floor":23.0},{"not_picked":["Well Laid Plans","Outmaneuver"],"picked":"Acrobatics+1","floor":24.0},{"not_picked":["Acrobatics","Dodge and Roll"],"picked":"Endless Agony+1","floor":25.0},{"not_picked":["Dagger Throw","Predator"],"picked":"Backstab","floor":29.0},{"not_picked":["Doppelganger","After Image"],"picked":"Night Terror","floor":33.0},{"not_picked":["Flying Knee","Terror"],"picked":"Quick Slash+1","floor":35.0},{"not_picked":["Deadly Poison+1","Flying Knee"],"picked":"Dagger Spray","floor":36.0},{"not_picked":["Sucker Punch","Deadly Poison"],"picked":"Dagger Spray","floor":37.0},{"not_picked":["Quick Slash","PiercingWail"],"picked":"Adrenaline","floor":39.0}],"player_experience":325635,"relics_obtained":[{"floor":9.0,"key":"Dream Catcher"},{"floor":12.0,"key":"Juzu Bracelet"},{"floor":21.0,"key":"Red Mask"},{"floor":26.0,"key":"White Beast Statue"},{"floor":38.0,"key":"Calipers"}],"event_choices":[{"damage_healed":0.0,"max_hp_gain":0.0,"max_hp_loss":0.0,"gold_gain":0.0,"event_name":"The Woman in Blue","player_choice":"Bought 3 Potions","floor":3.0,"gold_loss":0.0,"damage_taken":0.0},{"damage_healed":0.0,"max_hp_gain":0.0,"max_hp_loss":0.0,"gold_gain":0.0,"event_name":"Shining Light","player_choice":"Entered Light","floor":5.0,"gold_loss":0.0,"damage_taken":14.0,"cards_upgraded":["Defend_G","Strike_G"]},{"damage_healed":0.0,"max_hp_gain":0.0,"max_hp_loss":0.0,"gold_gain":0.0,"event_name":"Scrap Ooze","player_choice":"Success","floor":8.0,"gold_loss":0.0,"damage_taken":18.0,"relics_obtained":["Shuriken"]},{"damage_healed":0.0,"max_hp_gain":0.0,"max_hp_loss":0.0,"gold_gain":0.0,"event_name":"Masked Bandits","player_choice":"Fought Bandits","floor":21.0,"gold_loss":0.0,"damage_taken":0.0},{"cards_removed":["Distraction"],"damage_healed":0.0,"max_hp_gain":0.0,"max_hp_loss":0.0,"gold_gain":0.0,"event_name":"Back to Basics","player_choice":"Elegance","floor":28.0,"gold_loss":0.0,"damage_taken":0.0},{"damage_healed":0.0,"max_hp_gain":0.0,"max_hp_loss":0.0,"gold_gain":0.0,"event_name":"Addict","player_choice":"Stole Relic","floor":31.0,"gold_loss":0.0,"damage_taken":0.0,"relics_obtained":["Ancient Tea Set"],"cards_obtained":["Shame"]},{"damage_healed":0.0,"max_hp_gain":0.0,"max_hp_loss":0.0,"gold_gain":0.0,"event_name":"Mysterious Sphere","player_choice":"Fight","floor":38.0,"gold_loss":0.0,"damage_taken":0.0}],"is_beta":false,"boss_relics":[{"not_picked":["Coffee Dripper","Runic Pyramid"],"picked":"Pandora\u0027s Box"},{"not_picked":["Fusion Hammer","Tiny House"],"picked":"Cursed Key"}],"items_purged_floors":[],"is_endless":false,"potions_floor_spawned":[4,11,12,14,19,33,35,36,37,38,39],"killed_by":"Writhing Mass","ascension_level":10}}