{"host":"n95r2z13dwkl182w","time":1612967443,"event":{"mods":["AchievementEnabler","BaseMod","Colored Map","Hermit","Marisa£¨Ùöéë¡¡Øª×âÞÞ£©","Minty Spire (QoL Compilation)","StSLib","SuperFastMode","everything is the same but u backflip on backflip"],"gold_per_floor":[112,131,131,306,323,323,348,367,367,384,364,364,364,382,382,479,479,492,510,57,57,67,67,80,80,80],"floor_reached":25,"language":"KOR","playtime":1594,"items_purged":[],"score":205,"play_id":"99b929f1-6835-46ec-911d-a89310b93943","local_time":"20210210233043","is_ascension_mode":false,"campfire_choices":[{"data":"hermit:TakeCover","floor":6,"key":"SMITH"},{"floor":13,"key":"REST"},{"data":"hermit:Malice","floor":15,"key":"SMITH"},{"floor":23,"key":"REST"}],"circlet_count":0,"master_deck":["hermit:Strike_Hermit","hermit:Strike_Hermit","hermit:Strike_Hermit","hermit:Strike_Hermit","hermit:Defend_Hermit+1","hermit:Defend_Hermit+1","hermit:Defend_Hermit","hermit:Defend_Hermit+1","hermit:Snapshot","hermit:Covet+1","hermit:PistolWhip","hermit:TakeCover+1","Doubt","hermit:Malice+1","hermit:RoundhouseKick","hermit:Glare+1","hermit:Enervate","hermit:FromBeyond+1","CurseOfTheBell","hermit:BodyArmor+1","hermit:GhostlyPresence+1","hermit:Grudge"],"relics":["hermit:Momento","NeowsBlessing","Shuriken","Toxic Egg 2","Calling Bell","War Paint","The Courier","FossilizedHelix","Bottled Lightning","hermit:RyeStalk","Happy Flower"],"acts_visited":["Exordium","TheCity"],"potions_floor_usage":[12,14,16,16,25],"damage_taken":[{"damage":0,"enemies":"Cultist","floor":1,"turns":1},{"damage":0,"enemies":"Jaw Worm","floor":2,"turns":1},{"damage":0,"enemies":"Small Slimes","floor":5,"turns":1},{"damage":33,"enemies":"Lagavulin","floor":7,"turns":6},{"damage":5,"enemies":"Red Slaver","floor":8,"turns":4},{"damage":0,"enemies":"Gremlin Gang","floor":10,"turns":2},{"damage":0,"enemies":"Lots of Slimes","floor":14,"turns":1},{"damage":35,"enemies":"The Guardian","floor":16,"turns":10},{"damage":19,"enemies":"Chosen","floor":18,"turns":6},{"damage":10,"enemies":"Shell Parasite","floor":19,"turns":9},{"damage":3,"enemies":"Chosen and Byrds","floor":22,"turns":7},{"damage":0,"enemies":"Snecko","floor":24,"turns":5},{"damage":74,"enemies":"Book of Stabbing","floor":25,"turns":10}],"seed_played":"-3806997264511242160","potions_obtained":[{"floor":5,"key":"Regen Potion"},{"floor":8,"key":"hermit:BlackBile"},{"floor":12,"key":"Fruit Juice"},{"floor":12,"key":"Explosive Potion"},{"floor":16,"key":"EssenceOfSteel"},{"floor":18,"key":"Swift Potion"},{"floor":19,"key":"Explosive Potion"}],"is_trial":false,"path_per_floor":["M","M","?","?","M","R","E","M","T","M","?","?","R","M","R","B",null,"M","M","$","?","M","R","M","E"],"character_chosen":"HERMIT","items_purchased":["Bottled Lightning","hermit:RyeStalk","Happy Flower"],"campfire_rested":2,"item_purchase_floors":[20,20,20],"current_hp_per_floor":[75,75,60,60,60,60,27,22,22,22,22,27,51,51,51,31,80,61,51,51,51,48,72,72,0,0],"gold":80,"neow_bonus":"THREE_ENEMY_KILL","is_daily":false,"chose_seed":false,"campfire_upgraded":2,"win_rate":0.0,"timestamp":1612967443,"path_taken":["M","?","?","?","M","R","E","M","T","M","?","?","R","M","R","BOSS","M","M","$","?","M","R","?","E"],"items_purchased_type":["Relic","Relic","Relic"],"build_version":"2020-12-22","purchased_purges":0,"victory":false,"max_hp_per_floor":[75,75,75,75,75,75,75,75,75,75,75,80,80,80,80,80,80,80,80,80,80,80,80,80,80,80],"card_choices":[{"not_picked":["hermit:Snipe","hermit:HighCaliber"],"picked":"hermit:PistolWhip","floor":1},{"not_picked":["hermit:Glare","hermit:Coalescence"],"picked":"hermit:TakeCover","floor":2},{"not_picked":["hermit:DeadMansHand","hermit:HoleUp"],"picked":"hermit:Malice","floor":5},{"not_picked":["hermit:Vantage","hermit:Enervate"],"picked":"hermit:RoundhouseKick","floor":7},{"not_picked":["hermit:Midnight","hermit:BigShot","hermit:Maintenance"],"picked":"SKIP","floor":8},{"not_picked":["hermit:Desperado","hermit:Misfire"],"picked":"hermit:Glare+1","floor":10},{"not_picked":["hermit:WideOpen","hermit:Virtue+1"],"picked":"hermit:Enervate","floor":14},{"not_picked":["hermit:FatalDesire","hermit:EternalForm"],"picked":"hermit:FromBeyond+1","floor":16},{"not_picked":["hermit:Misfire+1","hermit:Quickdraw"],"picked":"hermit:BodyArmor+1","floor":18},{"not_picked":["hermit:Maintenance+1","hermit:CalledShot"],"picked":"hermit:GhostlyPresence+1","floor":19},{"not_picked":["hermit:Misfire","hermit:LowProfile+1"],"picked":"hermit:Grudge","floor":22},{"not_picked":["hermit:Desperado","hermit:HoleUp+1","hermit:Brawl"],"picked":"SKIP","floor":24}],"player_experience":59735,"relics_obtained":[{"floor":7,"key":"Shuriken"},{"floor":9,"key":"Toxic Egg 2"},{"floor":17,"key":"War Paint"},{"floor":17,"key":"The Courier"},{"floor":17,"key":"FossilizedHelix"}],"event_choices":[{"damage_healed":0,"gold_gain":0,"player_choice":"Entered Light","damage_taken":15,"max_hp_gain":0,"max_hp_loss":0,"event_name":"Shining Light","floor":3,"gold_loss":0,"cards_upgraded":["hermit:Defend_Hermit","hermit:Covet"]},{"damage_healed":0,"gold_gain":175,"player_choice":"AGREE","damage_taken":0,"max_hp_gain":0,"max_hp_loss":0,"event_name":"Liars Game","floor":4,"gold_loss":0,"cards_obtained":["Doubt"]},{"damage_healed":0,"gold_gain":0,"player_choice":"Left Gold","damage_taken":0,"max_hp_gain":0,"max_hp_loss":0,"event_name":"World of Goop","floor":11,"gold_loss":20},{"damage_healed":0,"gold_gain":0,"player_choice":"Got Potions","damage_taken":0,"max_hp_gain":0,"max_hp_loss":0,"event_name":"Lab","floor":12,"gold_loss":0},{"damage_healed":0,"gold_gain":0,"player_choice":"0 cards matched","damage_taken":0,"max_hp_gain":0,"max_hp_loss":0,"event_name":"Match and Keep!","floor":21,"gold_loss":0,"cards_obtained":[]}],"is_beta":false,"boss_relics":[{"not_picked":["SlaversCollar","Pandora\u0027s Box"],"picked":"Calling Bell"}],"items_purged_floors":[],"is_endless":false,"potions_floor_spawned":[5,8,16,18,19,22],"killed_by":"Book of Stabbing","ascension_level":0}}