{"host":"njo8qgvy2a57fcny","time":1612919630,"event":{"mods":["Aspiration","BaseMod","BetterRewards","CCEM2","Colored Map","Colored Powertips","Conspire","Custom Start","Downfall","Energized Spire","GifTheSpireLib","Halation","Hermit","Hubris","Infinite Spire","Jedi Mod","Jorbs\u0027s Wanderer Trilogy","Mimic Mod","Minty Spire (QoL Compilation)","Quick Restart","Random Character Button","Random Character Mod","Rare Cards Sparkle","Relic Sorter","Reliquary","Replay The Spire","Shop Mod","StSLib","Stuff the Spire","The Animator","The Jungle","The Runesmith","The Servant 0.9.4","Unceasing Turn Reminder","thorton"],"gold_per_floor":[99,115,66,81,97,122,152,252,286,186,22,297,297,29,43,143,143,143,163,177,194,194,194,231,241,251,151,182,182,286,286,286,286],"floor_reached":31,"language":"ENG","playtime":2254,"items_purged":["bronze:Strike"],"score":376,"play_id":"f717ed3d-4fca-4305-b975-2bec430e8467","local_time":"20210210121350","is_ascension_mode":true,"campfire_choices":[{"data":"bronze:Goto","floor":1,"key":"SMITH"},{"data":"bronze:DelayedGuard","floor":10,"key":"SMITH"},{"floor":13,"key":"REST"},{"floor":18,"key":"DIG"},{"floor":23,"key":"RECALL"},{"data":"jedi:forcepull","floor":27,"key":"SMITH"},{"data":"bronze:GetLatest","floor":29,"key":"SMITH"}],"circlet_count":0,"master_deck":["bronze:Replicate+1","bronze:Strike","bronze:Strike","bronze:Strike","bronze:Defend","bronze:Defend","bronze:Defend","bronze:Defend","bronze:Replicate+1","bronze:Goto+1","bronze:Refactor","bronze:BronzeArmor","bronze:Turbo+1","bronze:Iterate","bronze:DelayedGuard+1","bronze:OilSpill","bronze:FineTuning","bronze:WildBeam","bronze:Verify","bronze:FineTuning","bronze:FineTuning","jedi:forcepull+1","bronze:Shield","bronze:Boost","bronze:AlphaBuild","bronze:Constructor+1","bronze:Boost","bronze:Invalidate+1","bronze:GetLatest+1","bronze:Terminator","bronze:ChildClass+1","bronze:Verify+1","bronze:Constructor+1","bronze:BugBarrage"],"relics":["bronze:BronzeCore","hubris:Icosahedron","Runesmith:AutoHammer","Omamori","hubris:MedicalManual","downfall:HeartBlessingGreen","reliquary:BrokenClock","energizedSpire:OgreHead","Bronze Scales","jedi:Pinwheel","downfall:HeartBlessingRed","Frozen Egg 2","reliquary:RosewoodLute"],"acts_visited":["Exordium","TheCity"],"potions_floor_usage":[6,6,16,20,21,28,31],"damage_taken":[{"damage":6,"enemies":"Cultist","floor":2,"turns":3},{"damage":5,"enemies":"downfall:FleeingMerchant","floor":3,"turns":4},{"damage":0,"enemies":"Small Slimes","floor":4,"turns":3},{"damage":3,"enemies":"2 Louse","floor":5,"turns":2},{"damage":22,"enemies":"Gremlin Nob","floor":6,"turns":4},{"damage":8,"enemies":"Blue Slaver","floor":7,"turns":9},{"damage":20,"enemies":"3 Sentries","floor":9,"turns":7},{"damage":4,"enemies":"downfall:FleeingMerchant","floor":11,"turns":4},{"damage":20,"enemies":"downfall:FleeingMerchant","floor":14,"turns":4},{"damage":0,"enemies":"Blue Slaver","floor":15,"turns":2},{"damage":0,"enemies":"WA_ARCHETYPE_RETAIN","floor":16,"turns":6},{"damage":0,"enemies":"Chosen","floor":19,"turns":4},{"damage":5,"enemies":"3 Byrds","floor":20,"turns":3},{"damage":0,"enemies":"Shelled Parasite and Fungi","floor":21,"turns":6},{"damage":15,"enemies":"Snecko","floor":24,"turns":5},{"damage":0,"enemies":"Snecko","floor":25,"turns":5},{"damage":9,"enemies":"Chosen and Byrds","floor":26,"turns":4},{"damage":46,"enemies":"Gremlin Leader","floor":28,"turns":5},{"damage":17,"enemies":"Book of Stabbing","floor":31,"turns":2}],"seed_played":"5378965622398599699","potions_obtained":[{"floor":4,"key":"Venom Potion"},{"floor":5,"key":"Adrenaline Potion"},{"floor":15,"key":"jedi:StrikingPotion"},{"floor":16,"key":"Block Potion"},{"floor":20,"key":"Block Potion"},{"floor":21,"key":"Strength Potion"},{"floor":25,"key":"DistilledChaos"}],"is_trial":false,"path_per_floor":["R","M","$","M","M","E","MIM","?","E","R","$","?","R","$","M","B",null,"R_BF","M","M","M","?","R","MIM","M","M","R","E","R","?","E"],"character_chosen":"THE_AUTOMATON","items_purchased":["bronze:Turbo+1","reliquary:BrokenClock","bronze:FineTuning","jedi:forcepull","bronze:Shield"],"campfire_rested":1,"item_purchase_floors":[3,11,14,14,14],"current_hp_per_floor":[70,64,59,59,56,34,26,26,6,6,2,2,23,3,3,3,70,70,70,65,65,65,65,50,70,61,61,15,15,15,0,0,0],"gold":286,"neow_bonus":"UPGRADE_CARD","is_daily":false,"chose_seed":false,"campfire_upgraded":4,"win_rate":0.0,"timestamp":1612919630,"path_taken":["R","M","?","?","M","E","MIM","?","E","R","$","?","R","$","M","BOSS","R_BF","M","?","M","?","R","MIM","?","M","R","E","R","?","E"],"items_purchased_type":["Card","Relic","Card","Card","Card"],"build_version":"2020-12-22","purchased_purges":1,"victory":false,"max_hp_per_floor":[70,70,70,70,70,70,70,70,70,70,70,70,70,70,70,70,70,70,70,70,70,70,70,70,70,70,70,70,70,70,70,70,70],"card_choices":[{"not_picked":["bronze:WhirlingStrike","bronze:Frontload"],"picked":"bronze:Refactor","floor":2},{"not_picked":["bronze:DigitalCarnage","bronze:Deprecate"],"picked":"bronze:BronzeArmor","floor":3},{"not_picked":["bronze:Branch","bronze:FineTuning"],"picked":"bronze:Iterate","floor":4},{"not_picked":["bronze:NullPointer","bronze:WhirlingStrike"],"picked":"bronze:DelayedGuard","floor":5},{"not_picked":["bronze:MaxOutput","bronze:Safeguard"],"picked":"bronze:OilSpill","floor":6},{"not_picked":["bronze:CloningBeam","bronze:Deprecate"],"picked":"bronze:FineTuning","floor":7},{"not_picked":["bronze:DigitalCarnage","bronze:Turbo"],"picked":"bronze:WildBeam","floor":9},{"not_picked":["bronze:DelayedSlice","bronze:BronzeArmor"],"picked":"bronze:Verify","floor":11},{"not_picked":["bronze:Backtrace","bronze:ItsAFeature","bronze:CutThrough"],"picked":"SKIP","floor":14},{"not_picked":["bronze:Invalidate","bronze:DelayedSlice"],"picked":"bronze:Boost","floor":15},{"not_picked":["bronze:Assembly","bronze:InfiniteLoop"],"picked":"bronze:AlphaBuild","floor":16},{"not_picked":["bronze:Flail","bronze:Frontload"],"picked":"bronze:Constructor+1","floor":19},{"not_picked":["bronze:Branch+1","bronze:Shell"],"picked":"bronze:Boost","floor":20},{"not_picked":["bronze:BuggyMess","bronze:Separator+1"],"picked":"bronze:Invalidate+1","floor":21},{"not_picked":["bronze:BuggyMess","bronze:WildBeam+1"],"picked":"bronze:GetLatest","floor":24},{"not_picked":["bronze:OilSpill","bronze:BugBarrage+1"],"picked":"bronze:Terminator","floor":25},{"not_picked":["bronze:Frontload+1","bronze:Separator+1"],"picked":"bronze:ChildClass+1","floor":26},{"not_picked":["bronze:Repulsor+1","bronze:BuggyMess"],"picked":"bronze:Verify+1","floor":28},{"not_picked":["bronze:Overload+1","bronze:CutThrough"],"picked":"bronze:Constructor+1","floor":30},{"not_picked":["bronze:Terminator","bronze:Refactor"],"picked":"bronze:BugBarrage","floor":30}],"player_experience":809553,"relics_obtained":[{"floor":6,"key":"Runesmith:AutoHammer"},{"floor":7,"key":"Omamori"},{"floor":9,"key":"hubris:MedicalManual"},{"floor":18,"key":"Bronze Scales"},{"floor":24,"key":"jedi:Pinwheel"},{"floor":28,"key":"Frozen Egg 2"},{"floor":30,"key":"reliquary:RosewoodLute"}],"event_choices":[],"is_beta":false,"boss_relics":[{"not_picked":["halation:SmartPhone","Abe\u0027s Treasure"],"picked":"energizedSpire:OgreHead"}],"items_purged_floors":[14],"is_endless":false,"potions_floor_spawned":[4,5,15,16,20,21,25],"killed_by":"Book of Stabbing","ascension_level":4}}