{"host":"ox77rn1xcurm2t5a","time":1612956984,"event":{"mods":["2.2 Compatiblity","AchievementEnabler","Act Like it!","Aspiration","BaseMod","Best Route Mod","Better Match","Better Note","Better Sensory Stone","Block Reminder","Colored Map","Colored Powertips","Conjunction","Conspire","Custom Start","Energized Spire","GifTheSpireLib","Gold Saver","Gremlin Skip","Halation","Highlight Path","Hubris","Infinite Spire","Minty Spire (QoL Compilation)","Pale of the Ancients","Quick Restart","Replay The Spire","Reworked Bosses","ShortenTheSpire","Spire Exporter","StSLib","Stuff the Spire","Wandering Minibosses"],"gold_per_floor":[205,205,224,99,99,99,130,8247,8274,8302,8302,8302,8322,8338,8338,8416,8416,8430,8449,8465,8484,7908,7942,7957,7989,7989,8007,8019,7446,7446,7464,7464,7464,7464],"floor_reached":33,"language":"ENG","playtime":1134,"items_purged":["Strike_B","Strike_B","Strike_B"],"score":698,"play_id":"c13a6c16-3bdc-4847-986c-97e1091f2f91","local_time":"20210210133624","is_ascension_mode":true,"campfire_choices":[{"floor":6.0,"key":"RECALL"},{"data":"Zap","floor":15.0,"key":"SMITH"},{"data":"Echo Form","floor":30.0,"key":"SMITH"},{"data":"Echo Form","floor":32,"key":"SMITH"}],"circlet_count":0,"master_deck":["AscendersBane","Defend_B","Defend_B","Defend_B","Defend_B","Zap+1","Dualcast","Gash","Redo+1","Ball Lightning","Gash","Barrage","Ball Lightning","Ball Lightning","Gash","Echo Form+1","Echo Form","Echo Form+1","Glacier"],"relics":["Cracked Core","NeowsBlessing","Pet Ghost","HornCleat","conspire:TreasureMap","Replay:Antivirus Software","StuffTheSpire:GrapeVine","infinitespire:ShieldingShard","Ornamental Fan","Girya","Oddly Smooth Stone","Solar Panel","DollysMirror","StuffTheSpire:ColdMirror"],"acts_visited":["Exordium","TheCity"],"potions_floor_usage":[33,33],"damage_taken":[{"damage":0.0,"enemies":"2 Louse","floor":1.0,"turns":1.0},{"damage":0.0,"enemies":"Cultist","floor":3.0,"turns":1.0},{"damage":0.0,"enemies":"3 Sentries","floor":7.0,"turns":1.0},{"damage":6.0,"enemies":"Lagavulin","floor":10.0,"turns":5.0},{"damage":0.0,"enemies":"Small Slimes","floor":13.0,"turns":3.0},{"damage":0.0,"enemies":"2 Fungi Beasts","floor":14.0,"turns":2.0},{"damage":10.0,"enemies":"Hexaghost","floor":16.0,"turns":7.0},{"damage":6.0,"enemies":"2 Thieves","floor":18.0,"turns":3.0},{"damage":0.0,"enemies":"Spheric Guardian","floor":19.0,"turns":3.0},{"damage":12.0,"enemies":"conspire:HollyBat","floor":20.0,"turns":5.0},{"damage":19.0,"enemies":"Chosen and Byrds","floor":21.0,"turns":5.0},{"damage":0.0,"enemies":"Slavers","floor":23.0,"turns":1.0},{"damage":13.0,"enemies":"Sentry and Sphere","floor":24.0,"turns":4.0},{"damage":13.0,"enemies":"Nightmare","floor":25.0,"turns":7.0},{"damage":3.0,"enemies":"Centurion and Healer","floor":27.0,"turns":5.0},{"damage":12.0,"enemies":"Snake Plant","floor":28.0,"turns":4.0},{"damage":0,"enemies":"conspire:HollyBat","floor":31,"turns":6},{"damage":29,"enemies":"bossMod:newCollector","floor":33,"turns":3}],"seed_played":"4342947587143827162","potions_obtained":[{"floor":1.0,"key":"Swift Potion"},{"floor":3.0,"key":"FearPotion"},{"floor":21.0,"key":"Languid Potion"},{"floor":25.0,"key":"FairyPotion"},{"floor":28.0,"key":"PowerPotion"}],"is_trial":false,"path_per_floor":["M","?","M","$","?","R","E","$","T","E","?","T","M","M","R","B",null,"M","M","M","M","$","E","M","NM","T","M","M","$","R","M","R","B"],"character_chosen":"DEFECT","items_purchased":["Redo","Gash","HornCleat","conspire:TreasureMap","Replay:Antivirus Software","Barrage","Gash","Ornamental Fan","EntropicBrew","DollysMirror","StuffTheSpire:ColdMirror","Glacier","Fire Potion"],"campfire_rested":0,"item_purchase_floors":[4,8,8,8,8,8,22,22,22,29,29,29,29],"current_hp_per_floor":[64,64,64,64,64,64,64,64,64,58,58,58,58,58,58,48,65,59,59,47,28,28,28,15,2,2,27,19,19,19,25,25,0,0],"gold":7464,"neow_bonus":"THREE_ENEMY_KILL","is_daily":false,"chose_seed":false,"campfire_upgraded":3,"win_rate":0.0,"timestamp":1612956984,"path_taken":["M","?","M","?","?","R","E","$","T","E","?","?","?","M","R","BOSS","M","M","M","?","$","E","?","NM","T","M","M","$","R","M","R","BOSS"],"items_purchased_type":["Card","Card","Relic","Relic","Relic","Card","Card","Relic","Potion","Relic","Relic","Card","Potion"],"build_version":"2020-12-22","purchased_purges":3,"victory":false,"max_hp_per_floor":[71,71,71,71,71,71,71,71,71,71,71,71,71,71,71,71,71,71,71,71,71,71,71,71,71,71,71,71,71,71,71,71,71,71],"card_choices":[{"not_picked":["Hologram","StuffTheSpire:Plugnplay"],"picked":"Gash","floor":1.0},{"not_picked":["Chaos","Turbo","ReplaySolidLightProjector"],"picked":"SKIP","floor":3.0},{"not_picked":["Force Field","Steam Power"],"picked":"Ball Lightning","floor":7.0},{"not_picked":["Darkness","ReplayTheSpireMod:Reroute Power","Beam Cell"],"picked":"SKIP","floor":10.0},{"not_picked":["Redo","StuffTheSpire:NuclearReactor","Stack"],"picked":"SKIP","floor":13.0},{"not_picked":["Sweeping Beam","Doom and Gloom"],"picked":"Ball Lightning","floor":14.0},{"not_picked":["Rebound","ReplaySort","hubris:PowerSurge"],"picked":"SKIP","floor":18.0},{"not_picked":["Compile Driver","Scrape+1"],"picked":"Ball Lightning","floor":19.0},{"not_picked":["Genetic Algorithm","Turbo","aspiration:Polymerization"],"picked":"SKIP","floor":20.0},{"not_picked":["StuffTheSpire:Plugnplay","Streamline","Turbo"],"picked":"SKIP","floor":21.0},{"not_picked":["Panic Button","ReplayTheSpireMod:Reroute Power"],"picked":"Echo Form","floor":23.0},{"not_picked":["Streamline","Doom and Gloom","Barrage"],"picked":"SKIP","floor":24.0},{"not_picked":["StuffTheSpire:Plugnplay","Compile Driver"],"picked":"Echo Form","floor":25.0},{"not_picked":["Sweeping Beam","Hologram","StuffTheSpire:Plugnplay"],"picked":"SKIP","floor":27.0},{"not_picked":["StuffTheSpire:SnapShoot","Go for the Eyes","Steam Power"],"picked":"SKIP","floor":28.0},{"not_picked":["Compile Driver","Tempest","ReplayTheSpireMod:GoodbyeWorld"],"picked":"SKIP","floor":31}],"player_experience":3072668,"relics_obtained":[{"floor":7.0,"key":"Pet Ghost"},{"floor":10.0,"key":"StuffTheSpire:GrapeVine"},{"floor":12.0,"key":"infinitespire:ShieldingShard"},{"floor":23.0,"key":"Girya"},{"floor":25.0,"key":"Oddly Smooth Stone"},{"floor":26.0,"key":"Solar Panel"}],"event_choices":[{"cards_removed":["Strike_B"],"damage_healed":0.0,"max_hp_gain":0.0,"max_hp_loss":0.0,"gold_gain":0.0,"event_name":"Bonfire Elementals","player_choice":"Offered Basic","floor":2.0,"gold_loss":0.0,"damage_taken":0.0},{"damage_healed":0.0,"max_hp_gain":0.0,"max_hp_loss":0.0,"gold_gain":0.0,"event_name":"conspire:LoneGhost","player_choice":"Disagree","floor":5.0,"gold_loss":0.0,"damage_taken":0.0}],"is_beta":false,"boss_relics":[{"not_picked":["energizedSpire:NeverEndingSparkler","halation:MonkeysPaw","halation:ForbiddenBikini"]}],"items_purged_floors":[4,8,22],"is_endless":false,"potions_floor_spawned":[1,3,7,21,23,25,28],"killed_by":"bossMod:newCollector","ascension_level":20}}