{"host":"oigynbtg272c19pw","time":1612966827,"event":{"mods":["BaseMod","Colored Map","Minty Spire (QoL Compilation)","Relic Stats","Slay the Relics Exporter","StSLib"],"gold_per_floor":[112,14,14,32,32,67,67,67,67],"floor_reached":8,"playtime":230,"items_purged":[],"score":158,"play_id":"4507dbee-5311-44cc-9f8e-b9518a20dc37","local_time":"20210210152027","is_ascension_mode":true,"campfire_choices":[],"circlet_count":0,"master_deck":["AscendersBane","Strike_P","Strike_P","Strike_P+1","Defend_P+1","Defend_P","Defend_P","Defend_P","Eruption","Vigilance","EmptyBody","Scrawl"],"relics":["PureWater","NeowsBlessing","Pantograph","Art of War"],"acts_visited":["Exordium"],"potions_floor_usage":[8],"damage_taken":[{"damage":0,"enemies":"Small Slimes","floor":1,"turns":1},{"damage":0,"enemies":"Cultist","floor":4,"turns":1},{"damage":0,"enemies":"Gremlin Nob","floor":6,"turns":1},{"damage":37,"enemies":"3 Sentries","floor":8,"turns":9}],"seed_played":"164479116498575664","potions_obtained":[{"floor":4,"key":"LiquidMemories"}],"is_trial":false,"path_per_floor":["M","$","?","M","?","E","?","E"],"character_chosen":"WATCHER","items_purchased":["SignatureMove","EmptyBody"],"campfire_rested":0,"item_purchase_floors":[2,2],"current_hp_per_floor":[61,61,61,61,41,41,34,0,0],"gold":67,"neow_bonus":"THREE_ENEMY_KILL","is_daily":false,"chose_seed":false,"campfire_upgraded":0,"win_rate":0.0,"timestamp":1612966827,"path_taken":["M","$","?","?","?","E","?","E"],"items_purchased_type":["Card","Card"],"build_version":"2020-12-13","purchased_purges":0,"victory":false,"max_hp_per_floor":[68,68,68,68,68,68,68,68,68],"relic_stats":{"counters":[4,12],"Pantograph":0,"Art of War":[1],"obtain_stats":[{"NeowsBlessing":0,"Pantograph":3,"Art of War":6,"PureWater":0},{"NeowsBlessing":0,"Pantograph":1,"Art of War":3,"PureWater":0},{"NeowsBlessing":0,"Pantograph":1,"Art of War":3,"PureWater":0}]},"card_choices":[{"not_picked":["FlyingSleeves","Crescendo","LikeWater"],"picked":"SKIP","floor":1},{"not_picked":["Swivel","ForeignInfluence","SashWhip"],"picked":"SKIP","floor":4},{"not_picked":["CrushJoints","Fasting2"],"picked":"Scrawl","floor":6}],"player_experience":1577174,"relics_obtained":[{"floor":6,"key":"Art of War"}],"event_choices":[{"cards_removed":["SignatureMove"],"damage_healed":0,"gold_gain":0,"player_choice":"Gave Card","damage_taken":0,"relics_obtained":["Pantograph"],"max_hp_gain":0,"max_hp_loss":0,"event_name":"WeMeetAgain","floor":3,"gold_loss":0},{"damage_healed":0,"gold_gain":0,"player_choice":"Entered Light","damage_taken":20,"max_hp_gain":0,"max_hp_loss":0,"event_name":"Shining Light","floor":5,"gold_loss":0,"cards_upgraded":["Defend_P","Strike_P"]},{"cards_removed":["Strike_P"],"damage_healed":0,"gold_gain":0,"player_choice":"Card Removal","damage_taken":7,"max_hp_gain":0,"max_hp_loss":0,"event_name":"Golden Wing","floor":7,"gold_loss":0}],"is_beta":false,"boss_relics":[],"items_purged_floors":[],"is_endless":false,"potions_floor_spawned":[4],"killed_by":"3 Sentries","ascension_level":20}}