{"host":"j5shy70asow5koz5","time":1612935175,"event":{"mods":["2.2 Compatiblity","Act Like it!","Arknights","BaseMod","Colored Map","Marisa£¨Ùöéë¡¡Øª×âÞÞ£©","Minty Spire (QoL Compilation)","Prisma Mod","StSLib","SuperFastMode","Td1madao Mod","The Disciple","The Gatherer","The Servant 0.9.4","Waifu the Spire"],"gold_per_floor":[117,117,127,144,161,161,188,188,188,198,198,210,236,348,360,467,479,508,546,12,111,36,36,50,76,76,93,103,103,103,116,116,221,221,236,236,236,250,296,296,4,34,34,44,93,128,128,160,160,160,160,160,20,48,48],"floor_reached":56,"language":"KOR","playtime":1691,"items_purged":["Strike_G","Strike_G"],"score":1328,"play_id":"c92bc12d-1917-4932-b6e3-79d3413cd650","local_time":"20210210143255","is_ascension_mode":false,"campfire_choices":[{"data":"Envenom","floor":6.0,"key":"SMITH"},{"data":"Blade Dance","floor":8.0,"key":"SMITH"},{"data":"Skewer","floor":15.0,"key":"SMITH"},{"data":"Burst","floor":23.0,"key":"SMITH"},{"data":"Backflip","floor":29.0,"key":"SMITH"},{"floor":32.0,"key":"REST"},{"floor":40.0,"key":"RECALL"},{"floor":47.0,"key":"REST"},{"floor":49.0,"key":"REST"},{"floor":52.0,"key":"REST"}],"circlet_count":0,"master_deck":["Strike_G","Strike_G+1","Defend_G","Defend_G","Defend_G","Defend_G","Defend_G","Survivor","Neutralize+1","Envenom+1","Backflip+1","Skewer+1","Blade Dance+1","PiercingWail","Blade Dance","Blade Dance","Burst+1","Prepared","PiercingWail+1","Finisher","Burst","Noxious Fumes+1","Envenom+1","Blade Dance","Backflip+1","Infinite Blades"],"relics":["Ring of the Snake","Ornamental Fan","Bottled Tornado","MawBank","Busted Crown","Red Mask","Sundial","Mercury Hourglass","Meat on the Bone","Vajra","Fusion Hammer","Tingsha","Shuriken","Snake Skull","CatCart","Letter Opener","Whetstone","Bag of Marbles"],"acts_visited":["Exordium","TheCity","TheBeyond","TheEnding"],"potions_floor_usage":[55],"damage_taken":[{"damage":0.0,"enemies":"ats:Genji","floor":1.0,"turns":4.0},{"damage":2.0,"enemies":"Cultist","floor":3.0,"turns":4.0},{"damage":2.0,"enemies":"Small Slimes","floor":4.0,"turns":3.0},{"damage":0.0,"enemies":"Looter","floor":5.0,"turns":4.0},{"damage":29.0,"enemies":"3 Sentries","floor":7.0,"turns":9.0},{"damage":6.0,"enemies":"Exordium Thugs","floor":10.0,"turns":5.0},{"damage":0.0,"enemies":"Blue Slaver","floor":13.0,"turns":3.0},{"damage":1.0,"enemies":"Hexaghost","floor":16.0,"turns":8.0},{"damage":0.0,"enemies":"Spheric Guardian","floor":18.0,"turns":4.0},{"damage":2.0,"enemies":"Masked Bandits","floor":19.0,"turns":4.0},{"damage":0.0,"enemies":"3 Byrds","floor":24.0,"turns":3.0},{"damage":6.0,"enemies":"Book of Stabbing","floor":25.0,"turns":5.0},{"damage":10.0,"enemies":"Centurion and Healer","floor":27.0,"turns":4.0},{"damage":12.0,"enemies":"Snake Plant","floor":28.0,"turns":4.0},{"damage":4.0,"enemies":"Snecko","floor":31.0,"turns":3.0},{"damage":29.0,"enemies":"Collector","floor":33.0,"turns":7.0},{"damage":0.0,"enemies":"3 Darklings","floor":35.0,"turns":3.0},{"damage":0.0,"enemies":"Orb Walker","floor":38.0,"turns":3.0},{"damage":1.0,"enemies":"2 Orb Walkers","floor":39.0,"turns":2.0},{"damage":0.0,"enemies":"Giant Head","floor":42.0,"turns":4.0},{"damage":0.0,"enemies":"Maw","floor":44.0,"turns":5.0},{"damage":0.0,"enemies":"Orin","floor":45.0,"turns":4.0},{"damage":0.0,"enemies":"Reptomancer","floor":46.0,"turns":2.0},{"damage":13.0,"enemies":"Giant Head","floor":48.0,"turns":4.0},{"damage":38.0,"enemies":"Donu and Deca","floor":50.0,"turns":5.0},{"damage":47.0,"enemies":"Shield and Spear","floor":54.0,"turns":5.0},{"damage":82,"enemies":"The Heart","floor":55,"turns":6}],"seed_played":"1942474745943243774","potions_obtained":[{"floor":5.0,"key":"GamblersBrew"},{"floor":7.0,"key":"EssenceOfSteel"},{"floor":10.0,"key":"Fire Potion"},{"floor":25.0,"key":"SteroidPotion"},{"floor":33.0,"key":"PowerPotion"},{"floor":35.0,"key":"SteroidPotion"},{"floor":38.0,"key":"CultistPotion"},{"floor":39.0,"key":"Strength Potion"},{"floor":42.0,"key":"Fire Potion"},{"floor":54.0,"key":"DistilledChaos"}],"is_trial":false,"path_per_floor":["M","?","M","M","M","R","E","R","T","M","?","$","M","?","R","B",null,"M","?","$","?","$","R","M","E","T","M","M","R","?","M","R","B",null,"M","?","?","M","?","R","$","E","T","M","?","E","R","E","R","B",null,"R","$","E","B",null],"character_chosen":"THE_SILENT","items_purchased":["Sundial","Mercury Hourglass","Prepared","Shuriken","PowerPotion","Infinite Blades"],"campfire_rested":4,"item_purchase_floors":[20,20,20,41,41,53],"current_hp_per_floor":[70,63,61,59,59,59,30,30,30,24,24,24,24,24,24,23,70,70,68,68,68,68,68,68,62,62,52,40,40,40,36,57,40,70,70,70,70,70,69,69,69,69,69,69,69,69,70,57,70,44,70,70,70,35,21],"gold":48,"neow_bonus":"ONE_RANDOM_RARE_CARD","is_daily":false,"chose_seed":false,"campfire_upgraded":5,"win_rate":0.0,"timestamp":1612935175,"path_taken":["M","?","M","?","M","R","E","R","T","M","?","$","M","?","R","BOSS","M","?","$","?","$","R","M","E","T","M","M","R","?","M","R","BOSS","M","?","?","?","?","R","?","E","T","M","?","E","R","E","R","BOSS","R","$","E","BOSS"],"items_purchased_type":["Relic","Relic","Card","Relic","Potion","Card"],"build_version":"2020-12-22","purchased_purges":2,"victory":true,"max_hp_per_floor":[70,70,70,70,70,70,70,70,70,70,70,70,70,70,70,70,70,70,70,70,70,70,70,70,70,70,70,70,70,70,70,70,70,70,70,70,70,70,70,70,70,70,70,70,70,70,70,70,70,70,70,70,70,70,70],"card_choices":[{"not_picked":["Bane","Slice"],"picked":"Backflip","floor":1.0},{"not_picked":["Underhanded Strike","Footwork","Slice"],"picked":"SKIP","floor":3.0},{"not_picked":["Deflect","Unload"],"picked":"Skewer","floor":4.0},{"not_picked":["Terror","All Out Attack"],"picked":"Blade Dance","floor":5.0},{"not_picked":["Acrobatics","Deflect"],"picked":"PiercingWail","floor":7.0},{"not_picked":["Slice","Dodge and Roll"],"picked":"Blade Dance","floor":10.0},{"not_picked":["Well Laid Plans","Blur"],"picked":"Blade Dance","floor":13.0},{"not_picked":["Corpse Explosion","Doppelganger"],"picked":"Burst","floor":16.0},{"not_picked":["Outmaneuver"],"picked":"SKIP","floor":18.0},{"not_picked":[],"picked":"PiercingWail+1","floor":24.0},{"not_picked":["Die Die Die"],"picked":"SKIP","floor":25.0},{"not_picked":[],"picked":"Finisher","floor":27.0},{"not_picked":["PiercingWail+1"],"picked":"SKIP","floor":28.0},{"not_picked":["Dodge and Roll"],"picked":"SKIP","floor":31.0},{"not_picked":[],"picked":"Burst","floor":33.0},{"not_picked":[],"picked":"Noxious Fumes+1","floor":35.0},{"not_picked":["Terror"],"picked":"SKIP","floor":38.0},{"not_picked":[],"picked":"Blade Dance","floor":39.0},{"not_picked":["Dodge and Roll+1"],"picked":"SKIP","floor":42.0},{"not_picked":["Predator+1"],"picked":"SKIP","floor":44.0},{"not_picked":["Dagger Throw"],"picked":"SKIP","floor":46.0},{"not_picked":[],"picked":"Backflip+1","floor":48.0},{"not_picked":["Masterful Stab"],"picked":"SKIP","floor":54.0}],"player_experience":89104,"relics_obtained":[{"floor":7.0,"key":"Ornamental Fan"},{"floor":9.0,"key":"Bottled Tornado"},{"floor":19.0,"key":"Red Mask"},{"floor":25.0,"key":"Meat on the Bone"},{"floor":26.0,"key":"Vajra"},{"floor":39.0,"key":"Tingsha"},{"floor":42.0,"key":"Snake Skull"},{"floor":45.0,"key":"CatCart"},{"floor":46.0,"key":"Letter Opener"},{"floor":48.0,"key":"Whetstone"},{"floor":54.0,"key":"Bag of Marbles"}],"event_choices":[{"damage_healed":0.0,"max_hp_gain":0.0,"max_hp_loss":0.0,"gold_gain":0.0,"event_name":"Wheel of Change","player_choice":"Damaged","floor":2.0,"gold_loss":0.0,"damage_taken":7.0},{"damage_healed":0.0,"max_hp_gain":0.0,"max_hp_loss":0.0,"gold_gain":0.0,"event_name":"Dead Adventurer","player_choice":"Searched \u00271\u0027 times","floor":11.0,"gold_loss":0.0,"damage_taken":0.0,"relics_obtained":["MawBank"]},{"damage_healed":0.0,"max_hp_gain":0.0,"max_hp_loss":0.0,"gold_gain":100.0,"event_name":"Golden Shrine","player_choice":"Pray","floor":14.0,"gold_loss":0.0,"damage_taken":0.0},{"damage_healed":0.0,"max_hp_gain":0.0,"max_hp_loss":0.0,"gold_gain":0.0,"event_name":"Masked Bandits","player_choice":"Fought Bandits","floor":19.0,"gold_loss":0.0,"damage_taken":0.0},{"damage_healed":0.0,"max_hp_gain":0.0,"max_hp_loss":0.0,"gold_gain":99.0,"event_name":"Nest","player_choice":"Stole From Cult","floor":21.0,"gold_loss":0.0,"damage_taken":0.0},{"damage_healed":0.0,"max_hp_gain":0.0,"max_hp_loss":0.0,"gold_gain":0.0,"event_name":"Cursed Tome","player_choice":"Ignored","floor":30.0,"gold_loss":0.0,"damage_taken":0.0},{"cards_removed":["Strike_G"],"damage_healed":0.0,"max_hp_gain":0.0,"max_hp_loss":0.0,"gold_gain":0.0,"event_name":"Falling","player_choice":"Removed Attack","floor":36.0,"gold_loss":0.0,"damage_taken":0.0},{"damage_healed":0.0,"max_hp_gain":0.0,"max_hp_loss":0.0,"gold_gain":0.0,"event_name":"Duplicator","player_choice":"Copied","floor":37.0,"gold_loss":0.0,"damage_taken":0.0,"cards_obtained":["Envenom"]},{"damage_healed":0.0,"max_hp_gain":0.0,"max_hp_loss":0.0,"gold_gain":0.0,"event_name":"Mysterious Sphere","player_choice":"Fight","floor":39.0,"gold_loss":0.0,"damage_taken":0.0},{"damage_healed":0.0,"max_hp_gain":0.0,"max_hp_loss":0.0,"gold_gain":0.0,"event_name":"OrinTheCat","player_choice":"Fight","floor":45.0,"gold_loss":0.0,"damage_taken":0.0}],"is_beta":false,"boss_relics":[{"not_picked":["Cursed Key","Velvet Choker"],"picked":"Busted Crown"},{"not_picked":["Black Star","Snecko Eye"],"picked":"Fusion Hammer"}],"items_purged_floors":[22,53],"is_endless":false,"potions_floor_spawned":[5,7,10,25,33,35,38,39,42,54],"ascension_level":0}}