{"host":"hry4lcefviisd2vw","time":1612945828,"event":{"mods":["BaseMod","Downfall","Highlight Path","Hubris","Minty Spire (QoL Compilation)","Permanent Neow","Replay The Spire","Shop Mod","StSLib"],"gold_per_floor":[0,20,20,36,54,154,181,181,281,298,324,343,354,354,354,354,354,354],"floor_reached":16,"language":"ENG","playtime":1926,"items_purged":[],"score":104,"play_id":"ce494142-ab4e-44e5-a5cb-d14ef193b7d3","local_time":"20210210003028","is_ascension_mode":false,"campfire_choices":[{"data":"hubris:EnhanceAbility","floor":1,"key":"SMITH"},{"data":"bronze:Replicate","floor":8,"key":"SMITH"}],"circlet_count":0,"master_deck":["bronze:Strike","bronze:Strike","bronze:Strike","bronze:Defend","bronze:Defend","bronze:Defend","bronze:Defend","bronze:Replicate+1","bronze:Goto","hubris:EnhanceAbility+1","bronze:Invalidate","bronze:DelayedSlice","bronze:Goto","bronze:Frontload","bronze:NullPointer","bronze:ThunderWave","Dark Shackles","hubris:Lust","bronze:AlphaBuild","bronze:ClassDefault","bronze:ChosenStrike","downfall:Haunted","downfall:Haunted","Sickly","bronze:Break"],"relics":["bronze:BronzeCore","Dream Catcher","downfall:GremlinSack","bronze:ProtectiveGoggles","Du-Vu Doll"],"acts_visited":["Exordium"],"potions_floor_usage":[9,11,15],"damage_taken":[{"damage":0,"enemies":"Small Slimes","floor":2,"turns":4},{"damage":0,"enemies":"Cultist","floor":4,"turns":3},{"damage":0,"enemies":"2 Louse","floor":5,"turns":2},{"damage":16,"enemies":"2 Louse","floor":9,"turns":3},{"damage":0,"enemies":"Exordium Wildlife","floor":10,"turns":3},{"damage":5,"enemies":"Gremlin Nob","floor":11,"turns":4},{"damage":19,"enemies":"Large Slime","floor":12,"turns":7},{"damage":0,"enemies":"2 Fungi Beasts","floor":13,"turns":6},{"damage":0,"enemies":"Exordium Thugs","floor":15,"turns":1},{"damage":34,"enemies":"WA_ARCHETYPE_RETAIN","floor":16,"turns":6}],"seed_played":"-4327203436171144390","potions_obtained":[{"floor":2,"key":"Energy Potion"},{"floor":5,"key":"hexamod:SoulburnPotion"},{"floor":11,"key":"SmokeBomb"}],"is_trial":false,"path_per_floor":["R","M","?","M","M","?","T","R","?","M","E","M","M","?","M","B"],"character_chosen":"THE_AUTOMATON","items_purchased":[],"campfire_rested":0,"item_purchase_floors":[],"current_hp_per_floor":[70,70,70,70,70,70,70,70,54,54,49,30,30,30,30,0,0,0],"gold":354,"neow_bonus":"RANDOM_COLORLESS_2","is_daily":false,"chose_seed":false,"campfire_upgraded":2,"win_rate":0.0,"timestamp":1612945828,"path_taken":["R","M","?","?","M","?","T","R","?","M","E","M","?","?","M","BOSS"],"items_purchased_type":[],"build_version":"2020-12-22","purchased_purges":0,"victory":false,"max_hp_per_floor":[70,70,70,70,70,70,70,70,70,70,70,70,70,70,70,70,70,70],"card_choices":[{"not_picked":["The Bomb","Transmutation"],"picked":"hubris:EnhanceAbility","floor":0},{"not_picked":["bronze:DelayedGuard","bronze:Frontload"],"picked":"bronze:Invalidate","floor":2},{"not_picked":["bronze:DelayedGuard","bronze:Return","bronze:BitShift"],"picked":"SKIP","floor":4},{"not_picked":["bronze:OilSpill","bronze:DelayedGuard"],"picked":"bronze:DelayedSlice","floor":5},{"not_picked":["bronze:BitShift","bronze:WildBeam"],"picked":"bronze:AlphaBuild","floor":10},{"not_picked":["bronze:Turbo","bronze:GetLatest"],"picked":"bronze:ClassDefault","floor":11},{"not_picked":["bronze:BitShift","bronze:FineTuning"],"picked":"bronze:ChosenStrike","floor":12},{"not_picked":["bronze:RecursiveStrike","bronze:NullPointer","bronze:Frontload"],"picked":"SKIP","floor":13}],"player_experience":480743,"relics_obtained":[{"floor":7,"key":"Dream Catcher"},{"floor":9,"key":"downfall:GremlinSack"},{"floor":11,"key":"bronze:ProtectiveGoggles"}],"event_choices":[{"cards_removed":["bronze:Strike"],"damage_healed":0,"gold_gain":0,"player_choice":"Offered Basic","damage_taken":0,"max_hp_gain":0,"max_hp_loss":0,"event_name":"Bonfire Elementals","floor":3,"gold_loss":0}],"is_beta":false,"boss_relics":[],"items_purged_floors":[],"is_endless":false,"potions_floor_spawned":[2,5,11,15],"killed_by":"WA_ARCHETYPE_RETAIN","ascension_level":0}}