{"host":"ox77rn1xcurm2t5a","time":1612988780,"event":{"mods":["2.2 Compatiblity","AchievementEnabler","Act Like it!","Aspiration","BaseMod","Best Route Mod","Better Match","Better Note","Better Sensory Stone","Block Reminder","Colored Map","Colored Powertips","Conjunction","Conspire","Custom Start","Energized Spire","GifTheSpireLib","Gold Saver","Gremlin Skip","Halation","Highlight Path","Hubris","Infinite Spire","Minty Spire (QoL Compilation)","Pale of the Ancients","Quick Restart","Replay The Spire","Reworked Bosses","ShortenTheSpire","Spire Exporter","StSLib","Stuff the Spire","Wandering Minibosses"],"gold_per_floor":[112,112,127,153,171,171,197,197,197,227,255,121,121,200,200,210,30,30,60,60,91,114,131,157,157,157,170,170,170,170],"floor_reached":33,"language":"ENG","playtime":774,"items_purged":["Strike_B","Strike_B","Strike_B"],"score":684,"play_id":"45592d6f-0f41-4ce9-a5f8-9590bb34ec06","local_time":"20210210222620","is_ascension_mode":true,"campfire_choices":[{"floor":6.0,"key":"RECALL"},{"data":"Dualcast","floor":8.0,"key":"SMITH"},{"data":"Ball Lightning","floor":15.0,"key":"SMITH"},{"floor":24.0,"key":"REST"},{"floor":29.0,"key":"REST"},{"data":"Ball Lightning","floor":32.0,"key":"SMITH"}],"circlet_count":0,"master_deck":["AscendersBane","Strike_B","Defend_B","Defend_B","Defend_B","Defend_B","Zap+1","Dualcast+1","Ball Lightning+1","Ball Lightning+1","Gash","Gash"],"relics":["Cracked Core","NeowsBlessing","Boot","hubris:Teleporter","HornCleat","Pet Ghost","conspire:SpecialSausage","hubris:EmptyBottle","Meat on the Bone","StuffTheSpire:GrapeVine","hubris:64BitClover"],"acts_visited":["Exordium","TheCity"],"potions_floor_usage":[33,33],"damage_taken":[{"damage":0.0,"enemies":"Cultist","floor":1.0,"turns":1.0},{"damage":0.0,"enemies":"2 Louse","floor":3.0,"turns":1.0},{"damage":0.0,"enemies":"conspire:MimicChest","floor":4.0,"turns":1.0},{"damage":2.0,"enemies":"Jaw Worm","floor":5.0,"turns":3.0},{"damage":13.0,"enemies":"3 Sentries","floor":7.0,"turns":10.0},{"damage":25.0,"enemies":"Lagavulin","floor":10.0,"turns":4.0},{"damage":0.0,"enemies":"Gremlin Nob","floor":12.0,"turns":3.0},{"damage":19.0,"enemies":"Hexaghost","floor":16.0,"turns":9.0},{"damage":16.0,"enemies":"3 Byrds","floor":18.0,"turns":3.0},{"damage":27.0,"enemies":"Book of Stabbing","floor":23.0,"turns":4.0},{"damage":10.0,"enemies":"conspire:Head Lice","floor":25.0,"turns":7.0},{"damage":0.0,"enemies":"Spheric Guardian","floor":27.0,"turns":3.0},{"damage":43.0,"enemies":"Book of Stabbing","floor":28.0,"turns":5.0},{"damage":22.0,"enemies":"Chosen and Byrds","floor":31.0,"turns":4.0},{"damage":57,"enemies":"bossMod:newChamp","floor":33,"turns":6}],"seed_played":"-8554657636594990993","potions_obtained":[{"floor":3.0,"key":"SkillPotion"},{"floor":4.0,"key":"SpeedPotion"},{"floor":12.0,"key":"Dexterity Potion"},{"floor":16.0,"key":"DistilledChaos"},{"floor":23.0,"key":"AttackPotion"},{"floor":28.0,"key":"FocusPotion"}],"is_trial":false,"path_per_floor":["M","?","M","?","M","R","E","R","T","E","E","$","R","B",null,"M","$","AVR","E","R","E","T","M","E","R","?","M","R","B"],"character_chosen":"DEFECT","items_purchased":["Gash","LiquidMemories"],"campfire_rested":2,"item_purchase_floors":[14,20],"current_hp_per_floor":[64,64,64,64,62,62,49,49,49,24,24,24,24,5,55,39,39,39,12,33,35,35,47,16,37,41,31,31,0,0],"gold":170,"neow_bonus":"THREE_ENEMY_KILL","is_daily":false,"chose_seed":false,"campfire_upgraded":3,"win_rate":0.0,"timestamp":1612988780,"path_taken":["M","?","M","?","M","R","E","R","T","E","E","$","R","BOSS","M","$","AVR","E","R","E","T","M","E","R","?","M","R","BOSS"],"items_purchased_type":["Card","Potion"],"build_version":"2020-12-22","purchased_purges":3,"victory":false,"max_hp_per_floor":[71,71,71,71,71,71,71,71,71,71,71,71,71,71,71,71,71,71,71,71,71,71,71,71,71,71,71,71,71,71],"card_choices":[{"not_picked":["ReplayTheSpireMod:Dual Polarity","Turbo"],"picked":"Ball Lightning","floor":1.0},{"not_picked":["Streamline","StuffTheSpire:LoadUp","Hologram"],"picked":"SKIP","floor":3.0},{"not_picked":["Barrage","Rebound","BasicCrystalCard"],"picked":"SKIP","floor":5.0},{"not_picked":["Streamline","Doom and Gloom"],"picked":"Ball Lightning","floor":7.0},{"not_picked":["StuffTheSpire:ForEach","Stack","Rebound"],"picked":"SKIP","floor":10.0},{"not_picked":["Reinforced Body","Cold Snap","Stack"],"picked":"SKIP","floor":12.0},{"not_picked":["conspire:SharedLibrary","Ball Lightning"],"picked":"Gash","floor":18.0},{"not_picked":["hubris:SpecializedCircuitry","Streamline","Tempest"],"picked":"SKIP","floor":23.0},{"not_picked":["Coolheaded","FTL","StuffTheSpire:Plugnplay+1"],"picked":"SKIP","floor":25.0},{"not_picked":["Hello World","Darkness","Compile Driver"],"picked":"SKIP","floor":27.0},{"not_picked":["hubris:SpecializedCircuitry","Go for the Eyes","Panic Button"],"picked":"SKIP","floor":28.0},{"not_picked":["Steam","BasicCrystalCard","Conserve Battery"],"picked":"SKIP","floor":31.0}],"player_experience":3076371,"relics_obtained":[{"floor":4.0,"key":"Boot"},{"floor":7.0,"key":"hubris:Teleporter"},{"floor":10.0,"key":"HornCleat"},{"floor":12.0,"key":"Pet Ghost"},{"floor":23.0,"key":"Meat on the Bone"},{"floor":25.0,"key":"StuffTheSpire:GrapeVine"},{"floor":28.0,"key":"hubris:64BitClover"}],"event_choices":[{"damage_healed":0.0,"max_hp_gain":0.0,"max_hp_loss":0.0,"gold_gain":0.0,"event_name":"Living Wall","player_choice":"Grow","floor":2.0,"gold_loss":0.0,"damage_taken":0.0,"cards_upgraded":["Zap"]}],"is_beta":false,"boss_relics":[{"not_picked":["energizedSpire:EnergizedDie","hubris:CrackedHourglass","aspiration:PoetsPen_weak"]}],"items_purged_floors":[14,20,22],"is_endless":false,"potions_floor_spawned":[3,4,12,16,23,28],"killed_by":"bossMod:newChamp","ascension_level":20}}