{"host":"1bvadgc0hovl67h4","time":1612926813,"event":{"mods":["BaseMod","Colored Map","Downfall","Hermit","Minty Spire (QoL Compilation)","Morshu Shopkeeper","Morshu Shopkeeper - ENHANCED","StSLib","The Cursed"],"gold_per_floor":[117,129,143,214,214,214,241,241,311,344,144,176,205,219,219,319,319,334,334,177,132,132],"floor_reached":21,"language":"ENG","playtime":1089,"items_purged":[],"score":255,"play_id":"a50a3293-754f-4512-8a57-b2e0e0a5ebbc","local_time":"20210209191333","daily_mods":["DeadlyEvents","Cursed Run","Elite Swarm","downfall:ExchangeController"],"is_ascension_mode":false,"campfire_choices":[{"data":"TheCursedMod:CursedWand","floor":6.0,"key":"SMITH"},{"data":"TheCursedMod:VoidForm","floor":8.0,"key":"SMITH"},{"data":"TheCursedMod:CursedRelics","floor":15.0,"key":"SMITH"}],"circlet_count":0,"master_deck":["TheCursedMod:Strike_TheCursed","TheCursedMod:Strike_TheCursed","TheCursedMod:Strike_TheCursed","TheCursedMod:Strike_TheCursed","TheCursedMod:Defend_TheCursed","TheCursedMod:Defend_TheCursed","TheCursedMod:Defend_TheCursed","TheCursedMod:Defend_TheCursed","TheCursedMod:CursedWand+1","TheCursedMod:CleanUpWorkshop","TheCursedMod:Dregs","TheCursedMod:CursedShiv","TheCursedMod:CursedBlade","TheCursedMod:SpitefulStrike","TheCursedMod:VoidForm+1","Clumsy","TheCursedMod:TacticalStrike","TheCursedMod:CursedRelics+1","TheCursedMod:DemonSword","TheCursedMod:CursedStaff","Shame","TheCursedMod:OutForBlood","TheCursedMod:SurpriseAttack"],"relics":["Cursed Key","Darkstone Periapt","Du-Vu Doll","downfall:NeowBlessing_Player","bronze:BronzeIdol","Pear","MealTicket","Happy Flower","champ:DeflectingBracers","Bag of Marbles","TheCursedMod:OminousMark","Bag of Preparation"],"acts_visited":["Exordium","TheCity"],"potions_floor_usage":[],"damage_taken":[{"damage":0.0,"enemies":"2 Louse","floor":1.0,"turns":4.0},{"damage":3.0,"enemies":"Jaw Worm","floor":2.0,"turns":5.0},{"damage":4.0,"enemies":"Cultist","floor":3.0,"turns":4.0},{"damage":17.0,"enemies":"3 Sentries","floor":7.0,"turns":7.0},{"damage":49.0,"enemies":"Gremlin Nob","floor":10.0,"turns":6.0},{"damage":49.0,"enemies":"Lagavulin","floor":12.0,"turns":7.0},{"damage":18.0,"enemies":"3 Sentries","floor":13.0,"turns":4.0},{"damage":5.0,"enemies":"Exordium Thugs","floor":14.0,"turns":2.0},{"damage":48.0,"enemies":"Hexaghost","floor":16.0,"turns":8.0},{"damage":38,"enemies":"3 Byrds","floor":18,"turns":6},{"damage":15,"enemies":"2 Thieves","floor":21,"turns":2}],"seed_played":"-6974314863845907272","potions_obtained":[{"floor":3.0,"key":"bronze:BurnAndBuffPotion"},{"floor":7.0,"key":"GamblersBrew"},{"floor":12.0,"key":"Fire Potion"},{"floor":13.0,"key":"Explosive Potion"},{"floor":16.0,"key":"ColorlessPotion"},{"floor":18,"key":"Regen Potion"}],"is_trial":true,"path_per_floor":["M","M","M","?","?","R","E","R","T","E","$","E","E","M","R","B",null,"M","?","$","M"],"character_chosen":"THE_CURSED","items_purchased":["TheCursedMod:TacticalStrike","Happy Flower","Bag of Preparation"],"campfire_rested":0,"item_purchase_floors":[11,11,20],"current_hp_per_floor":[175,172,168,168,175,175,158,158,174,125,140,91,73,68,68,26,297,259,259,274,259,259],"gold":132,"neow_bonus":"","is_daily":false,"chose_seed":false,"campfire_upgraded":3,"win_rate":0.0,"timestamp":1612926813,"path_taken":["M","M","M","?","?","R","E","R","T","E","?","?","E","M","R","BOSS","M","?","$","?"],"items_purchased_type":["Card","Relic","Relic"],"build_version":"2020-12-22","purchased_purges":0,"victory":false,"max_hp_per_floor":[175,175,175,175,175,175,175,175,191,191,191,191,191,191,191,197,297,297,297,297,297,297],"card_choices":[{"not_picked":["TheCursedMod:SpreadPlague","TheCursedMod:VitalStrike"],"picked":"TheCursedMod:CursedShiv","floor":1.0},{"not_picked":["TheCursedMod:WearCloak","TheCursedMod:StingEye"],"picked":"TheCursedMod:CursedBlade","floor":2.0},{"not_picked":["TheCursedMod:CursedShiv","TheCursedMod:VitalStrike"],"picked":"TheCursedMod:SpitefulStrike","floor":3.0},{"not_picked":["TheCursedMod:DemonSword","TheCursedMod:NeowsMight"],"picked":"TheCursedMod:VoidForm","floor":7.0},{"not_picked":["TheCursedMod:ParallelWorld","TheCursedMod:ShockAndAwe","TheCursedMod:Neurasthenia"],"picked":"SKIP","floor":10.0},{"not_picked":["TheCursedMod:CircleOfAbyss","TheCursedMod:ShockAndAwe"],"picked":"TheCursedMod:CursedRelics","floor":12.0},{"not_picked":["TheCursedMod:CircleOfAbyss","TheCursedMod:CursedRelics"],"picked":"TheCursedMod:DemonSword","floor":13.0},{"not_picked":["TheCursedMod:CircleOfCorruption","TheCursedMod:VitalStrike"],"picked":"TheCursedMod:CursedStaff","floor":14.0},{"not_picked":["TheCursedMod:DemonSword","TheCursedMod:DemonicPact"],"picked":"TheCursedMod:OutForBlood","floor":16.0},{"not_picked":["TheCursedMod:HellsGateOpen+1","TheCursedMod:AshesToAshes+1"],"picked":"TheCursedMod:SurpriseAttack","floor":18}],"player_experience":271533,"relics_obtained":[{"floor":7.0,"key":"bronze:BronzeIdol"},{"floor":9.0,"key":"Pear"},{"floor":10.0,"key":"MealTicket"},{"floor":12.0,"key":"champ:DeflectingBracers"},{"floor":13.0,"key":"Bag of Marbles"}],"event_choices":[{"damage_healed":0.0,"max_hp_gain":0.0,"max_hp_loss":0.0,"gold_gain":71.0,"event_name":"Golden Wing","player_choice":"Gained Gold","floor":4.0,"gold_loss":0.0,"damage_taken":0.0},{"damage_healed":7.0,"max_hp_gain":0.0,"max_hp_loss":0.0,"gold_gain":0.0,"event_name":"Wheel of Change","player_choice":"Full Heal","floor":5.0,"gold_loss":0.0,"damage_taken":0.0},{"damage_healed":0,"gold_gain":0,"player_choice":"Ignored","damage_taken":0,"max_hp_gain":0,"max_hp_loss":0,"event_name":"Ghosts","floor":19,"gold_loss":0}],"is_beta":false,"boss_relics":[{"not_picked":["Busted Crown","Pandora\u0027s Box"],"picked":"TheCursedMod:OminousMark"}],"items_purged_floors":[],"is_endless":false,"potions_floor_spawned":[3,7,12,13,16,18],"killed_by":"2 Thieves","ascension_level":0}}