{"host":"dmtlrev5pkc1867p","time":1612929923,"event":{"mods":["A Magickal Journey","BaseMod","Colored Map","Colored Powertips","Downfall","Hermit","Highlight Path","Infinite Spire","Marisa¡]Ãú«B¡@Å]²z¨F¡^","Minty Spire (QoL Compilation)","Permanent Neow","Quick Restart","Rare Cards Sparkle","Relic Stats","Replay The Spire","StSLib","SuperFastMode","The Construct","The Cursed","The Disciple","The Hierophant","The Necromancer","The Runesmith","The Servant 0.9.4"],"gold_per_floor":[110,130,130,144,144,160,160,171,171,171],"floor_reached":9,"language":"ZHS","playtime":374,"items_purged":[],"score":110,"play_id":"f21a41b6-e18f-4035-880c-389af005a99c","local_time":"20210210120523","daily_mods":["Heirloom","Flight","DeadlyEvents","Elite Swarm"],"is_ascension_mode":true,"campfire_choices":[],"circlet_count":0,"master_deck":["AscendersBane","Strike_W","Strike_W","Strike_W","Strike_W","Defend_W","Defend_W","Defend_W","Defend_W","Negative_Energy_Arrows","Bone_Wall","Plague_Bolt","TheCursedMod:Hemoplague","TheCursedMod:CursedAmulet","TheCursedMod:BloodBarrier","TheCursedMod:VoidForm"],"relics":["Vampire_Amulet","Replay:PocketPolymizer","ReplayTheSpireMod:Ring of Challenge"],"acts_visited":[],"potions_floor_usage":[9,9],"damage_taken":[{"damage":1.0,"enemies":"2 Louse","floor":1.0,"turns":3.0},{"damage":9.0,"enemies":"Small Slimes","floor":2.0,"turns":4.0},{"damage":5.0,"enemies":"Jaw Worm","floor":4.0,"turns":5.0},{"damage":13.0,"enemies":"3 Louse","floor":6.0,"turns":5.0},{"damage":11.0,"enemies":"Blue Slaver","floor":8.0,"turns":5.0},{"damage":48,"enemies":"3 Sentries","floor":9,"turns":8}],"seed_played":"7399202795095637648","potions_obtained":[{"floor":2.0,"key":"Block Potion"},{"floor":6.0,"key":"Flashbang"}],"is_trial":true,"path_per_floor":["M","M","?","M","?","M","T","M","E"],"character_chosen":"NECROMANCER","items_purchased":[],"campfire_rested":0,"item_purchase_floors":[],"current_hp_per_floor":[67,62,62,59,59,52,52,43,0,0],"gold":171,"neow_bonus":"","is_daily":false,"chose_seed":false,"campfire_upgraded":0,"win_rate":0.0,"timestamp":1612929923,"path_taken":["M","M","?","M","?","M","T","M","E"],"items_purchased_type":[],"build_version":"2020-12-22","purchased_purges":0,"victory":false,"max_hp_per_floor":[71,71,71,71,71,71,71,71,71,71],"relic_stats":{"counters":[6,30],"obtain_stats":[{"Replay:PocketPolymizer":0,"Vampire_Amulet":0,"ReplayTheSpireMod:Ring of Challenge":5},{"Replay:PocketPolymizer":0,"Vampire_Amulet":0,"ReplayTheSpireMod:Ring of Challenge":3},{"Replay:PocketPolymizer":0,"Vampire_Amulet":0,"ReplayTheSpireMod:Ring of Challenge":12}]},"card_choices":[{"not_picked":["Stop_Heart","TheCursedMod:CircleOfCorruption"],"picked":"Plague_Bolt","floor":1.0},{"not_picked":["TheCursedMod:FuryStrike","Stop_Heart"],"picked":"TheCursedMod:Hemoplague","floor":2.0},{"not_picked":["TheCursedMod:CursedShiv","TheCursedMod:Obscuration"],"picked":"TheCursedMod:CursedAmulet","floor":4.0},{"not_picked":["TheCursedMod:SmokeScreen","Vampiric_Strike"],"picked":"TheCursedMod:BloodBarrier","floor":6.0},{"not_picked":["Finger_Of_Death","TheCursedMod:Mangle"],"picked":"TheCursedMod:VoidForm","floor":8.0}],"player_experience":677797,"relics_obtained":[{"floor":5.0,"key":"ReplayTheSpireMod:Ring of Challenge"}],"event_choices":[{"damage_healed":0.0,"max_hp_gain":0.0,"max_hp_loss":0.0,"gold_gain":0.0,"event_name":"Scrap Ooze","player_choice":"Fled","floor":3.0,"gold_loss":0.0,"damage_taken":0.0}],"is_beta":false,"boss_relics":[],"items_purged_floors":[],"is_endless":false,"potions_floor_spawned":[2,6],"killed_by":"3 Sentries","ascension_level":20}}