{"host":"qdclwaeybsqc6q1a","time":1612980063,"event":{"mods":["AchievementEnabler","Act Like it!","BaseMod","Colored Map","Colored Powertips","Hallownest","Hubris","Humility","Infinite Spire","Minty Spire (QoL Compilation)","Rare Cards Sparkle","Reliquary","Spikes Relics","StSLib"],"gold_per_floor":[119,138,138,28,40,40,65,32,55,55,55],"floor_reached":10,"language":"POL","playtime":507,"items_purged":[],"score":76,"play_id":"bc32df42-24d9-4b99-9eab-e1979d12e41a","local_time":"20210210190103","is_ascension_mode":true,"campfire_choices":[{"floor":6,"key":"RECALL"}],"circlet_count":0,"master_deck":["Strike_B","Strike_B","Strike_B","Strike_B","Defend_B","Defend_B","Defend_B","Defend_B","Zap","Dualcast","Redo","Scrape","Turbo","Electrodynamics","Static Discharge"],"relics":["Cracked Core","Centennial Puzzle","infinitespire:PuzzleCube"],"acts_visited":["Exordium"],"potions_floor_usage":[7,7,7],"damage_taken":[{"damage":6.0,"enemies":"Cultist","floor":1.0,"turns":4.0},{"damage":0,"enemies":"Jaw Worm","floor":2,"turns":5},{"damage":13,"enemies":"infinitespire:Voidling","floor":5,"turns":4},{"damage":20,"enemies":"3 Sentries","floor":7,"turns":6},{"damage":50,"enemies":"Gremlin Nob","floor":10,"turns":3}],"seed_played":"-2603674609894755762","potions_obtained":[{"floor":0.0,"key":"EssenceOfDarkness"},{"floor":0.0,"key":"Block Potion"},{"floor":0.0,"key":"SmokeBomb"},{"floor":5,"key":"Fire Potion"}],"is_trial":false,"path_per_floor":["M","M","?","?","M","R","E","$","T","E"],"character_chosen":"DEFECT","items_purchased":["Static Discharge"],"campfire_rested":0,"item_purchase_floors":[8],"current_hp_per_floor":[69,69,69,69,61,61,41,41,41,0,0],"gold":55,"neow_bonus":"THREE_SMALL_POTIONS","is_daily":false,"chose_seed":false,"campfire_upgraded":0,"win_rate":0.0,"timestamp":1612980063,"path_taken":["M","M","?","?","?","R","E","$","T","E"],"items_purchased_type":["Card"],"build_version":"2020-12-22","purchased_purges":0,"victory":false,"max_hp_per_floor":[75,75,75,75,75,75,75,75,75,75,75],"card_choices":[{"not_picked":["Stack","Cold Snap"],"picked":"Redo","floor":1.0},{"not_picked":["Sweeping Beam","Stack"],"picked":"Scrape","floor":2},{"not_picked":["Compile Driver","Beam Cell"],"picked":"Turbo","floor":5},{"not_picked":["Force Field","Fusion"],"picked":"Electrodynamics","floor":7}],"player_experience":279008,"relics_obtained":[{"floor":7,"key":"infinitespire:PuzzleCube"}],"event_choices":[{"damage_healed":0,"gold_gain":0,"player_choice":"Leave","damage_taken":0,"max_hp_gain":0,"max_hp_loss":0,"event_name":"The Cleric","floor":3,"gold_loss":0},{"damage_healed":0,"gold_gain":0,"player_choice":"Paid Gold","damage_taken":0,"relics_obtained":["Centennial Puzzle"],"max_hp_gain":0,"max_hp_loss":0,"event_name":"WeMeetAgain","floor":4,"gold_loss":110}],"is_beta":false,"boss_relics":[],"items_purged_floors":[],"is_endless":false,"potions_floor_spawned":[2,5],"killed_by":"Gremlin Nob","ascension_level":3,"is_humility":true}}