{"host":"vlqejv0notyktumz","time":1612916367,"event":{"mods":["AchievementEnabler","BaseMod","Colored Map","Colored Powertips","Downfall","Googly Eyes","Minty Spire (QoL Compilation)","StSLib"],"gold_per_floor":[110,121,139,21,96,96,106,106,106,132,149,149,149],"floor_reached":12,"language":"ENG","playtime":245,"items_purged":[],"score":124,"play_id":"613c5274-4a3f-43a8-bd83-e8fceb5e9bf1","local_time":"20210209181927","is_ascension_mode":true,"campfire_choices":[{"data":"Streamline","floor":6,"key":"SMITH"},{"floor":8,"key":"REST"}],"circlet_count":0,"master_deck":["AscendersBane","Strike_B","Strike_B","Strike_B","Strike_B","Defend_B","Defend_B","Defend_B","Defend_B","Zap","Dualcast","Mind Blast","Sweeping Beam","Redo","Stack","Auto Shields","Streamline+1","Conserve Battery","Steam Power","Streamline"],"relics":["Cracked Core","Potion Belt","Matryoshka"],"acts_visited":["Exordium"],"potions_floor_usage":[3,10],"damage_taken":[{"damage":7,"enemies":"Jaw Worm","floor":1,"turns":4},{"damage":0,"enemies":"Cultist","floor":2,"turns":4},{"damage":0,"enemies":"Small Slimes","floor":3,"turns":2},{"damage":35,"enemies":"Gremlin Gang","floor":7,"turns":5},{"damage":26,"enemies":"Lagavulin","floor":10,"turns":6},{"damage":4,"enemies":"Red Slaver","floor":11,"turns":3},{"damage":11,"enemies":"Gremlin Nob","floor":12,"turns":2}],"seed_played":"-3700778832465952520","potions_obtained":[{"floor":1,"key":"Fire Potion"},{"floor":7,"key":"Block Potion"},{"floor":11,"key":"PotionOfCapacity"}],"is_trial":false,"path_per_floor":["M","M","M","$","?","R","M","R","T","E","M","E"],"character_chosen":"DEFECT","items_purchased":["Auto Shields","Streamline"],"campfire_rested":1,"item_purchase_floors":[4,4],"current_hp_per_floor":[61,61,61,61,54,54,19,41,41,15,11,0,0],"gold":149,"neow_bonus":"RANDOM_COLORLESS","is_daily":false,"chose_seed":false,"campfire_upgraded":1,"win_rate":0.0,"timestamp":1612916367,"path_taken":["M","M","M","$","?","R","M","R","T","E","?","E"],"items_purchased_type":["Card","Card"],"build_version":"2020-12-22","purchased_purges":0,"victory":false,"max_hp_per_floor":[75,75,75,75,75,75,75,75,75,75,75,75,75],"card_choices":[{"not_picked":["Blind","Deep Breath"],"picked":"Mind Blast","floor":0},{"not_picked":["Hologram","Recycle"],"picked":"Sweeping Beam","floor":1},{"not_picked":["Rebound","Rainbow"],"picked":"Redo","floor":2},{"not_picked":["Capacitor","Gash"],"picked":"Stack","floor":3},{"not_picked":["Redo","Streamline"],"picked":"Conserve Battery","floor":7},{"not_picked":["Chaos","Heatsinks"],"picked":"Steam Power","floor":10},{"not_picked":["Rip and Tear","Genetic Algorithm"],"picked":"Streamline","floor":11}],"player_experience":408956,"relics_obtained":[{"floor":9,"key":"Potion Belt"},{"floor":10,"key":"Matryoshka"}],"event_choices":[{"damage_healed":0,"gold_gain":75,"player_choice":"Touch","damage_taken":7,"max_hp_gain":0,"max_hp_loss":0,"event_name":"FaceTrader","floor":5,"gold_loss":0}],"is_beta":false,"boss_relics":[],"items_purged_floors":[],"is_endless":false,"potions_floor_spawned":[1,7,11],"killed_by":"Gremlin Nob","ascension_level":11}}