{"host":"k1qq3tnzhl68zvao","time":1612971236,"event":{"mods":["ATMod(阿瑾Mod)","AchievementEnabler","BaseMod","Colored Powertips","Conspire","DeckTracker","Downfall","Energized Spire","GifTheSpireLib","Minty Spire (QoL Compilation)","Quick Restart","Relic Filter Mod","Replay The Spire","Spicy Shops","StSLib","【遗物卡牌】REMEMod"],"gold_per_floor":[111,125,125,138,153,187,187,220,295,310,310,343,98,125,125,230,230,243,243,261,58,58,93,93,120,167,184,184,184,184],"floor_reached":29,"language":"ZHS","playtime":3534,"items_purged":["Voices","Atom Bomb"],"score":420,"play_id":"78a3d965-61b4-4d67-860c-b7e00a29e543","local_time":"20210210233356","is_ascension_mode":true,"campfire_choices":[{"data":"Cloak And Dagger","floor":7,"key":"SMITH"},{"floor":11,"key":"REST"},{"floor":15,"key":"REST"},{"data":"ReplayTheSpireMod:Shiv Toss","floor":24,"key":"SMITH"}],"circlet_count":0,"master_deck":["Survivor","Neutralize","AT_FamilyPortrait","champ:GladiatorStyle","ReplayTheSpireMod:Shiv Toss+1","AT_WindFlip","Backflip","Cloak And Dagger+1","Blade Dance","Tactician","Prepared","Underhanded Strike","Venomology","Storm of Steel","ReplayTheSpireMod:The Works","Unload","Quick Slash+1","Ghostly","Ghostly","Ghostly","Ghostly","Ghostly","Deflect","Hidden Blade","Footwork","Glass Knife","PiercingWail","Hidden Blade","AT_KneejerkReflex","Hidden Blade+1","Slimebound:Tackle+1","Slimebound:Tackle+1","Slimebound:Tackle+1"],"relics":["Ring of the Snake","AT_ATBox","REME_ComplimentaryCards","FossilizedHelix","Dream Catcher","The Courier","Potion Belt","conspire:Flyswatter","Quantum Egg","ReplayTheSpireMod:CursedCoin","Replay:PocketPolymizer","Pandora\u0027s Box","Anchor","Blue Candle","AT_SilvercatRing","AT_ForceNature","Replay:Baseball"],"acts_visited":["Exordium","TheCity"],"potions_floor_usage":[8,23,25],"damage_taken":[{"damage":0,"enemies":"Cultist","floor":1,"turns":3},{"damage":0,"enemies":"Jaw Worm","floor":2,"turns":4},{"damage":6,"enemies":"2 Louse","floor":4,"turns":3},{"damage":0,"enemies":"Looter","floor":5,"turns":3},{"damage":31,"enemies":"Gremlin Nob","floor":6,"turns":7},{"damage":3,"enemies":"Lagavulin","floor":8,"turns":7},{"damage":0,"enemies":"Exordium Thugs","floor":10,"turns":2},{"damage":18,"enemies":"Gremlin Nob","floor":12,"turns":4},{"damage":0,"enemies":"3 Sentries","floor":14,"turns":5},{"damage":33,"enemies":"Fading Forest","floor":16,"turns":11},{"damage":0,"enemies":"2 Thieves","floor":18,"turns":2},{"damage":1,"enemies":"3 Byrds","floor":20,"turns":3},{"damage":4,"enemies":"Slavers","floor":23,"turns":7},{"damage":3,"enemies":"Book of Stabbing","floor":25,"turns":6},{"damage":0,"enemies":"Centurion and Healer","floor":27,"turns":7},{"damage":3,"enemies":"Gremlin Leader","floor":29,"turns":3}],"seed_played":"3329522020432284234","potions_obtained":[{"floor":2,"key":"SkillPotion"},{"floor":4,"key":"champ:CounterPotion"},{"floor":12,"key":"Fire Potion"},{"floor":16,"key":"Milkshake"},{"floor":23,"key":"Flashbang"},{"floor":27,"key":"Energy Potion"}],"is_trial":false,"path_per_floor":["M","M","?","M","M","E","R","E","T","M","R","E","$","E","R","B",null,"M","?","M","$","?","E","R","E","T","M","?","E"],"character_chosen":"THE_SILENT","items_purchased":["conspire:Flyswatter","Underhanded Strike","Quantum Egg","ReplayTheSpireMod:CursedCoin","Anchor"],"campfire_rested":2,"item_purchase_floors":[13,13,13,13,21],"current_hp_per_floor":[49,49,49,43,43,12,12,9,9,9,30,12,12,19,40,22,58,58,35,34,34,29,25,25,22,22,22,22,19,19],"gold":184,"neow_bonus":"ONE_RARE_RELIC","is_daily":false,"chose_seed":false,"campfire_upgraded":2,"win_rate":0.0,"timestamp":1612971236,"path_taken":["M","M","?","M","?","E","R","E","T","M","R","E","?","E","R","BOSS","M","?","M","$","?","E","R","E","T","M","?","E"],"items_purchased_type":["Relic","Card","Relic","Relic","Relic"],"build_version":"2020-12-22","purchased_purges":2,"victory":false,"max_hp_per_floor":[70,70,70,70,70,70,70,70,70,70,70,70,70,70,70,70,70,70,35,35,35,35,35,35,35,35,35,35,35,35],"card_choices":[{"not_picked":["Bane","Flechettes"],"picked":"ReplayTheSpireMod:Shiv Toss","floor":1},{"not_picked":["Poisoned Stab","Setup"],"picked":"AT_WindFlip","floor":2},{"not_picked":["Outmaneuver","Slice"],"picked":"Backflip","floor":4},{"not_picked":["Poisoned Stab","Outmaneuver","Blur"],"picked":"SKIP","floor":5},{"not_picked":["Endless Agony","Quick Slash"],"picked":"Cloak And Dagger","floor":6},{"not_picked":["Choke","Envenom","ReplayTheSpireMod:Tripwire"],"picked":"SKIP","floor":8},{"not_picked":["ReplayTheSpireMod:Exploit Weakness","Dagger Throw"],"picked":"Blade Dance","floor":10},{"not_picked":["AT_WindFlip","Prepared"],"picked":"Tactician","floor":11},{"not_picked":["Flying Knee","conspire:DoublingDagger"],"picked":"Prepared","floor":12},{"not_picked":["Prepared","Sucker Punch"],"picked":"REME_CopyPotion","floor":14},{"not_picked":["Masterful Stab+1","PiercingWail"],"picked":"Quick Slash+1","floor":18},{"not_picked":["Choke+1","Slice"],"picked":"Deflect","floor":20},{"not_picked":["Acrobatics","Prepared+1"],"picked":"Hidden Blade","floor":23},{"not_picked":["Flying Knee","Acrobatics+1","Grand Finale"],"picked":"SKIP","floor":25},{"not_picked":["Outmaneuver","Crippling Poison"],"picked":"Hidden Blade+1","floor":27}],"player_experience":558245,"relics_obtained":[{"floor":6,"key":"Dream Catcher"},{"floor":9,"key":"The Courier"},{"floor":12,"key":"Potion Belt"},{"floor":14,"key":"Replay:PocketPolymizer"},{"floor":23,"key":"AT_SilvercatRing"},{"floor":25,"key":"AT_ForceNature"},{"floor":26,"key":"Replay:Baseball"}],"event_choices":[{"cards_removed":["Strike_G"],"damage_healed":0,"gold_gain":0,"player_choice":"Purged","damage_taken":0,"max_hp_gain":0,"max_hp_loss":0,"event_name":"Purifier","floor":3,"gold_loss":0},{"damage_healed":0,"gold_gain":0,"player_choice":"Became a Ghost","damage_taken":0,"max_hp_gain":0,"max_hp_loss":35,"event_name":"Ghosts","floor":19,"gold_loss":0,"cards_obtained":["Ghostly","Ghostly","Ghostly","Ghostly","Ghostly"]}],"is_beta":false,"boss_relics":[{"not_picked":["Snecko Eye","Replay:Ancient Bell"],"picked":"Pandora\u0027s Box"}],"items_purged_floors":[13,21],"is_endless":false,"potions_floor_spawned":[2,4,12,16,23,27],"killed_by":"Gremlin Leader","ascension_level":5}}