{"host":"15dd7v8o90xso62x","time":1612987232,"event":{"mods":["BaseMod","Minty Spire (QoL Compilation)","Quick Restart","StSLib","SuperFastMode"],"gold_per_floor":[116,134,134,134,16,43,59,72,97,47,47,47,59,91,91,168,168,178,203,153,153,168,197,197,212,212,228,228,242,271,289,289,289,289],"floor_reached":33,"language":"KOR","playtime":1867,"items_purged":["Strike_G","Strike_G","Strike_G"],"score":694,"play_id":"54b3f9b7-a715-4eea-b2c6-94babe1932ef","local_time":"20210211050032","is_ascension_mode":true,"campfire_choices":[{"data":"Bouncing Flask","floor":12,"key":"SMITH"},{"data":"Wraith Form v2","floor":15,"key":"SMITH"},{"floor":24,"key":"REST"},{"floor":32,"key":"REST"}],"circlet_count":0,"master_deck":["AscendersBane","Defend_G","Defend_G","Survivor","Neutralize","Dash","Well Laid Plans","Escape Plan","Quick Slash","Bouncing Flask+1","Blur","Wraith Form v2+1","Malaise","Footwork+1","Prepared+1","Backflip","PiercingWail","Noxious Fumes"],"relics":["Ring of the Snake","NeowsBlessing","Centennial Puzzle","Smiling Mask","Orichalcum","Empty Cage","Red Mask","Dream Catcher","Turnip","Meat on the Bone"],"acts_visited":["Exordium","TheCity"],"potions_floor_usage":[14,16,19,27,28,30,31],"damage_taken":[{"damage":0,"enemies":"Jaw Worm","floor":1,"turns":1},{"damage":0,"enemies":"2 Louse","floor":2,"turns":1},{"damage":0,"enemies":"Lagavulin","floor":6,"turns":1},{"damage":3,"enemies":"Small Slimes","floor":7,"turns":4},{"damage":1,"enemies":"Red Slaver","floor":8,"turns":4},{"damage":6,"enemies":"Large Slime","floor":13,"turns":5},{"damage":0,"enemies":"Gremlin Nob","floor":14,"turns":3},{"damage":14,"enemies":"Hexaghost","floor":16,"turns":8},{"damage":0,"enemies":"Spheric Guardian","floor":18,"turns":4},{"damage":27,"enemies":"Masked Bandits","floor":19,"turns":7},{"damage":8,"enemies":"2 Thieves","floor":22,"turns":5},{"damage":5,"enemies":"Book of Stabbing","floor":23,"turns":8},{"damage":6,"enemies":"Snake Plant","floor":25,"turns":5},{"damage":0,"enemies":"Centurion and Healer","floor":27,"turns":11},{"damage":3,"enemies":"Colosseum Slavers","floor":28,"turns":8},{"damage":0,"enemies":"Snecko","floor":29,"turns":6},{"damage":22,"enemies":"Gremlin Leader","floor":30,"turns":9},{"damage":7,"enemies":"Cultist and Chosen","floor":31,"turns":8},{"damage":65,"enemies":"Champ","floor":33,"turns":12}],"seed_played":"1011411854441992423","potions_obtained":[{"floor":1,"key":"DuplicationPotion"},{"floor":13,"key":"GhostInAJar"},{"floor":14,"key":"DistilledChaos"},{"floor":23,"key":"Weak Potion"},{"floor":25,"key":"DistilledChaos"},{"floor":27,"key":"LiquidBronze"},{"floor":29,"key":"Regen Potion"}],"is_trial":false,"path_per_floor":["M","M","?","?","$","E","M","M","T","$","?","R","M","E","R","B",null,"M","?","$","?","M","E","R","M","T","M","?","M","E","M","R","B"],"character_chosen":"THE_SILENT","items_purchased":["Well Laid Plans"],"campfire_rested":2,"item_purchase_floors":[5],"current_hp_per_floor":[59,59,52,57,57,57,54,53,53,53,53,53,47,47,47,33,62,62,35,35,35,27,22,43,37,37,37,34,34,12,32,53,0,0],"gold":289,"neow_bonus":"THREE_ENEMY_KILL","is_daily":false,"chose_seed":false,"campfire_upgraded":2,"win_rate":0.0,"timestamp":1612987232,"path_taken":["M","M","?","?","$","E","M","M","T","$","?","R","?","E","R","BOSS","M","?","$","?","M","E","R","M","T","M","?","M","E","M","R","BOSS"],"items_purchased_type":["Card"],"build_version":"2020-12-22","purchased_purges":3,"victory":false,"max_hp_per_floor":[66,66,66,71,71,71,71,71,71,71,71,71,71,71,71,71,71,71,71,71,71,71,71,71,71,71,71,71,71,71,71,71,71,71],"card_choices":[{"not_picked":["Distraction","Deflect","Prepared"],"picked":"SKIP","floor":1},{"not_picked":["Expertise","Leg Sweep"],"picked":"Dash","floor":2},{"not_picked":["Bane","Cloak And Dagger"],"picked":"Escape Plan","floor":6},{"not_picked":["Deadly Poison","Acrobatics"],"picked":"Quick Slash","floor":7},{"not_picked":["Quick Slash","Backflip"],"picked":"Bouncing Flask","floor":8},{"not_picked":["Cloak And Dagger","Dagger Spray"],"picked":"Blur","floor":13},{"not_picked":["Bane","Dodge and Roll"],"picked":"Wraith Form v2","floor":14},{"not_picked":["Storm of Steel","Glass Knife"],"picked":"Malaise","floor":16},{"not_picked":["Sucker Punch","Quick Slash+1"],"picked":"Footwork+1","floor":18},{"not_picked":["Backstab","Blur+1"],"picked":"Prepared+1","floor":19},{"not_picked":["Terror","Escape Plan"],"picked":"Backflip","floor":22},{"not_picked":["Concentrate","Prepared+1","Bane"],"picked":"SKIP","floor":23},{"not_picked":["Cloak And Dagger","Underhanded Strike"],"picked":"PiercingWail","floor":24},{"not_picked":["Acrobatics+1","Leg Sweep","Poisoned Stab+1"],"picked":"SKIP","floor":25},{"not_picked":["Terror","All Out Attack","PiercingWail"],"picked":"SKIP","floor":27},{"not_picked":["Quick Slash+1","Escape Plan","Outmaneuver"],"picked":"SKIP","floor":29},{"not_picked":["Bullet Time","Expertise","Poisoned Stab+1"],"picked":"SKIP","floor":30},{"not_picked":["Dodge and Roll","Bouncing Flask","Underhanded Strike"],"picked":"SKIP","floor":31},{"not_picked":["Riddle With Holes","Poisoned Stab"],"picked":"Noxious Fumes","floor":32}],"player_experience":949994,"relics_obtained":[{"floor":6,"key":"Centennial Puzzle"},{"floor":9,"key":"Smiling Mask"},{"floor":14,"key":"Orichalcum"},{"floor":19,"key":"Red Mask"},{"floor":23,"key":"Dream Catcher"},{"floor":26,"key":"Turnip"},{"floor":30,"key":"Meat on the Bone"}],"event_choices":[{"cards_removed":["Defend_G"],"damage_healed":0,"gold_gain":0,"player_choice":"Card Removal","damage_taken":7,"max_hp_gain":0,"max_hp_loss":0,"event_name":"Golden Wing","floor":3,"gold_loss":0},{"damage_healed":0,"gold_gain":0,"player_choice":"Donut","damage_taken":0,"max_hp_gain":5,"max_hp_loss":0,"event_name":"Big Fish","floor":4,"gold_loss":0},{"cards_removed":["Defend_G"],"damage_healed":0,"gold_gain":0,"player_choice":"Purged","damage_taken":0,"max_hp_gain":0,"max_hp_loss":0,"event_name":"Purifier","floor":11,"gold_loss":0},{"damage_healed":0,"gold_gain":0,"player_choice":"Fought Bandits","damage_taken":0,"max_hp_gain":0,"max_hp_loss":0,"event_name":"Masked Bandits","floor":19,"gold_loss":0},{"cards_removed":["Defend_G"],"damage_healed":0,"gold_gain":0,"player_choice":"Elegance","damage_taken":0,"max_hp_gain":0,"max_hp_loss":0,"event_name":"Back to Basics","floor":21,"gold_loss":0},{"damage_healed":0,"gold_gain":0,"player_choice":"Fight","damage_taken":0,"max_hp_gain":0,"max_hp_loss":0,"event_name":"Colosseum","floor":28,"gold_loss":0},{"damage_healed":0,"gold_gain":0,"player_choice":"Fled From Nobs","damage_taken":0,"max_hp_gain":0,"max_hp_loss":0,"event_name":"Colosseum","floor":28,"gold_loss":0}],"is_beta":false,"boss_relics":[{"not_picked":["Black Star","Ectoplasm"],"picked":"Empty Cage"}],"items_purged_floors":[5,10,20],"is_endless":false,"potions_floor_spawned":[1,13,14,23,25,27,28,29],"killed_by":"Champ","ascension_level":20}}