{"host":"gk5m6v7zec9neb0j","time":1612937675,"event":{"mods":["AchievementEnabler","AlwaysNeverKeys","BaseMod","BetterRewards","Block Reminder","Minty Spire (QoL Compilation)","Rare Cards Sparkle","Relic Stats","StSLib"],"gold_per_floor":[115,129,149,79,154,154,154],"floor_reached":6,"language":"ENG","playtime":232,"items_purged":["Strike_B"],"score":36,"play_id":"f8becb11-3537-42c7-b035-4e2d36834620","local_time":"20210210011435","is_ascension_mode":false,"campfire_choices":[],"circlet_count":0,"master_deck":["Strike_B","Strike_B","Strike_B","Defend_B","Defend_B","Defend_B","Defend_B","Zap","Dualcast","Defragment","White Noise","White Noise","Leap","Loop","Defragment","Coolheaded","Fusion"],"relics":["Cracked Core","Orrery","Oddly Smooth Stone","Singing Bowl","Ice Cream"],"acts_visited":["Exordium"],"potions_floor_usage":[6],"damage_taken":[{"damage":0,"enemies":"2 Louse","floor":1,"turns":5},{"damage":0,"enemies":"Small Slimes","floor":2,"turns":4},{"damage":0,"enemies":"Jaw Worm","floor":3,"turns":5},{"damage":27,"enemies":"3 Sentries","floor":6,"turns":4}],"seed_played":"4665093858734794949","potions_obtained":[{"floor":2,"key":"EntropicBrew"}],"is_trial":false,"path_per_floor":["M","M","M","$","?","E"],"character_chosen":"DEFECT","items_purchased":["Defragment","Orrery","Oddly Smooth Stone","Loop","Defragment","Singing Bowl","Ice Cream","Coolheaded","Fusion"],"campfire_rested":0,"item_purchase_floors":[0,0,0,0,0,0,0,0,4],"current_hp_per_floor":[30,32,34,34,23,0,0],"gold":154,"neow_bonus":"","is_daily":false,"chose_seed":false,"campfire_upgraded":0,"win_rate":0.0,"timestamp":1612937675,"path_taken":["M","M","M","$","?","E"],"items_purchased_type":["Card","Relic","Relic","Card","Card","Relic","Relic","Card","Card"],"build_version":"2020-12-22","purchased_purges":1,"victory":false,"max_hp_per_floor":[77,79,81,81,81,81,81],"relic_stats":{"Singing Bowl":6,"counters":[176,1078],"obtain_stats":[{"Ice Cream":0,"Tiny House":17,"Calipers":23,"CeramicFish":26,"Vajra":39,"Runic Capacitor":0,"Whetstone":9,"Bottled Tornado":53,"Boot":44,"Old Coin":38,"FrozenCore":17,"Sozu":34,"Blood Vial":54,"Lizard Tail":0,"HornCleat":42,"DollysMirror":45,"Strawberry":8,"Prayer Wheel":13,"MealTicket":27,"Kunai":0,"Toxic Egg 2":37,"Pear":37,"Happy Flower":45,"Blue Candle":43,"Oddly Smooth Stone":0,"War Paint":54,"Question Card":9,"Akabeko":47,"Cables":0,"Du-Vu Doll":40,"OrangePellets":0,"SlaversCollar":17,"Bronze Scales":0,"Black Star":34,"Symbiotic Virus":26,"StrikeDummy":47,"Pocketwatch":19,"Darkstone Periapt":41,"Regal Pillow":47,"Lantern":54,"Singing Bowl":0,"SacredBark":34,"Mango":0,"Juzu Bracelet":23,"Smiling Mask":27,"ClockworkSouvenir":0,"Emotion Chip":0,"Dream Catcher":29,"Matryoshka":9,"Mummified Hand":25,"Gambling Chip":0,"Tiny Chest":20,"Chemical X":0,"Cracked Core":0,"Runic Pyramid":34,"Potion Belt":43,"Inserter":34,"Golden Idol":3,"PreservedInsect":40,"Omamori":43,"Frozen Egg 2":39,"Orichalcum":20,"Odd Mushroom":13,"MawBank":9,"White Beast Statue":54,"Mercury Hourglass":9,"Nuclear Battery":17,"Peace Pipe":9,"Strange Spoon":36,"CaptainsWheel":11,"Anchor":10,"Orrery":12,"Bag of Marbles":47,"Art of War":28,"Membership Card":8,"TungstenRod":54,"Toy Ornithopter":26},{"Ice Cream":66,"Tiny House":38,"Calipers":41,"CeramicFish":53,"Vajra":86,"Runic Capacitor":0,"Whetstone":72,"Bottled Tornado":144,"Boot":88,"Old Coin":59,"FrozenCore":100,"Sozu":108,"Blood Vial":171,"Lizard Tail":66,"HornCleat":22,"DollysMirror":88,"Strawberry":45,"Prayer Wheel":126,"MealTicket":160,"Kunai":30,"Toxic Egg 2":109,"Pear":109,"Happy Flower":24,"Blue Candle":22,"Oddly Smooth Stone":146,"War Paint":29,"Question Card":34,"Akabeko":142,"Cables":66,"Du-Vu Doll":111,"OrangePellets":66,"SlaversCollar":155,"Bronze Scales":30,"Black Star":84,"Symbiotic Virus":13,"StrikeDummy":26,"Pocketwatch":156,"Darkstone Periapt":87,"Regal Pillow":90,"Lantern":119,"Singing Bowl":172,"SacredBark":136,"Mango":30,"Juzu Bracelet":159,"Smiling Mask":132,"ClockworkSouvenir":94,"Emotion Chip":120,"Dream Catcher":133,"Matryoshka":99,"Mummified Hand":13,"Gambling Chip":30,"Tiny Chest":78,"Chemical X":30,"Cracked Core":0,"Runic Pyramid":163,"Potion Belt":87,"Inserter":15,"Golden Idol":31,"PreservedInsect":20,"Omamori":59,"Frozen Egg 2":59,"Orichalcum":102,"Odd Mushroom":153,"MawBank":150,"White Beast Statue":93,"Mercury Hourglass":5,"Nuclear Battery":49,"Peace Pipe":45,"Strange Spoon":137,"CaptainsWheel":6,"Anchor":150,"Orrery":125,"Bag of Marbles":90,"Art of War":133,"Membership Card":125,"TungstenRod":65,"Toy Ornithopter":81},{"Ice Cream":367,"Tiny House":167,"Calipers":179,"CeramicFish":245,"Vajra":473,"Runic Capacitor":0,"Whetstone":385,"Bottled Tornado":905,"Boot":491,"Old Coin":298,"FrozenCore":564,"Sozu":629,"Blood Vial":1048,"Lizard Tail":367,"HornCleat":90,"DollysMirror":491,"Strawberry":191,"Prayer Wheel":768,"MealTicket":980,"Kunai":131,"Toxic Egg 2":637,"Pear":637,"Happy Flower":96,"Blue Candle":90,"Oddly Smooth Stone":924,"War Paint":121,"Question Card":145,"Akabeko":886,"Cables":367,"Du-Vu Doll":657,"OrangePellets":367,"SlaversCollar":957,"Bronze Scales":131,"Black Star":464,"Symbiotic Virus":49,"StrikeDummy":105,"Pocketwatch":961,"Darkstone Periapt":482,"Regal Pillow":504,"Lantern":722,"Singing Bowl":1060,"SacredBark":859,"Mango":131,"Juzu Bracelet":974,"Smiling Mask":825,"ClockworkSouvenir":536,"Emotion Chip":736,"Dream Catcher":832,"Matryoshka":555,"Mummified Hand":49,"Gambling Chip":131,"Tiny Chest":418,"Chemical X":131,"Cracked Core":0,"Runic Pyramid":1002,"Potion Belt":482,"Inserter":60,"Golden Idol":133,"PreservedInsect":82,"Omamori":298,"Frozen Egg 2":298,"Orichalcum":574,"Odd Mushroom":945,"MawBank":935,"White Beast Statue":527,"Mercury Hourglass":15,"Nuclear Battery":225,"Peace Pipe":191,"Strange Spoon":860,"CaptainsWheel":19,"Anchor":935,"Orrery":758,"Bag of Marbles":504,"Art of War":832,"Membership Card":758,"TungstenRod":359,"Toy Ornithopter":442}]},"card_choices":[{"not_picked":["Chill","Barrage"],"picked":"White Noise","floor":0},{"not_picked":["Leap","Force Field"],"picked":"White Noise","floor":0},{"not_picked":["Steam","Go for the Eyes"],"picked":"Leap","floor":0},{"not_picked":["Double Energy","Streamline","BootSequence"],"picked":"Singing Bowl","floor":1},{"not_picked":["Steam","Double Energy","Barrage"],"picked":"Singing Bowl","floor":2},{"not_picked":["Fusion","Turbo","Static Discharge"],"picked":"Singing Bowl","floor":3}],"player_experience":806834,"relics_obtained":[],"event_choices":[{"damage_healed":0,"gold_gain":75,"player_choice":"Gather Gold","damage_taken":11,"max_hp_gain":0,"max_hp_loss":0,"event_name":"World of Goop","floor":5,"gold_loss":0}],"is_beta":false,"boss_relics":[],"items_purged_floors":[0],"is_endless":false,"potions_floor_spawned":[2],"killed_by":"3 Sentries","ascension_level":0}}