{"host":"onk0sru1v5nf4gev","time":1612994399,"event":{"mods":["AchievementEnabler","BaseMod","Downfall","Googly Eyes","Hermit","Minty Spire (QoL Compilation)","Replay The Spire","StSLib","SuperFastMode","The Cursed"],"gold_per_floor":[113,113,113,113,127,127,127,127,101,101,127,158,158,69,94,109,109,206,206,221,233,233,233,245,275,275,275,275,294,294,304,319,23,23,122,122,137,137,34,34,44,44,44],"floor_reached":42,"language":"FRA","playtime":1278,"items_purged":[],"score":514,"play_id":"591fde65-24b0-47d9-a898-3b24885babd9","local_time":"20210210225959","is_ascension_mode":true,"campfire_choices":[{"floor":6.0,"key":"REST"},{"data":"Armaments","floor":10.0,"key":"SMITH"},{"floor":13.0,"key":"REST"},{"floor":17.0,"key":"DIG"},{"floor":27,"key":"REST"},{"floor":30,"key":"REST"},{"floor":34,"key":"REST"}],"circlet_count":0,"master_deck":["Strike_R","Strike_R","Strike_R","Strike_R","Strike_R+1","Defend_R","Defend_R","Defend_R+1","Defend_R+1","Bash","Armaments+1","Battle Trance+1","Thunderclap+1","Seeing Red+1","Infernal Blade+1","Armaments+1","Heavy Blade","Bludgeon","Spot Weakness+1","Perfected Strike","Shrug It Off+1","Replay:Undeath\u0027s Touch+1","Demon Form","ReplayTheSpireMod:Stacked+1","Bludgeon","ReplayTheSpireMod:Muscle Training+1","Flex+1","Clash","Rage+1"],"relics":["Electric Blood","Boot","Ornamental Fan","War Paint","Toxic Egg 2","Replay:Bottled Steam","Whetstone","Blood Vial","HornCleat","Gremlin Food","OrangePellets","Philosopher\u0027s Stone"],"acts_visited":["Exordium","TheCity","TheBeyond"],"potions_floor_usage":[25,37,42,42],"damage_taken":[{"damage":8.0,"enemies":"Jaw Worm","floor":1.0,"turns":4.0},{"damage":7.0,"enemies":"Small Slimes","floor":5.0,"turns":3.0},{"damage":15.0,"enemies":"Lagavulin","floor":12.0,"turns":6.0},{"damage":5.0,"enemies":"Replay:BlueRogue","floor":15.0,"turns":4.0},{"damage":3.0,"enemies":"Cultist","floor":16.0,"turns":3.0},{"damage":43.0,"enemies":"Hexaghost","floor":18.0,"turns":5.0},{"damage":6.0,"enemies":"Spheric Guardian","floor":20.0,"turns":2.0},{"damage":12.0,"enemies":"Shell Parasite","floor":21.0,"turns":2.0},{"damage":10,"enemies":"Chosen and Byrds","floor":24,"turns":3},{"damage":47,"enemies":"Replay:Snechameleon","floor":25,"turns":4},{"damage":25,"enemies":"Snake Plant","floor":29,"turns":3},{"damage":25,"enemies":"Shelled Parasite and Fungi","floor":31,"turns":3},{"damage":12,"enemies":"Snecko","floor":32,"turns":4},{"damage":60,"enemies":"Collector","floor":35,"turns":6},{"damage":23,"enemies":"3 Shapes","floor":37,"turns":4},{"damage":11,"enemies":"Orb Walker","floor":41,"turns":2},{"damage":71,"enemies":"Reptomancer","floor":42,"turns":3}],"seed_played":"-1483765379101039719","potions_obtained":[{"floor":1.0,"key":"Block Potion"},{"floor":5.0,"key":"LiquidMemories"},{"floor":16.0,"key":"PowerPotion"},{"floor":21.0,"key":"BloodPotion"},{"floor":24,"key":"AttackPotion"},{"floor":35,"key":"BloodPotion"},{"floor":40,"key":"CultistPotion"},{"floor":40,"key":"Block Potion"},{"floor":40,"key":"DuplicationPotion"}],"is_trial":false,"path_per_floor":["M","?","?","T","M","R","PTL","PTL","$","R","T","E","R","$","E","M","R","B",null,"M","M","?","?","M","E","?","R","T","M","R","M","M","$","R","B",null,"M","?","$","?","M","E"],"character_chosen":"IRONCLAD","items_purchased":["Thunderclap","Infernal Blade+1","Armaments+1","Gremlin Food","OrangePellets","Flex+1","Clash"],"campfire_rested":5,"item_purchase_floors":[9,14,14,33,33,39,39],"current_hp_per_floor":[72,65,65,65,58,80,80,80,80,80,80,65,80,80,75,72,72,29,80,74,78,78,78,68,21,47,71,71,48,72,49,39,39,63,5,80,73,73,73,73,64,0,0],"gold":44,"neow_bonus":"BOSS_RELIC","is_daily":false,"chose_seed":false,"campfire_upgraded":1,"win_rate":0.0,"timestamp":1612994399,"path_taken":["M","?","?","?","M","R","PTL","PTL","?","R","T","E","R","$","E","M","R","BOSS","M","?","?","?","M","E","?","R","T","M","R","M","M","$","R","BOSS","M","?","$","?","M","E"],"items_purchased_type":["Card","Card","Card","Relic","Relic","Card","Card"],"build_version":"2020-12-22","purchased_purges":0,"victory":false,"max_hp_per_floor":[80,80,80,80,80,80,80,80,80,80,80,80,80,80,80,80,80,80,80,80,80,80,80,80,80,80,80,80,80,80,80,80,80,80,80,80,80,76,76,76,76,76,76],"card_choices":[{"not_picked":["Hemokinesis","Evolve"],"picked":"Armaments","floor":1.0},{"not_picked":["Sword Boomerang","Ghostly Armor"],"picked":"Battle Trance","floor":5.0},{"not_picked":["Combust","Feel No Pain"],"picked":"Seeing Red+1","floor":12.0},{"not_picked":["ReplayTheSpireMod:Limb From Limb","Limit Break+1","Twin Strike"],"picked":"SKIP","floor":15.0},{"not_picked":["Clothesline","Havoc+1"],"picked":"Heavy Blade","floor":16.0},{"not_picked":["Offering+1","Immolate"],"picked":"Bludgeon","floor":18.0},{"not_picked":["ReplayTheSpireMod:Stacked+1","Flex+1"],"picked":"Spot Weakness+1","floor":20.0},{"not_picked":["Feel No Pain","Iron Wave"],"picked":"Perfected Strike","floor":21.0},{"not_picked":["Cleave+1","Fire Breathing"],"picked":"Shrug It Off+1","floor":24},{"not_picked":["Sword Boomerang","True Grit+1"],"picked":"Replay:Undeath\u0027s Touch+1","floor":25},{"not_picked":["Shrug It Off+1","Headbutt"],"picked":"Demon Form","floor":29},{"not_picked":["Headbutt+1","Wild Strike","Cleave"],"picked":"SKIP","floor":31},{"not_picked":["Iron Wave","Clothesline"],"picked":"ReplayTheSpireMod:Stacked+1","floor":32},{"not_picked":["Fiend Fire","Brutality"],"picked":"Bludgeon","floor":35},{"not_picked":["Thunderclap","Clothesline"],"picked":"ReplayTheSpireMod:Muscle Training+1","floor":37},{"not_picked":["ReplayTheSpireMod:Limb From Limb+1","Battle Trance+1"],"picked":"Rage+1","floor":41}],"player_experience":274859,"relics_obtained":[{"floor":4.0,"key":"Ornamental Fan"},{"floor":11.0,"key":"War Paint"},{"floor":12.0,"key":"Toxic Egg 2"},{"floor":15.0,"key":"Replay:Bottled Steam"},{"floor":17.0,"key":"Whetstone"},{"floor":25,"key":"Blood Vial"},{"floor":28,"key":"HornCleat"}],"event_choices":[{"damage_healed":0.0,"max_hp_gain":0.0,"max_hp_loss":0.0,"gold_gain":0.0,"event_name":"Scrap Ooze","player_choice":"Success","floor":2.0,"gold_loss":0.0,"damage_taken":7.0,"relics_obtained":["Boot"]},{"damage_healed":0.0,"max_hp_gain":0.0,"max_hp_loss":0.0,"gold_gain":0.0,"event_name":"Golden Wing","player_choice":"Ignored","floor":3.0,"gold_loss":0.0,"damage_taken":0.0},{"damage_healed":0.0,"max_hp_gain":0.0,"max_hp_loss":0.0,"gold_gain":0.0,"event_name":"Beggar","player_choice":"Ignored","floor":22.0,"gold_loss":0.0,"damage_taken":0.0},{"damage_healed":26,"gold_gain":0,"player_choice":"Heal","damage_taken":0,"max_hp_gain":0,"max_hp_loss":0,"event_name":"The Library","floor":26,"gold_loss":0},{"damage_healed":0,"gold_gain":0,"player_choice":"Max HP","damage_taken":0,"max_hp_gain":0,"max_hp_loss":4,"event_name":"Winding Halls","floor":38,"gold_loss":0},{"damage_healed":0,"gold_gain":0,"player_choice":"Got Potions","damage_taken":0,"max_hp_gain":0,"max_hp_loss":0,"event_name":"Lab","floor":40,"gold_loss":0}],"is_beta":false,"boss_relics":[{"not_picked":["Mark of Pain","Pandora\u0027s Box","Painkiller Herb"]},{"not_picked":["Runic Dome","Replay:Drink Me"],"picked":"Philosopher\u0027s Stone"}],"items_purged_floors":[],"is_endless":false,"potions_floor_spawned":[1,5,16,21,24,35],"killed_by":"Reptomancer","ascension_level":3}}