{"host":"vit9b6u76k1y61sh","time":1612938554,"event":{"mods":["BaseMod","Block Reminder","Colored Powertips","Highlight Path","Minty Spire (QoL Compilation)","Quick Restart","Rare Cards Sparkle","Relic Sorter","Relic Stats","StSLib"],"gold_per_floor":[119,194,194,208,208,241,0,0,45,45,64,87,37,51,51,154,154,164,164,178,178,178,178,178],"floor_reached":23,"language":"ENG","playtime":651,"items_purged":[],"score":223,"play_id":"9cdcd0df-b14b-4526-8215-0e61e041e287","local_time":"20210210012914","is_ascension_mode":true,"campfire_choices":[{"data":"Ball Lightning","floor":8,"key":"SMITH"},{"data":"Defragment","floor":10,"key":"SMITH"},{"data":"Double Energy","floor":15,"key":"SMITH"}],"circlet_count":0,"master_deck":["Strike_B+1","Defend_B","Defend_B","Zap","Dualcast","Ball Lightning+1","Double Energy+1","Streamline","Defragment+1","Rebound","Gash","Ball Lightning","Creative AI","Hologram+1","Capacitor+1","Gash+1","Gash+1","Conserve Battery"],"relics":["Cracked Core","NeowsBlessing","Emotion Chip","Kunai","Nunchaku","Whetstone","Oddly Smooth Stone","Bronze Scales","Astrolabe"],"acts_visited":["Exordium","TheCity"],"potions_floor_usage":[16,20,20,23],"damage_taken":[{"damage":0,"enemies":"Small Slimes","floor":1,"turns":1},{"damage":0,"enemies":"Jaw Worm","floor":4,"turns":1},{"damage":0,"enemies":"3 Sentries","floor":6,"turns":1},{"damage":0,"enemies":"2 Louse","floor":11,"turns":2},{"damage":1,"enemies":"Blue Slaver","floor":14,"turns":3},{"damage":10,"enemies":"Slime Boss","floor":16,"turns":6},{"damage":30,"enemies":"2 Thieves","floor":18,"turns":3},{"damage":10,"enemies":"3 Byrds","floor":20,"turns":2},{"damage":40,"enemies":"Gremlin Leader","floor":23,"turns":2}],"seed_played":"2672370514779382004","potions_obtained":[{"floor":14,"key":"ColorlessPotion"},{"floor":18,"key":"GamblersBrew"},{"floor":19,"key":"Regen Potion"},{"floor":19,"key":"PowerPotion"}],"is_trial":false,"path_per_floor":["M","?","T","M","?","E","$","R","T","R","M","T","?","M","R","B",null,"M","?","M","?","?","E"],"character_chosen":"DEFECT","items_purchased":["Defragment","Rebound","Whetstone"],"campfire_rested":0,"item_purchase_floors":[7,7,7],"current_hp_per_floor":[75,64,64,64,61,61,61,61,61,61,61,61,61,60,60,50,75,45,45,40,40,40,0,0],"gold":178,"neow_bonus":"THREE_ENEMY_KILL","is_daily":false,"chose_seed":false,"campfire_upgraded":3,"win_rate":0.0,"timestamp":1612938554,"path_taken":["M","?","?","M","?","E","?","R","T","R","M","?","?","M","R","BOSS","M","?","?","?","?","E"],"items_purchased_type":["Card","Card","Relic"],"build_version":"2020-12-22","purchased_purges":0,"victory":false,"max_hp_per_floor":[75,75,75,75,75,75,75,75,75,75,75,75,75,75,75,75,75,75,75,75,75,75,75,75],"relic_stats":{"Emotion Chip":[8,8,0,0,0],"Nunchaku":[3],"counters":[9,21],"Bronze Scales":[54],"Astrolabe":["Hologram","Capacitor","Gash"],"Kunai":[7],"Whetstone":["Strike_B","Strike_B"],"obtain_stats":[{"Emotion Chip":3,"Nunchaku":6,"NeowsBlessing":0,"Bronze Scales":12,"Astrolabe":17,"Oddly Smooth Stone":9,"Kunai":5,"Whetstone":7,"Cracked Core":0},{"Emotion Chip":1,"Nunchaku":3,"NeowsBlessing":0,"Bronze Scales":4,"Astrolabe":6,"Oddly Smooth Stone":3,"Kunai":2,"Whetstone":3,"Cracked Core":0},{"Emotion Chip":1,"Nunchaku":3,"NeowsBlessing":0,"Bronze Scales":5,"Astrolabe":14,"Oddly Smooth Stone":3,"Kunai":2,"Whetstone":3,"Cracked Core":0}]},"card_choices":[{"not_picked":["Sweeping Beam","BootSequence"],"picked":"Ball Lightning","floor":1},{"not_picked":["Reinforced Body","Compile Driver"],"picked":"Double Energy","floor":4},{"not_picked":["Hologram","Force Field"],"picked":"Streamline","floor":6},{"not_picked":["Conserve Battery","Redo"],"picked":"Gash","floor":11},{"not_picked":["Reprogram","Steam"],"picked":"Ball Lightning","floor":14},{"not_picked":["Meteor Strike","Echo Form"],"picked":"Creative AI","floor":16},{"not_picked":["Rebound","Ball Lightning+1"],"picked":"Gash+1","floor":18},{"not_picked":["BootSequence","Compile Driver+1"],"picked":"Conserve Battery","floor":20}],"player_experience":173485,"relics_obtained":[{"floor":3,"key":"Emotion Chip"},{"floor":6,"key":"Nunchaku"},{"floor":9,"key":"Oddly Smooth Stone"},{"floor":12,"key":"Bronze Scales"}],"event_choices":[{"damage_healed":0,"gold_gain":75,"player_choice":"Gather Gold","damage_taken":11,"max_hp_gain":0,"max_hp_loss":0,"event_name":"World of Goop","floor":2,"gold_loss":0},{"damage_healed":0,"gold_gain":0,"player_choice":"Success","damage_taken":3,"relics_obtained":["Kunai"],"max_hp_gain":0,"max_hp_loss":0,"event_name":"Scrap Ooze","floor":5,"gold_loss":0},{"cards_removed":["Defend_B"],"damage_healed":0,"gold_gain":0,"player_choice":"Card Removal","damage_taken":0,"max_hp_gain":0,"max_hp_loss":0,"event_name":"The Cleric","floor":13,"gold_loss":50},{"damage_healed":0,"gold_gain":0,"player_choice":"Got Potions","damage_taken":0,"max_hp_gain":0,"max_hp_loss":0,"event_name":"Lab","floor":19,"gold_loss":0},{"cards_removed":["Strike_B"],"damage_healed":0,"gold_gain":0,"player_choice":"Elegance","damage_taken":0,"max_hp_gain":0,"max_hp_loss":0,"event_name":"Back to Basics","floor":21,"gold_loss":0},{"damage_healed":0,"gold_gain":0,"player_choice":"Ignored","damage_taken":0,"max_hp_gain":0,"max_hp_loss":0,"event_name":"Vampires","floor":22,"gold_loss":0}],"is_beta":false,"boss_relics":[{"not_picked":["Fusion Hammer","Pandora\u0027s Box"],"picked":"Astrolabe"}],"items_purged_floors":[],"is_endless":false,"potions_floor_spawned":[14,18],"killed_by":"Gremlin Leader","ascension_level":1}}