{"host":"r4ugac8ue4x1qv2l","time":1612956094,"event":{"mods":["AchievementEnabler","BaseMod","Minty Spire (QoL Compilation)","Replay The Spire","StSLib"],"gold_per_floor":[112,112,126,138,150,150,150,150,150,150],"floor_reached":9,"language":"ZHS","playtime":636,"items_purged":[],"score":56,"play_id":"295cf53e-c914-4e32-ac02-045bce288776","local_time":"20210210192134","is_ascension_mode":true,"campfire_choices":[{"data":"Eruption","floor":8,"key":"SMITH"}],"circlet_count":0,"master_deck":["Strike_P","Strike_P","Strike_P","Strike_P","Defend_P","Defend_P","Defend_P+1","Defend_P+1","Eruption+1","Vigilance","LessonLearned","TalkToTheHand+1","MentalFortress","FlurryOfBlows","Replay:Hum"],"relics":["PureWater"],"acts_visited":["Exordium"],"potions_floor_usage":[],"damage_taken":[{"damage":0,"enemies":"2 Louse","floor":1,"turns":2},{"damage":3,"enemies":"Jaw Worm","floor":3,"turns":3},{"damage":3,"enemies":"Cultist","floor":4,"turns":6},{"damage":4,"enemies":"Blue Slaver","floor":5,"turns":4},{"damage":57,"enemies":"Gremlin Nob","floor":9,"turns":6}],"seed_played":"-3067587462887567170","potions_obtained":[{"floor":5,"key":"AttackPotion"}],"is_trial":false,"path_per_floor":["M","?","M","M","M","PTL","PTL","R","E"],"character_chosen":"WATCHER","items_purchased":[],"campfire_rested":0,"item_purchase_floors":[],"current_hp_per_floor":[72,65,62,59,55,55,55,55,0,0],"gold":150,"neow_bonus":"THREE_RARE_CARDS","is_daily":false,"chose_seed":false,"campfire_upgraded":1,"win_rate":0.0,"timestamp":1612956094,"path_taken":["M","?","M","M","M","PTL","PTL","R","E"],"items_purchased_type":[],"build_version":"2020-12-22","purchased_purges":0,"victory":false,"max_hp_per_floor":[72,72,72,72,72,72,72,72,72,72],"card_choices":[{"not_picked":["ConjureBlade","Replay:LoomingThreat"],"picked":"LessonLearned","floor":0},{"not_picked":["ThirdEye","BowlingBash"],"picked":"TalkToTheHand","floor":1},{"not_picked":["Pray","ClearTheMind"],"picked":"MentalFortress","floor":3},{"not_picked":["Replay:ManipulateFuture","SashWhip"],"picked":"FlurryOfBlows","floor":4},{"not_picked":["Halt","JustLucky"],"picked":"Replay:Hum","floor":5}],"player_experience":227573,"relics_obtained":[],"event_choices":[{"cards_removed":["Writhe"],"damage_healed":0,"gold_gain":0,"player_choice":"Card Removal","damage_taken":7,"max_hp_gain":0,"max_hp_loss":0,"event_name":"Golden Wing","floor":2,"gold_loss":0}],"is_beta":false,"boss_relics":[],"items_purged_floors":[],"is_endless":false,"potions_floor_spawned":[5],"killed_by":"Gremlin Nob","ascension_level":1}}