{"host":"1qhzi8r9ejho5yph","time":1612988180,"event":{"mods":["AchievementEnabler","BaseMod","Colored Map","Colored Powertips","Highlight Path","Minty Spire (QoL Compilation)","Permanent Neow","Quick Restart","Random Character Button","StSLib","SuperFastMode","Synergy Search"],"gold_per_floor":[113,129,148,3,3,29,49,49,49,49,49,1,22,55,55,185,185,203,226,138,138,138,54,81,81,81,81,81,99,99,125,125,229,229,245,590,616,648,674,686,726,738,774,798,759,759,759,261,261,261,261,261,16,51,51,51],"floor_reached":55,"language":"ENG","playtime":1712,"items_purged":[],"score":739,"play_id":"750b3930-f355-4794-bcd0-8591a0f8da4d","local_time":"20210211041620","is_ascension_mode":false,"campfire_choices":[{"data":"Perfected Strike","floor":8,"key":"SMITH"},{"data":"Bash","floor":10,"key":"SMITH"},{"floor":15,"key":"REST"},{"data":"Armaments","floor":25,"key":"SMITH"},{"data":"Perfected Strike","floor":27,"key":"SMITH"},{"floor":30,"key":"RECALL"},{"data":"True Grit","floor":32,"key":"SMITH"},{"floor":40,"key":"REST"},{"data":"Perfected Strike","floor":42,"key":"SMITH"},{"data":"Demon Form","floor":49,"key":"SMITH"},{"data":"Madness","floor":52,"key":"SMITH"}],"circlet_count":0,"master_deck":["Strike_R+1","Strike_R+1","Strike_R+1","Strike_R+1","Strike_R+1","Defend_R+1","Defend_R+1","Bash+1","Perfected Strike+1","Shrug It Off","Fire Breathing","Whirlwind","Twin Strike","Pommel Strike","Perfected Strike+1","Intimidate","Impervious","CurseOfTheBell","True Grit+1","Headbutt+1","Forethought","Finesse","Armaments+1","Anger","Infernal Blade","Evolve+1","Warcry+1","Demon Form+1","Thunderclap+1","Heavy Blade","Perfected Strike+1","Whirlwind","Metallicize","Pommel Strike","Headbutt","Finesse","Madness+1","Madness","Finesse","The Bomb","Power Through","Evolve"],"relics":["Burning Blood","NeowsBlessing","Happy Flower","Strawberry","Bloody Idol","Pocketwatch","Calling Bell","PreservedInsect","Meat on the Bone","Turnip","Mercury Hourglass","HornCleat","White Beast Statue","Mark of Pain","Old Coin","MawBank","Gambling Chip","Red Skull","Lantern","Paper Frog","Akabeko"],"acts_visited":["Exordium","TheCity","TheBeyond","TheEnding"],"potions_floor_usage":[14,33,36,39,41,50,50,54,55],"damage_taken":[{"damage":0,"enemies":"Cultist","floor":1,"turns":1},{"damage":0,"enemies":"2 Louse","floor":2,"turns":1},{"damage":0,"enemies":"Jaw Worm","floor":3,"turns":1},{"damage":33,"enemies":"Gremlin Nob","floor":6,"turns":5},{"damage":7,"enemies":"Blue Slaver","floor":7,"turns":3},{"damage":10,"enemies":"Looter","floor":13,"turns":2},{"damage":17,"enemies":"Lagavulin","floor":14,"turns":4},{"damage":13,"enemies":"Hexaghost","floor":16,"turns":7},{"damage":0,"enemies":"3 Byrds","floor":18,"turns":5},{"damage":8,"enemies":"Chosen","floor":19,"turns":4},{"damage":19,"enemies":"Slavers","floor":24,"turns":5},{"damage":0,"enemies":"Centurion and Healer","floor":29,"turns":5},{"damage":21,"enemies":"Book of Stabbing","floor":31,"turns":5},{"damage":70,"enemies":"Collector","floor":33,"turns":11},{"damage":15,"enemies":"Orb Walker","floor":35,"turns":3},{"damage":46,"enemies":"2 Orb Walkers","floor":36,"turns":5},{"damage":23,"enemies":"3 Darklings","floor":38,"turns":4},{"damage":53,"enemies":"Writhing Mass","floor":39,"turns":6},{"damage":41,"enemies":"Reptomancer","floor":41,"turns":6},{"damage":10,"enemies":"Sphere and 2 Shapes","floor":44,"turns":4},{"damage":38,"enemies":"Time Eater","floor":50,"turns":8},{"damage":63,"enemies":"Shield and Spear","floor":54,"turns":5},{"damage":80,"enemies":"The Heart","floor":55,"turns":6}],"seed_played":"-330433744240549235","potions_obtained":[{"floor":3,"key":"Explosive Potion"},{"floor":6,"key":"SpeedPotion"},{"floor":7,"key":"ColorlessPotion"},{"floor":14,"key":"GamblersBrew"},{"floor":33,"key":"BloodPotion"},{"floor":35,"key":"Ancient Potion"},{"floor":36,"key":"Fire Potion"},{"floor":38,"key":"AttackPotion"},{"floor":39,"key":"Ancient Potion"},{"floor":41,"key":"BloodPotion"},{"floor":54,"key":"Ancient Potion"}],"is_trial":false,"path_per_floor":["M","M","M","$","?","E","M","R","T","R","?","$","M","E","R","B",null,"M","M","$","?","?","$","E","R","T","R","?","M","R","E","R","B",null,"M","?","T","M","M","R","E","R","T","M","$","?","?","$","R","B",null,"R","$","E","B"],"character_chosen":"IRONCLAD","items_purchased":["Happy Flower","Pommel Strike","Forethought","Finesse","Headbutt","Finesse","The Bomb","Lantern","Power Through","Paper Frog"],"campfire_rested":2,"item_purchase_floors":[4,12,20,23,45,48,48,48,48,53],"current_hp_per_floor":[80,80,80,80,80,60,59,59,59,59,38,38,34,23,49,42,87,87,85,85,85,85,85,77,77,77,77,77,87,87,77,77,30,87,83,65,70,63,38,69,73,78,87,87,87,87,76,76,76,56,87,87,87,64,0,0],"gold":51,"neow_bonus":"THREE_ENEMY_KILL","is_daily":false,"chose_seed":false,"campfire_upgraded":8,"win_rate":0.0,"timestamp":1612988180,"path_taken":["M","?","?","$","?","E","M","R","T","R","?","?","M","E","R","BOSS","M","M","$","?","?","$","E","R","T","R","?","M","R","E","R","BOSS","M","?","?","M","M","R","E","R","T","?","$","?","?","$","R","BOSS","R","$","E","BOSS"],"items_purchased_type":["Relic","Card","Card","Card","Card","Card","Card","Relic","Card","Relic"],"build_version":"2020-12-22","purchased_purges":0,"victory":false,"max_hp_per_floor":[80,80,80,80,80,87,87,87,87,87,87,87,87,87,87,87,87,87,87,87,87,87,87,87,87,87,87,87,87,87,87,87,87,87,87,87,87,87,87,87,87,87,87,87,87,87,87,87,87,87,87,87,87,87,87,87],"card_choices":[{"not_picked":["Dropkick","Sever Soul"],"picked":"Perfected Strike","floor":1},{"not_picked":["Iron Wave","Body Slam"],"picked":"Shrug It Off","floor":2},{"not_picked":["Feel No Pain","Bloodletting"],"picked":"Fire Breathing","floor":3},{"not_picked":["Body Slam","Warcry"],"picked":"Whirlwind","floor":6},{"not_picked":["Iron Wave","Impervious"],"picked":"Twin Strike","floor":7},{"not_picked":["Havoc","Power Through"],"picked":"Perfected Strike","floor":13},{"not_picked":["Rupture","Fire Breathing"],"picked":"Intimidate","floor":14},{"not_picked":["Limit Break","Offering"],"picked":"Impervious","floor":16},{"not_picked":["Heavy Blade","Metallicize"],"picked":"True Grit","floor":18},{"not_picked":["Ghostly Armor","Sword Boomerang+1"],"picked":"Headbutt+1","floor":19},{"not_picked":["Sword Boomerang","Warcry"],"picked":"Armaments","floor":24},{"not_picked":["Infernal Blade","Fiend Fire"],"picked":"Evolve+1","floor":29},{"not_picked":["Pummel","Sever Soul"],"picked":"Warcry+1","floor":31},{"not_picked":["Bludgeon","Berserk"],"picked":"Demon Form","floor":33},{"not_picked":["Metallicize","Iron Wave"],"picked":"Thunderclap+1","floor":35},{"not_picked":["Power Through","Armaments+1"],"picked":"Heavy Blade","floor":36},{"not_picked":["Whirlwind+1","Twin Strike"],"picked":"Perfected Strike","floor":38},{"not_picked":["Rampage","Body Slam+1"],"picked":"Whirlwind","floor":39},{"not_picked":["Exhume","Flex+1"],"picked":"Metallicize","floor":41},{"not_picked":["Headbutt+1","Battle Trance"],"picked":"Pommel Strike","floor":44},{"not_picked":["Sadistic Nature","Blind"],"picked":"Finesse","floor":46},{"not_picked":["Blood for Blood","Thunderclap+1"],"picked":"Evolve","floor":54}],"player_experience":381479,"relics_obtained":[{"floor":6,"key":"Strawberry"},{"floor":14,"key":"Pocketwatch"},{"floor":17,"key":"PreservedInsect"},{"floor":17,"key":"Meat on the Bone"},{"floor":17,"key":"Turnip"},{"floor":24,"key":"Mercury Hourglass"},{"floor":26,"key":"HornCleat"},{"floor":31,"key":"White Beast Statue"},{"floor":36,"key":"Old Coin"},{"floor":37,"key":"MawBank"},{"floor":41,"key":"Gambling Chip"},{"floor":43,"key":"Red Skull"},{"floor":54,"key":"Akabeko"}],"event_choices":[{"damage_healed":0,"gold_gain":0,"player_choice":"Ignored","damage_taken":0,"max_hp_gain":0,"max_hp_loss":0,"event_name":"Liars Game","floor":5,"gold_loss":0},{"damage_healed":0,"gold_gain":0,"player_choice":"Take Damage","damage_taken":21,"relics_obtained":["Golden Idol"],"max_hp_gain":0,"max_hp_loss":0,"event_name":"Golden Idol","floor":11,"gold_loss":0},{"damage_healed":0,"gold_gain":0,"player_choice":"Gave Idol","damage_taken":0,"relics_obtained":["Bloody Idol"],"max_hp_gain":0,"max_hp_loss":0,"event_name":"Forgotten Altar","floor":21,"relics_lost":["Golden Idol"],"gold_loss":0},{"damage_healed":0,"gold_gain":0,"player_choice":"Simplicity","damage_taken":0,"max_hp_gain":0,"max_hp_loss":0,"event_name":"Back to Basics","floor":22,"gold_loss":0,"cards_upgraded":["Strike_R","Strike_R","Strike_R","Strike_R","Strike_R","Defend_R","Defend_R","Defend_R","Defend_R"]},{"damage_healed":0,"gold_gain":0,"cards_transformed":["Defend_R","Defend_R"],"player_choice":"Became Test Subject","damage_taken":0,"max_hp_gain":0,"max_hp_loss":0,"event_name":"Drug Dealer","floor":28,"gold_loss":0,"cards_obtained":["Anger","Infernal Blade"]},{"damage_healed":0,"gold_gain":0,"player_choice":"Fight","damage_taken":0,"max_hp_gain":0,"max_hp_loss":0,"event_name":"Mysterious Sphere","floor":36,"gold_loss":0},{"damage_healed":0,"gold_gain":0,"player_choice":"Memory 1","damage_taken":0,"max_hp_gain":0,"max_hp_loss":0,"event_name":"SensoryStone","floor":46,"gold_loss":0},{"damage_healed":0,"gold_gain":0,"player_choice":"Embrace Madness","damage_taken":11,"max_hp_gain":0,"max_hp_loss":0,"event_name":"Winding Halls","floor":47,"gold_loss":0,"cards_obtained":["Madness","Madness"]}],"is_beta":false,"boss_relics":[{"not_picked":["Ectoplasm","Coffee Dripper"],"picked":"Calling Bell"},{"not_picked":["Velvet Choker","Snecko Eye"],"picked":"Mark of Pain"}],"items_purged_floors":[],"is_endless":false,"potions_floor_spawned":[3,6,7,14,29,33,35,36,38,39,41,44,54],"killed_by":"The Heart","ascension_level":0}}