{"host":"2yqfi47fogfu1ic4","time":1612946165,"event":{"mods":["AchievementEnabler","BaseMod","Colored Map","Colored Powertips","Highlight Path","Minty Spire (QoL Compilation)","Permanent Neow","Relic Stats","StSLib"],"gold_per_floor":[119,119,119,135,145,145,171,246,246,246,246,9,36,50,50,127,127,147,163,189,206,206,206,222,240,240,253,22,22,22,22,22,99,99,117,127,127,1126,697,731,731,765,765,765,781,799,570,587,587,587,587,587],"floor_reached":51,"language":"DEU","playtime":6429,"items_purged":["Strike_G","Normality","Normality"],"score":1355,"play_id":"3e1d8fba-4ec2-4655-bbcd-618b66c488e6","local_time":"20210210093605","is_ascension_mode":true,"campfire_choices":[{"data":"Bane","floor":6.0,"key":"SMITH"},{"floor":11.0,"key":"REST"},{"floor":15.0,"key":"REST"},{"floor":23.0,"key":"REST"},{"floor":29.0,"key":"REST"},{"floor":32.0,"key":"REST"},{"floor":41.0,"key":"REST"},{"floor":49,"key":"RECALL"}],"circlet_count":0,"master_deck":["AscendersBane","Strike_G","Strike_G","Strike_G","Defend_G","Defend_G","Defend_G","Defend_G","Survivor","Neutralize","Dagger Throw","Envenom","Tactician","Bane+1","Dagger Throw","Leg Sweep","Masterful Stab","Heel Hook","Sucker Punch","Tools of the Trade","Eviscerate","Burst","Eviscerate","Acrobatics","Shame","Venomology","Backflip","Bullet Time","Dash","Underhanded Strike","Predator","Underhanded Strike"],"relics":["HoveringKite","Mummified Hand","Centennial Puzzle","Pen Nib","SlaversCollar","Darkstone Periapt","TwistedFunnel","Girya","Nilry\u0027s Codex","Snecko Eye","Membership Card","Blue Candle","Art of War","Turnip","InkBottle","Lantern","Cauldron"],"acts_visited":["Exordium","TheCity","TheBeyond"],"potions_floor_usage":[42,45,48,50,50],"damage_taken":[{"damage":3.0,"enemies":"2 Louse","floor":1.0,"turns":5.0},{"damage":7.0,"enemies":"Small Slimes","floor":4.0,"turns":3.0},{"damage":1.0,"enemies":"Cultist","floor":5.0,"turns":4.0},{"damage":18.0,"enemies":"Gremlin Nob","floor":7.0,"turns":4.0},{"damage":10.0,"enemies":"Lagavulin","floor":13.0,"turns":6.0},{"damage":0.0,"enemies":"2 Fungi Beasts","floor":14.0,"turns":3.0},{"damage":10.0,"enemies":"Slime Boss","floor":16.0,"turns":6.0},{"damage":6.0,"enemies":"2 Thieves","floor":18.0,"turns":3.0},{"damage":8.0,"enemies":"Shell Parasite","floor":19.0,"turns":3.0},{"damage":22.0,"enemies":"3 Cultists","floor":21.0,"turns":5.0},{"damage":21.0,"enemies":"Shelled Parasite and Fungi","floor":24.0,"turns":4.0},{"damage":11.0,"enemies":"Snake Plant","floor":25.0,"turns":5.0},{"damage":7.0,"enemies":"Snecko","floor":27.0,"turns":4.0},{"damage":62.0,"enemies":"Automaton","floor":33.0,"turns":8.0},{"damage":26.0,"enemies":"3 Darklings","floor":35.0,"turns":8.0},{"damage":1.0,"enemies":"3 Shapes","floor":36.0,"turns":3.0},{"damage":29.0,"enemies":"Giant Head","floor":40.0,"turns":7.0},{"damage":65,"enemies":"Reptomancer","floor":42,"turns":5},{"damage":1,"enemies":"Maw","floor":45,"turns":5},{"damage":1,"enemies":"4 Shapes","floor":46,"turns":4},{"damage":1,"enemies":"Jaw Worm Horde","floor":48,"turns":4},{"damage":32,"enemies":"Time Eater","floor":50,"turns":7},{"damage":7,"enemies":"Awakened One","floor":51,"turns":2}],"seed_played":"-8960613500337640425","potions_obtained":[{"floor":5.0,"key":"ColorlessPotion"},{"floor":7.0,"key":"DuplicationPotion"},{"floor":13.0,"key":"GamblersBrew"},{"floor":16.0,"key":"SkillPotion"},{"floor":21.0,"key":"Poison Potion"},{"floor":22.0,"key":"CultistPotion"},{"floor":22.0,"key":"Block Potion"},{"floor":24.0,"key":"Fire Potion"},{"floor":27.0,"key":"FairyPotion"},{"floor":35.0,"key":"AttackPotion"},{"floor":42,"key":"GamblersBrew"},{"floor":47,"key":"Regen Potion"},{"floor":47,"key":"CultistPotion"}],"is_trial":false,"path_per_floor":["M","?","?","M","M","R","E","?","T","?","R","$","E","M","R","B",null,"M","M","T","M","?","R","M","M","T","M","$","R","?","?","R","B",null,"M","M","?","?","$","E","R","E","T","?","M","M","$","M","R","B","B"],"character_chosen":"THE_SILENT","items_purchased":["Leg Sweep","Masterful Stab","TwistedFunnel","Acrobatics","Membership Card","Blue Candle","Bullet Time","Lantern","Cauldron"],"campfire_rested":6,"item_purchase_floors":[12,12,28,28,39,39,39,47,47],"current_hp_per_floor":[56,49,49,42,41,41,23,12,12,12,31,31,21,21,40,30,57,51,43,43,21,21,40,19,8,8,1,1,20,26,5,26,21,59,33,32,32,44,44,15,40,24,24,24,23,22,22,35,35,3,0,0],"gold":587,"neow_bonus":"BOSS_RELIC","is_daily":false,"chose_seed":false,"campfire_upgraded":1,"win_rate":0.0,"timestamp":1612946165,"path_taken":["M","?","?","M","?","R","E","?","T","?","R","$","E","M","R","BOSS","M","M","?","M","?","R","M","M","T","?","$","R","?","?","R","BOSS","M","M","?","?","$","E","R","E","T","?","M","?","$","M","R","BOSS","BOSS"],"items_purchased_type":["Card","Card","Relic","Card","Relic","Relic","Card","Relic","Relic"],"build_version":"2020-12-22","purchased_purges":3,"victory":false,"max_hp_per_floor":[66,66,66,66,66,66,66,66,66,66,66,66,66,66,66,66,66,66,66,66,66,66,66,66,66,66,66,66,66,72,72,72,72,72,72,72,72,84,84,84,84,84,84,84,84,84,84,84,84,84,84,84],"relic_stats":{"Darkstone Periapt":18,"Centennial Puzzle":[54],"counters":[23,108],"Mummified Hand":[49],"Blue Candle":[8],"HoveringKite":[71],"Snecko Eye":[117,110,107,101],"Pen Nib":[26],"Turnip":[6],"Art of War":[1],"obtain_stats":[{"Darkstone Periapt":26,"TwistedFunnel":28,"Girya":30,"Lantern":47,"Nilry\u0027s Codex":31,"Blue Candle":39,"HoveringKite":0,"Pen Nib":13,"SlaversCollar":17,"Cauldron":47,"Centennial Puzzle":9,"Mummified Hand":7,"Snecko Eye":34,"Turnip":42,"Art of War":40,"Membership Card":39,"InkBottle":43,"Ring of the Snake":0},{"Darkstone Periapt":12,"TwistedFunnel":13,"Girya":13,"Lantern":20,"Nilry\u0027s Codex":13,"Blue Candle":16,"HoveringKite":0,"Pen Nib":5,"SlaversCollar":7,"Cauldron":20,"Centennial Puzzle":4,"Mummified Hand":4,"Snecko Eye":14,"Turnip":18,"Art of War":17,"Membership Card":16,"InkBottle":18,"Ring of the Snake":0},{"Darkstone Periapt":51,"TwistedFunnel":55,"Girya":55,"Lantern":95,"Nilry\u0027s Codex":55,"Blue Candle":74,"HoveringKite":0,"Pen Nib":22,"SlaversCollar":31,"Cauldron":95,"Centennial Puzzle":16,"Mummified Hand":16,"Snecko Eye":63,"Turnip":86,"Art of War":81,"Membership Card":74,"InkBottle":86,"Ring of the Snake":0}],"InkBottle":[9]},"card_choices":[{"not_picked":["Poisoned Stab","Calculated Gamble"],"picked":"Dagger Throw","floor":1.0},{"not_picked":["Distraction","Flechettes"],"picked":"Bane","floor":4.0},{"not_picked":["Infinite Blades","Leg Sweep"],"picked":"Dagger Throw","floor":5.0},{"not_picked":["Deadly Poison","Bouncing Flask","Deflect"],"picked":"SKIP","floor":7.0},{"not_picked":["Escape Plan","Flying Knee"],"picked":"Heel Hook","floor":13.0},{"not_picked":["Expertise","Outmaneuver"],"picked":"Sucker Punch","floor":14.0},{"not_picked":["Doppelganger","Corpse Explosion"],"picked":"Tools of the Trade","floor":16.0},{"not_picked":["Cloak And Dagger","Deflect","Catalyst"],"picked":"SKIP","floor":18.0},{"not_picked":["Deadly Poison","Outmaneuver"],"picked":"Eviscerate","floor":19.0},{"not_picked":["Deadly Poison","Bane","Deflect"],"picked":"SKIP","floor":21.0},{"not_picked":["Dash","Slice"],"picked":"Burst","floor":24.0},{"not_picked":["Deadly Poison","PiercingWail"],"picked":"Eviscerate","floor":25.0},{"not_picked":["Prepared","Predator","Deadly Poison"],"picked":"SKIP","floor":27.0},{"not_picked":["Storm of Steel","Die Die Die"],"picked":"Venomology","floor":33.0},{"not_picked":["Slice","Finisher"],"picked":"Backflip","floor":35.0},{"not_picked":["Slice+1","Deflect+1","Flying Knee+1"],"picked":"SKIP","floor":36.0},{"not_picked":["Die Die Die","Masterful Stab+1"],"picked":"Dash","floor":40.0},{"not_picked":["Outmaneuver","Bane","Infinite Blades"],"picked":"SKIP","floor":42},{"not_picked":["Catalyst","Dagger Throw"],"picked":"Underhanded Strike","floor":45},{"not_picked":["Sucker Punch+1","Flechettes+1"],"picked":"Predator","floor":46},{"not_picked":["Flying Knee+1","Bane"],"picked":"Underhanded Strike","floor":48}],"player_experience":1739478,"relics_obtained":[{"floor":7.0,"key":"Mummified Hand"},{"floor":9.0,"key":"Centennial Puzzle"},{"floor":13.0,"key":"Pen Nib"},{"floor":26.0,"key":"Darkstone Periapt"},{"floor":31.0,"key":"Nilry\u0027s Codex"},{"floor":40.0,"key":"Art of War"},{"floor":42,"key":"Turnip"},{"floor":43,"key":"InkBottle"}],"event_choices":[{"cards_removed":["Defend_G"],"damage_healed":0.0,"max_hp_gain":0.0,"max_hp_loss":0.0,"gold_gain":0.0,"event_name":"Golden Wing","player_choice":"Card Removal","floor":2.0,"gold_loss":0.0,"damage_taken":7.0},{"damage_healed":0.0,"max_hp_gain":0.0,"max_hp_loss":0.0,"gold_gain":0.0,"event_name":"Match and Keep!","player_choice":"2 cards matched","floor":3.0,"gold_loss":0.0,"damage_taken":0.0,"cards_obtained":["Envenom","Tactician"]},{"damage_healed":0.0,"max_hp_gain":0.0,"max_hp_loss":0.0,"gold_gain":75.0,"event_name":"World of Goop","player_choice":"Gather Gold","floor":8.0,"gold_loss":0.0,"damage_taken":11.0},{"cards_removed":["Strike_G"],"damage_healed":0.0,"max_hp_gain":0.0,"max_hp_loss":0.0,"gold_gain":0.0,"event_name":"Purifier","player_choice":"Purged","floor":10.0,"gold_loss":0.0,"damage_taken":0.0},{"damage_healed":0.0,"max_hp_gain":0.0,"max_hp_loss":0.0,"gold_gain":0.0,"event_name":"Lab","player_choice":"Got Potions","floor":22.0,"gold_loss":0.0,"damage_taken":0.0},{"damage_healed":0.0,"max_hp_gain":0.0,"max_hp_loss":0.0,"gold_gain":0.0,"event_name":"Addict","player_choice":"Stole Relic","floor":30.0,"gold_loss":0.0,"damage_taken":0.0,"relics_obtained":["Girya"],"cards_obtained":["Shame"]},{"damage_healed":0.0,"max_hp_gain":0.0,"max_hp_loss":0.0,"gold_gain":0.0,"event_name":"Cursed Tome","player_choice":"Obtained Book","floor":31.0,"gold_loss":0.0,"damage_taken":21.0},{"damage_healed":0.0,"max_hp_gain":0.0,"max_hp_loss":0.0,"gold_gain":0.0,"event_name":"The Moai Head","player_choice":"Ignored","floor":37.0,"gold_loss":0.0,"damage_taken":0.0},{"damage_healed":0.0,"max_hp_gain":0.0,"max_hp_loss":0.0,"gold_gain":999.0,"event_name":"MindBloom","player_choice":"Gold","floor":38.0,"gold_loss":0.0,"damage_taken":0.0,"cards_obtained":["Normality","Normality"]},{"damage_healed":0,"gold_gain":0,"player_choice":"Ignored","damage_taken":0,"max_hp_gain":0,"max_hp_loss":0,"event_name":"Tomb of Lord Red Mask","floor":44,"gold_loss":0}],"is_beta":false,"boss_relics":[{"not_picked":["Ectoplasm","Busted Crown"],"picked":"SlaversCollar"},{"not_picked":["WristBlade","SacredBark"],"picked":"Snecko Eye"}],"items_purged_floors":[12,39,47],"is_endless":false,"potions_floor_spawned":[5,7,13,16,21,24,27,35,42],"killed_by":"Awakened One","ascension_level":20}}