{"host":"qgrlfjrqk9z96gfi","time":1612921774,"event":{"mods":["BaseMod","Block Reminder","Colored Map","Custom Start","DeckTracker","Minty Spire (QoL Compilation)"],"gold_per_floor":[109,53,63,74,74,74,103,62,62,62,88,138,156,81,81,157,157,170,170,187,204,215,215,215,215],"floor_reached":24,"language":"ENG","playtime":646,"items_purged":[],"score":462,"play_id":"d85c5960-dc0f-434b-97d6-340cf2e643a6","local_time":"20210209154934","is_ascension_mode":true,"campfire_choices":[{"data":"Neutralize","floor":6.0,"key":"SMITH"},{"data":"Footwork","floor":10.0,"key":"SMITH"},{"floor":15.0,"key":"REST"},{"floor":23,"key":"REST"}],"circlet_count":0,"master_deck":["AscendersBane","Strike_G","Strike_G","Strike_G","Strike_G","Defend_G","Defend_G","Defend_G","Defend_G","Defend_G","Survivor","Neutralize+1","Flying Knee","Die Die Die","Corpse Explosion","Footwork+1","Backflip","Leg Sweep","Phantasmal Killer","PiercingWail+1","Dodge and Roll","Night Terror"],"relics":["Ring of the Snake","NeowsBlessing","Mercury Hourglass","Orichalcum","Regal Pillow","Fusion Hammer","Nloth\u0027s Gift"],"acts_visited":["Exordium","TheCity"],"potions_floor_usage":[24],"damage_taken":[{"damage":0.0,"enemies":"Small Slimes","floor":1.0,"turns":1.0},{"damage":0.0,"enemies":"Cultist","floor":3.0,"turns":1.0},{"damage":0.0,"enemies":"Jaw Worm","floor":4.0,"turns":1.0},{"damage":17.0,"enemies":"3 Sentries","floor":7.0,"turns":5.0},{"damage":11.0,"enemies":"Lagavulin","floor":11.0,"turns":9.0},{"damage":1.0,"enemies":"Blue Slaver","floor":13.0,"turns":4.0},{"damage":11.0,"enemies":"The Guardian","floor":16.0,"turns":14.0},{"damage":13.0,"enemies":"2 Thieves","floor":18.0,"turns":2.0},{"damage":2,"enemies":"3 Byrds","floor":20,"turns":4},{"damage":6,"enemies":"Centurion and Healer","floor":21,"turns":6},{"damage":17,"enemies":"Snecko","floor":22,"turns":7},{"damage":70,"enemies":"Gremlin Leader","floor":24,"turns":7}],"seed_played":"3144440566538128168","potions_obtained":[{"floor":11.0,"key":"Swift Potion"},{"floor":13.0,"key":"Poison Potion"},{"floor":16.0,"key":"EssenceOfSteel"}],"is_trial":false,"path_per_floor":["M","?","M","M","$","R","E","$","T","R","E","?","M","?","R","B",null,"M","?","M","M","M","R","E"],"character_chosen":"THE_SILENT","items_purchased":["Footwork"],"campfire_rested":2,"item_purchase_floors":[8],"current_hp_per_floor":[59,59,59,59,59,59,42,42,42,42,31,25,24,24,58,47,61,48,48,46,40,23,57,0,0],"gold":215,"neow_bonus":"THREE_ENEMY_KILL","is_daily":false,"chose_seed":false,"campfire_upgraded":2,"win_rate":0.0,"timestamp":1612921774,"path_taken":["M","?","M","M","$","R","E","?","T","R","E","?","?","?","R","BOSS","M","?","M","M","?","R","E"],"items_purchased_type":["Card"],"build_version":"2020-12-22","purchased_purges":0,"victory":false,"max_hp_per_floor":[66,66,66,66,66,66,66,66,66,66,66,66,66,66,66,66,66,66,66,66,66,66,66,66,66],"card_choices":[{"not_picked":["Deadly Poison","Deflect"],"picked":"Flying Knee","floor":1.0},{"not_picked":["Blur","Backflip","Flying Knee"],"picked":"SKIP","floor":3.0},{"not_picked":["Sucker Punch","Dash"],"picked":"Die Die Die","floor":4.0},{"not_picked":["Tactician","Deflect"],"picked":"Corpse Explosion","floor":7.0},{"not_picked":["Underhanded Strike","Setup"],"picked":"Backflip","floor":11.0},{"not_picked":["Slice","Cloak And Dagger"],"picked":"Leg Sweep","floor":13.0},{"not_picked":["Tools of the Trade","After Image"],"picked":"Phantasmal Killer","floor":16.0},{"not_picked":["Setup+1","Slice"],"picked":"PiercingWail+1","floor":18.0},{"not_picked":["Heel Hook","Dagger Spray"],"picked":"Dodge and Roll","floor":20},{"not_picked":["Flying Knee+1","Sucker Punch+1"],"picked":"Night Terror","floor":21},{"not_picked":["Dodge and Roll","PiercingWail","Eviscerate"],"picked":"SKIP","floor":22}],"player_experience":1124625,"relics_obtained":[{"floor":7.0,"key":"Orichalcum"},{"floor":9.0,"key":"Regal Pillow"},{"floor":11.0,"key":"Darkstone Periapt"}],"event_choices":[{"damage_healed":0.0,"max_hp_gain":0.0,"max_hp_loss":0.0,"gold_gain":0.0,"event_name":"WeMeetAgain","player_choice":"Paid Gold","floor":2.0,"gold_loss":56.0,"damage_taken":0.0,"relics_obtained":["Mercury Hourglass"]},{"damage_healed":0.0,"max_hp_gain":0.0,"max_hp_loss":0.0,"gold_gain":50.0,"event_name":"FaceTrader","player_choice":"Touch","floor":12.0,"gold_loss":0.0,"damage_taken":6.0},{"cards_removed":["Strike_G"],"damage_healed":0.0,"max_hp_gain":0.0,"max_hp_loss":0.0,"gold_gain":0.0,"event_name":"The Cleric","player_choice":"Card Removal","floor":14.0,"gold_loss":75.0,"damage_taken":0.0},{"damage_healed":0,"gold_gain":0,"player_choice":"Traded Relic","damage_taken":0,"relics_obtained":["Nloth\u0027s Gift"],"max_hp_gain":0,"max_hp_loss":0,"event_name":"N\u0027loth","floor":19,"relics_lost":["Darkstone Periapt"],"gold_loss":0}],"is_beta":false,"boss_relics":[{"not_picked":["Runic Dome","Velvet Choker"],"picked":"Fusion Hammer"}],"items_purged_floors":[],"is_endless":false,"potions_floor_spawned":[11,13,16,21],"killed_by":"Gremlin Leader","ascension_level":20}}