{"host":"6r762osam2bvfm66","time":1612999728,"event":{"mods":["BaseMod","Bestiary","Colored Map","Highlight Path","Minty Spire (QoL Compilation)"],"gold_per_floor":[114,126,144,319,319,319,351,351,351,351,377,39,56,70,70,70,70],"floor_reached":16,"language":"ENG","playtime":564,"items_purged":["Strike_P"],"score":127,"play_id":"345d54a1-dde4-4445-9a4e-c11698e66c74","local_time":"20210210172848","is_ascension_mode":true,"campfire_choices":[{"data":"Eruption","floor":6.0,"key":"SMITH"},{"data":"LikeWater","floor":8.0,"key":"SMITH"},{"data":"Vigilance","floor":10.0,"key":"SMITH"},{"floor":15.0,"key":"REST"}],"circlet_count":0,"master_deck":["Strike_P","Strike_P","Strike_P","Defend_P","Defend_P","Defend_P","Defend_P+1","Eruption+1","Vigilance+1","BowlingBash","EmptyBody","LikeWater+1","Doubt","ForeignInfluence+1","DevaForm","LikeWater","Halt","Sanctity","EmptyFist"],"relics":["PureWater","Girya","Ginger","War Paint","ClockworkSouvenir"],"acts_visited":["Exordium"],"potions_floor_usage":[],"damage_taken":[{"damage":1.0,"enemies":"2 Louse","floor":1.0,"turns":3.0},{"damage":0.0,"enemies":"Cultist","floor":2.0,"turns":2.0},{"damage":2.0,"enemies":"Jaw Worm","floor":3.0,"turns":3.0},{"damage":10.0,"enemies":"Lagavulin","floor":7.0,"turns":4.0},{"damage":33.0,"enemies":"Gremlin Nob","floor":11.0,"turns":4.0},{"damage":11.0,"enemies":"3 Louse","floor":13.0,"turns":3.0},{"damage":3.0,"enemies":"Looter","floor":14.0,"turns":4.0},{"damage":0,"enemies":"The Guardian","floor":16,"turns":2}],"seed_played":"-9174916219074896766","potions_obtained":[{"floor":2.0,"key":"Fire Potion"},{"floor":5.0,"key":"AttackPotion"},{"floor":5.0,"key":"AttackPotion"},{"floor":13.0,"key":"SteroidPotion"},{"floor":14.0,"key":"FearPotion"}],"is_trial":false,"path_per_floor":["M","M","M","?","?","R","E","R","T","R","E","$","M","M","R","B"],"character_chosen":"WATCHER","items_purchased":["LikeWater","ClockworkSouvenir","Halt"],"campfire_rested":1,"item_purchase_floors":[12,12,12],"current_hp_per_floor":[78,78,76,76,76,76,66,66,66,66,33,33,22,19,42,42,42],"gold":70,"neow_bonus":"TEN_PERCENT_HP_BONUS","is_daily":false,"chose_seed":false,"campfire_upgraded":3,"win_rate":0.0,"timestamp":1612999728,"path_taken":["M","M","M","?","?","R","E","R","T","R","E","$","M","?","R","BOSS"],"items_purchased_type":["Card","Relic","Card"],"build_version":"2020-12-22","purchased_purges":1,"victory":false,"max_hp_per_floor":[79,79,79,79,79,79,79,79,79,79,79,79,79,79,79,79,79],"card_choices":[{"not_picked":["DeceiveReality","FlyingSleeves"],"picked":"BowlingBash","floor":1.0},{"not_picked":["WindmillStrike","SashWhip"],"picked":"EmptyBody","floor":2.0},{"not_picked":["InnerPeace","MasterReality"],"picked":"LikeWater","floor":3.0},{"not_picked":["BowlingBash","CrushJoints"],"picked":"ForeignInfluence","floor":7.0},{"not_picked":["Evaluate","EmptyFist"],"picked":"DevaForm","floor":11.0},{"not_picked":["EmptyMind","CarveReality"],"picked":"Sanctity","floor":13.0},{"not_picked":["Meditate","CarveReality"],"picked":"EmptyFist","floor":14.0}],"player_experience":75119,"relics_obtained":[{"floor":7.0,"key":"Girya"},{"floor":9.0,"key":"Ginger"},{"floor":11.0,"key":"War Paint"}],"event_choices":[{"damage_healed":0.0,"max_hp_gain":0.0,"max_hp_loss":0.0,"gold_gain":175.0,"event_name":"Liars Game","player_choice":"AGREE","floor":4.0,"gold_loss":0.0,"damage_taken":0.0,"cards_obtained":["Doubt"]},{"damage_healed":0.0,"max_hp_gain":0.0,"max_hp_loss":0.0,"gold_gain":0.0,"event_name":"Lab","player_choice":"Got Potions","floor":5.0,"gold_loss":0.0,"damage_taken":0.0}],"is_beta":false,"boss_relics":[],"items_purged_floors":[12],"is_endless":false,"potions_floor_spawned":[2,13,14],"killed_by":"The Guardian","ascension_level":3}}