{"host":"98aw1pfmbqrj5g0u","time":1612950798,"event":{"mods":["Act Like it!","Arknights","BaseMod","Colored Powertips","Downfall","Friendly Minions","KinomotoSakuraMod(ƒæ÷Æ±æ”£)","Kiyohime£®«Âºß£©","Marisa£®ÏF”Í°°ƒß¿Ì…≥£©","Minty Spire (QoL Compilation)","Prisma Mod","Quick Restart","Remilia£®¿Ÿ√◊¿Ú—«£©","Replay The Spire","StSLib","Td1madao Mod","The Servant 0.9.4","Waifu the Spire","Youmu£®ªÍ∆«—˝√Œ£©"],"gold_per_floor":[119,168,185,185,205,230,247,247,247],"floor_reached":8,"language":"ZHS","playtime":355,"items_purged":[],"score":58,"play_id":"468961ac-2fcc-47cf-b13a-196a81f8b102","local_time":"20210210175318","is_ascension_mode":false,"campfire_choices":[],"circlet_count":0,"master_deck":["ats:Strike C","ats:Strike G","ats:Strike S","ats:Strike V","ats:Armor Crushing Shot","ats:Defend","ats:Defend","ats:Defend","ats:Emotion Absorption","ats:Spore Proliferation","ats:Healing Drone","ats:Curse Doll","ats:Shadow Assault","ats:Sword Rain","ats:Assault Order","ats:Charging Defense"],"relics":["ats:Sanity","NeowsBlessing","Pantograph","ats:Originium","Molten Egg 2"],"acts_visited":["Exordium"],"potions_floor_usage":[],"damage_taken":[{"damage":0,"enemies":"Jaw Worm","floor":1,"turns":1},{"damage":0,"enemies":"Small Slimes","floor":3,"turns":1},{"damage":0,"enemies":"Cultist","floor":5,"turns":1},{"damage":42,"enemies":"3 Sentries","floor":6,"turns":8},{"damage":33,"enemies":"Large Slime","floor":7,"turns":9},{"damage":0,"enemies":"Lagavulin","floor":8,"turns":1}],"seed_played":"-7543043662660075041","potions_obtained":[{"floor":1,"key":"Weak Potion"},{"floor":6,"key":"GamblersBrew"}],"is_trial":false,"path_per_floor":["M","?","M","?","M","E","M","E"],"character_chosen":"DOCTOR_CLASS","items_purchased":[],"campfire_rested":0,"item_purchase_floors":[],"current_hp_per_floor":[72,72,72,72,72,36,15,15,15],"gold":247,"neow_bonus":"THREE_ENEMY_KILL","is_daily":false,"chose_seed":false,"campfire_upgraded":0,"win_rate":0.0,"timestamp":1612950798,"path_taken":["M","?","?","?","M","E","M","E"],"items_purchased_type":[],"build_version":"2020-12-22","purchased_purges":0,"victory":false,"max_hp_per_floor":[72,72,72,72,72,72,72,72,72],"card_choices":[{"not_picked":["ats:Very Hot Blade","ats:Explosion Area Strengthen"],"picked":"ats:Spore Proliferation","floor":1},{"not_picked":["ats:Flexible Camouflage","ats:Charging Defense"],"picked":"ats:Healing Drone","floor":2},{"not_picked":["ats:Beaten Up","ats:Poison Spread"],"picked":"ats:Curse Doll","floor":2},{"not_picked":["ats:Red Shift","ats:Steam Pump","ats:Sword Rain"],"picked":"SKIP","floor":3},{"not_picked":["ats:Flexible Camouflage","ats:Explosion Area Strengthen"],"picked":"ats:Sword Rain","floor":5},{"not_picked":["ats:Curse Doll","ats:Poison Spread+1"],"picked":"ats:Assault Order","floor":6},{"not_picked":["ats:Revitalization","ats:Flexible Camouflage"],"picked":"ats:Charging Defense","floor":7}],"player_experience":129482,"relics_obtained":[{"floor":2,"key":"Pantograph"},{"floor":6,"key":"ats:Originium"},{"floor":6,"key":"Molten Egg 2"}],"event_choices":[{"damage_healed":0,"gold_gain":0,"cards_transformed":["ats:Defend"],"player_choice":"Change","damage_taken":0,"max_hp_gain":0,"max_hp_loss":0,"event_name":"Living Wall","floor":4,"gold_loss":0,"cards_obtained":["ats:Shadow Assault"]}],"is_beta":false,"boss_relics":[],"items_purged_floors":[],"is_endless":false,"potions_floor_spawned":[1,6],"killed_by":"Lagavulin","ascension_level":0}}