{"host":"cijem1szy7pmmjx6","time":1612957912,"event":{"mods":["Act Like it!","Arknights","BaseMod","BetterRewards","Downfall","Marisa????????","Minty Spire (QoL Compilation)","Reimu??????","StSLib","The Bug Knight","The Senshi","The Servant 0.9.4"],"gold_per_floor":[111,122,122,146,163,195,195,210,235,261,278,278,15,28,28,129,129,149,6,24,24,43,43,43],"floor_reached":23,"language":"ZHS","playtime":2038,"items_purged":["downfall:Icky"],"score":193,"play_id":"0844c2c4-5dbf-4e6e-8669-aa2400d87ca7","local_time":"20210210065152","is_ascension_mode":false,"campfire_choices":[{"data":"theSenshi:MoonGorgeousMeditation","floor":12,"key":"SMITH"},{"floor":15,"key":"REST"}],"circlet_count":0,"master_deck":["theSenshi:SailorKick","theSenshi:SailorKick","theSenshi:SailorKick","theSenshi:SailorKick","theSenshi:SailorBlock","theSenshi:SailorBlock","theSenshi:SailorBlock","theSenshi:RoseThrow","theSenshi:MoonPrismPowerMakeUp","theSenshi:MoonGorgeousMeditation+1","theSenshi:MoonCrisisMakeUp","theSenshi:MoonPrincessHalation","theSenshi:SailorCosmosAssists","theSenshi:MoonHealingEscalation","theSenshi:MoonKick","theSenshi:MoonSpiralHeartAttack","theSenshi:MoonCosmicPowerMakeUp","theSenshi:MercurysCunning","theSenshi:FatedKiss","theSenshi:TuxedoMaskAssists+1","theSenshi:Overload+1","theSenshi:SailorChibiMoonAssists+1","theSenshi:DramaticEntrance","theSenshi:SailorVenusAssists","downfall:Bewildered","theSenshi:MoonPrincessHalation+1"],"relics":["theSenshi:TransformationBroochRelic","Oddly Smooth Stone","Toy Ornithopter","Ancient Tea Set","Bag of Marbles","Lantern","Astrolabe","sneckomod:BabySnecko"],"acts_visited":["Exordium","TheCity"],"potions_floor_usage":[6,6,16,18,23,23],"damage_taken":[{"damage":0,"enemies":"Small Slimes","floor":1,"turns":3},{"damage":2,"enemies":"Jaw Worm","floor":2,"turns":5},{"damage":0,"enemies":"Cultist","floor":5,"turns":3},{"damage":23,"enemies":"Gremlin Nob","floor":6,"turns":5},{"damage":13,"enemies":"3 Louse","floor":8,"turns":6},{"damage":12,"enemies":"Blue Slaver","floor":11,"turns":5},{"damage":11,"enemies":"Large Slime","floor":14,"turns":7},{"damage":14,"enemies":"Slime Boss","floor":16,"turns":13},{"damage":16,"enemies":"3 Byrds","floor":18,"turns":8},{"damage":16,"enemies":"2 Thieves","floor":20,"turns":5},{"damage":17,"enemies":"Snake Plant","floor":22,"turns":5},{"damage":57,"enemies":"Book of Stabbing","floor":23,"turns":6}],"seed_played":"2818978757494543396","potions_obtained":[{"floor":2,"key":"AttackPotion"},{"floor":5,"key":"FearPotion"},{"floor":14,"key":"Fire Potion"},{"floor":16,"key":"champ:CounterPotion"},{"floor":18,"key":"BlessingOfTheForge"},{"floor":20,"key":"LiquidMemories"}],"is_trial":false,"path_per_floor":["M","M","?","T","M","E","?","M","T","T","M","R","$","M","R","B",null,"M","$","M","?","M","E"],"character_chosen":"THE_SENSHI","items_purchased":["theSenshi:MoonSpiralHeartAttack","Lantern","theSenshi:MoonCosmicPowerMakeUp","theSenshi:DramaticEntrance"],"campfire_rested":1,"item_purchase_floors":[13,13,13,19],"current_hp_per_floor":[75,73,73,73,73,50,68,55,55,55,48,48,48,47,69,70,72,61,61,50,50,38,0,0],"gold":43,"neow_bonus":"ONE_RANDOM_RARE_CARD","is_daily":false,"chose_seed":false,"campfire_upgraded":1,"win_rate":0.0,"timestamp":1612957912,"path_taken":["M","M","?","?","?","E","?","M","T","?","M","R","?","M","R","BOSS","M","$","M","?","M","E"],"items_purchased_type":["Card","Relic","Card","Card"],"build_version":"2020-12-22","purchased_purges":1,"victory":false,"max_hp_per_floor":[75,75,75,75,75,75,75,75,75,75,75,75,75,75,75,75,72,72,72,72,72,72,72,72],"card_choices":[{"not_picked":["theSenshi:SailorChibiMoonAssists","theSenshi:SailorVenusAssists"],"picked":"theSenshi:MoonCrisisMakeUp","floor":1},{"not_picked":["theSenshi:MoonsReflection","theSenshi:MoonKick"],"picked":"theSenshi:MoonPrincessHalation","floor":2},{"not_picked":["theSenshi:SailorChibiMoonAssists","theSenshi:HesSoDreamy"],"picked":"theSenshi:MoonlightKnight","floor":5},{"not_picked":["theSenshi:MoonsReflection","theSenshi:TuxedoSmokingBomber"],"picked":"theSenshi:SailorCosmosAssists","floor":6},{"not_picked":["theSenshi:PlutosSolemnity","theSenshi:MoonlightKnight"],"picked":"theSenshi:MoonHealingEscalation","floor":8},{"not_picked":["theSenshi:SupersonicWaves","theSenshi:LateForSchool"],"picked":"theSenshi:MoonKick","floor":11},{"not_picked":["theSenshi:YouCanTalk","theSenshi:CrisisMakeUp"],"picked":"theSenshi:MercurysCunning","floor":14},{"not_picked":["theSenshi:JupitersPower","theSenshi:StudyParty"],"picked":"theSenshi:FatedKiss","floor":16},{"not_picked":["theSenshi:TuxedoSmokingBomber","theSenshi:SupersonicWaves"],"picked":"theSenshi:SailorChibiMoonAssists+1","floor":18},{"not_picked":["theSenshi:HesSoDreamy","theSenshi:SailorChibiMoonAssists"],"picked":"theSenshi:SailorVenusAssists","floor":20},{"not_picked":["theSenshi:LateForSchool","theSenshi:SailorMercuryAssists+1"],"picked":"theSenshi:MoonPrincessHalation+1","floor":22}],"player_experience":68673,"relics_obtained":[{"floor":4,"key":"Oddly Smooth Stone"},{"floor":6,"key":"Toy Ornithopter"},{"floor":9,"key":"Ancient Tea Set"},{"floor":10,"key":"Bag of Marbles"}],"event_choices":[{"damage_healed":0,"gold_gain":0,"player_choice":"Ignored","damage_taken":0,"max_hp_gain":0,"max_hp_loss":0,"event_name":"Golden Wing","floor":3,"gold_loss":0},{"damage_healed":18,"gold_gain":0,"player_choice":"Healed and dodged fight","damage_taken":0,"max_hp_gain":0,"max_hp_loss":0,"event_name":"Mushrooms","floor":7,"gold_loss":0,"cards_obtained":["Parasite"]}],"is_beta":false,"boss_relics":[{"not_picked":["Ectoplasm","Velvet Choker"],"picked":"Astrolabe"}],"items_purged_floors":[19],"is_endless":false,"potions_floor_spawned":[2,5,14,16,18,20],"killed_by":"Book of Stabbing","ascension_level":0}}