{"host":"06gxn1c1bsk424jw","time":1612972348,"event":{"mods":["BaseMod","DeckTracker","Minty Spire (QoL Compilation)","SuperFastMode"],"gold_per_floor":[118,118,138,158,177,212,212,227,307,307,334,346,364,418,418,497,497,510,183,202,222,222,222,222,222,270,288,288,306,356,229,229,300,300,316,316,43,53,53,87,87,87,87,100,110,135,166,15,15,15,15],"floor_reached":52,"language":"KOR","playtime":4357,"items_purged":[],"score":1823,"play_id":"08828478-e5db-4b8c-b472-9157db17c2ed","local_time":"20210211005228","is_ascension_mode":true,"campfire_choices":[{"data":"Rupture","floor":7,"key":"SMITH"},{"data":"Battle Trance","floor":10,"key":"SMITH"},{"data":"Berserk","floor":15,"key":"SMITH"},{"floor":23,"key":"REST"},{"data":"Fiend Fire","floor":28,"key":"SMITH"},{"data":"Blood for Blood","floor":32,"key":"SMITH"},{"data":"Limit Break","floor":42,"key":"SMITH"},{"data":"Entrench","floor":49,"key":"SMITH"}],"circlet_count":0,"master_deck":["AscendersBane","Defend_R","Defend_R","Bash","Combust","Shrug It Off","Rupture+1","Inflame","Battle Trance+1","Feel No Pain","Sword Boomerang","Berserk+1","Seeing Red","Fiend Fire+1","CurseOfTheBell","Pummel","Impervious","Bloodletting+1","Bite","Bite","Bite","Bite","Second Wind","Blood for Blood+1","Reaper","Shrug It Off+1","Limit Break+1","Headbutt+1","Parasite","Shockwave","Evolve+1","Offering","Entrench+1"],"relics":["Burning Blood","NeowsBlessing","Prayer Wheel","Darkstone Periapt","Incense Burner","Potion Belt","Calling Bell","Vajra","Singing Bowl","Pocketwatch","Oddly Smooth Stone","Regal Pillow","Empty Cage","Nunchaku","Letter Opener","MawBank"],"acts_visited":["Exordium","TheCity","TheBeyond"],"potions_floor_usage":[6,6,11,18,33,35,47,50,50,51,51],"damage_taken":[{"damage":0,"enemies":"Cultist","floor":1,"turns":1},{"damage":0,"enemies":"Jaw Worm","floor":3,"turns":1},{"damage":0,"enemies":"2 Louse","floor":4,"turns":1},{"damage":4,"enemies":"Looter","floor":5,"turns":4},{"damage":9,"enemies":"Gremlin Nob","floor":6,"turns":3},{"damage":26,"enemies":"3 Louse","floor":8,"turns":3},{"damage":16,"enemies":"Lagavulin","floor":11,"turns":7},{"damage":11,"enemies":"Blue Slaver","floor":12,"turns":5},{"damage":2,"enemies":"Red Slaver","floor":13,"turns":3},{"damage":29,"enemies":"Slime Boss","floor":16,"turns":7},{"damage":34,"enemies":"Shell Parasite","floor":18,"turns":6},{"damage":15,"enemies":"2 Thieves","floor":20,"turns":4},{"damage":27,"enemies":"Snake Plant","floor":21,"turns":4},{"damage":12,"enemies":"Cultist and Chosen","floor":27,"turns":6},{"damage":7,"enemies":"Centurion and Healer","floor":29,"turns":4},{"damage":40,"enemies":"Champ","floor":33,"turns":7},{"damage":28,"enemies":"3 Darklings","floor":35,"turns":4},{"damage":24,"enemies":"Orb Walker","floor":38,"turns":3},{"damage":23,"enemies":"Nemesis","floor":40,"turns":5},{"damage":53,"enemies":"Writhing Mass","floor":44,"turns":6},{"damage":26,"enemies":"Jaw Worm Horde","floor":45,"turns":4},{"damage":23,"enemies":"Giant Head","floor":46,"turns":5},{"damage":23,"enemies":"Sphere and 2 Shapes","floor":47,"turns":6},{"damage":73,"enemies":"Donu and Deca","floor":50,"turns":6},{"damage":114,"enemies":"Awakened One","floor":51,"turns":9}],"seed_played":"-645340131624506401","potions_obtained":[{"floor":3,"key":"SteroidPotion"},{"floor":5,"key":"Fire Potion"},{"floor":6,"key":"DistilledChaos"},{"floor":11,"key":"Regen Potion"},{"floor":20,"key":"Explosive Potion"},{"floor":29,"key":"Strength Potion"},{"floor":40,"key":"Weak Potion"},{"floor":45,"key":"BloodPotion"},{"floor":46,"key":"Dexterity Potion"},{"floor":47,"key":"FearPotion"}],"is_trial":false,"path_per_floor":["M","?","M","M","M","E","R","M","T","R","E","M","M","T","R","B",null,"M","$","M","M","?","R","$","?","T","M","R","M","?","$","R","B",null,"M","T","$","M","?","E","?","R","T","M","M","E","M","$","R","B","B",null],"character_chosen":"IRONCLAD","items_purchased":["Oddly Smooth Stone","Impervious","Second Wind","Blood for Blood","Limit Break","CultistPotion","PowerPotion","HeartOfIron"],"campfire_rested":1,"item_purchase_floors":[19,19,31,31,37,37,48,48],"current_hp_per_floor":[74,74,75,75,75,72,72,52,52,52,42,37,41,41,41,18,67,55,55,48,31,31,49,49,55,55,59,59,70,70,70,70,48,69,73,73,73,65,65,59,59,59,59,28,58,76,83,83,83,94,26],"gold":15,"neow_bonus":"THREE_ENEMY_KILL","is_daily":false,"chose_seed":false,"campfire_upgraded":7,"win_rate":0.0,"timestamp":1612972348,"path_taken":["M","?","M","M","M","E","R","M","T","R","E","M","M","?","R","BOSS","M","$","M","M","?","R","$","?","T","M","R","M","?","?","R","BOSS","M","?","$","M","?","E","?","R","T","M","M","E","?","$","R","BOSS","BOSS"],"items_purchased_type":["Relic","Card","Card","Card","Card","Potion","Potion","Potion"],"build_version":"2020-12-22","purchased_purges":0,"victory":true,"max_hp_per_floor":[75,75,75,75,75,75,75,75,75,75,75,75,75,75,75,75,81,83,83,85,89,62,62,62,68,68,72,72,76,76,76,76,76,76,78,78,78,82,82,82,82,82,82,90,94,94,94,94,94,94,94],"card_choices":[{"not_picked":["Flex","Pommel Strike"],"picked":"Combust","floor":1},{"not_picked":["Havoc","Uppercut"],"picked":"Shrug It Off","floor":3},{"not_picked":["Armaments","Dropkick"],"picked":"Rupture","floor":4},{"not_picked":["Clash","Rampage"],"picked":"Inflame","floor":5},{"not_picked":["Armaments","Pommel Strike","Searing Blow"],"picked":"SKIP","floor":6},{"not_picked":["Perfected Strike","Whirlwind"],"picked":"Battle Trance","floor":8},{"not_picked":["Sever Soul","Heavy Blade"],"picked":"Feel No Pain","floor":8},{"not_picked":["Wild Strike","Metallicize","Rampage"],"picked":"SKIP","floor":11},{"not_picked":["Armaments","Rupture"],"picked":"Sword Boomerang","floor":12},{"not_picked":["Clothesline","Reckless Charge","Feel No Pain"],"picked":"SKIP","floor":12},{"not_picked":["Twin Strike","Headbutt"],"picked":"Berserk","floor":13},{"not_picked":["Dark Embrace","Burning Pact"],"picked":"Seeing Red","floor":13},{"not_picked":["Berserk","Bludgeon"],"picked":"Fiend Fire","floor":16},{"not_picked":["Evolve","Shrug It Off"],"picked":"Pummel","floor":18},{"not_picked":["Spot Weakness+1","Ghostly Armor","Warcry"],"picked":"Singing Bowl","floor":18},{"not_picked":["Fire Breathing","Sword Boomerang"],"picked":"Bloodletting+1","floor":20},{"not_picked":["Perfected Strike","Dropkick","Carnage"],"picked":"Singing Bowl","floor":20},{"not_picked":["Uppercut","True Grit","Cleave"],"picked":"Singing Bowl","floor":21},{"not_picked":["Feel No Pain","Shockwave","Clash"],"picked":"Singing Bowl","floor":21},{"not_picked":["Havoc","Metallicize","Burning Pact"],"picked":"Singing Bowl","floor":27},{"not_picked":["Spot Weakness","Anger","Wild Strike"],"picked":"Singing Bowl","floor":27},{"not_picked":["Battle Trance","Anger+1","Burning Pact"],"picked":"Singing Bowl","floor":29},{"not_picked":["Inflame","Battle Trance","Wild Strike"],"picked":"Singing Bowl","floor":29},{"not_picked":["Juggernaut","Berserk"],"picked":"Reaper","floor":33},{"not_picked":["Infernal Blade","Warcry","Heavy Blade"],"picked":"Singing Bowl","floor":35},{"not_picked":["Perfected Strike+1","Havoc"],"picked":"Shrug It Off+1","floor":35},{"not_picked":["Twin Strike+1","Warcry","Rampage"],"picked":"Singing Bowl","floor":38},{"not_picked":["Body Slam","Disarm","Perfected Strike+1"],"picked":"Singing Bowl","floor":38},{"not_picked":["Cleave+1","Demon Form"],"picked":"Headbutt+1","floor":40},{"not_picked":["Thunderclap","Twin Strike","Body Slam"],"picked":"Singing Bowl","floor":44},{"not_picked":["Twin Strike+1","Headbutt"],"picked":"Shockwave","floor":44},{"not_picked":["Evolve","Inflame","Perfected Strike"],"picked":"Singing Bowl","floor":45},{"not_picked":["Disarm","Armaments","Clash"],"picked":"Singing Bowl","floor":45},{"not_picked":["Dark Embrace","Seeing Red"],"picked":"Evolve+1","floor":46},{"not_picked":["Headbutt+1","Searing Blow"],"picked":"Offering","floor":47},{"not_picked":["Twin Strike","Anger"],"picked":"Entrench","floor":47}],"player_experience":832732,"relics_obtained":[{"floor":6,"key":"Prayer Wheel"},{"floor":9,"key":"Darkstone Periapt"},{"floor":11,"key":"Incense Burner"},{"floor":14,"key":"Potion Belt"},{"floor":17,"key":"Vajra"},{"floor":17,"key":"Singing Bowl"},{"floor":17,"key":"Pocketwatch"},{"floor":26,"key":"Regal Pillow"},{"floor":40,"key":"Nunchaku"},{"floor":43,"key":"Letter Opener"},{"floor":46,"key":"MawBank"}],"event_choices":[{"damage_healed":0,"gold_gain":0,"player_choice":"Leave","damage_taken":0,"max_hp_gain":0,"max_hp_loss":0,"event_name":"The Cleric","floor":2,"gold_loss":0},{"damage_healed":0,"gold_gain":0,"player_choice":"Became a vampire","damage_taken":0,"max_hp_gain":0,"max_hp_loss":27,"event_name":"Vampires","floor":22,"gold_loss":0,"cards_obtained":["Bite","Bite","Bite","Bite","Bite"]},{"damage_healed":0,"gold_gain":0,"player_choice":"Smashed Altar","damage_taken":0,"max_hp_gain":0,"max_hp_loss":0,"event_name":"Forgotten Altar","floor":25,"gold_loss":0,"cards_obtained":["Decay"]},{"damage_healed":0,"gold_gain":50,"player_choice":"Stole From Cult","damage_taken":0,"max_hp_gain":0,"max_hp_loss":0,"event_name":"Nest","floor":30,"gold_loss":0},{"cards_removed":["Bite"],"damage_healed":0,"gold_gain":0,"player_choice":"Removed Attack","damage_taken":0,"max_hp_gain":0,"max_hp_loss":0,"event_name":"Falling","floor":39,"gold_loss":0},{"cards_removed":["Defend_R"],"damage_healed":0,"gold_gain":0,"player_choice":"Offered Basic","damage_taken":0,"max_hp_gain":0,"max_hp_loss":0,"event_name":"Bonfire Elementals","floor":41,"gold_loss":0}],"is_beta":false,"boss_relics":[{"not_picked":["Fusion Hammer","Black Star"],"picked":"Calling Bell"},{"not_picked":["Snecko Eye","Runic Dome"],"picked":"Empty Cage"}],"items_purged_floors":[],"is_endless":false,"potions_floor_spawned":[3,5,6,11,20,29,40,45,46,47],"ascension_level":20}}