{"host":"a1eatafr7pisesky","time":1612955044,"event":{"mods":["AchievementEnabler","BaseMod","Colored Map","Keyboard Shortcuts","Minty Spire (QoL Compilation)","Say the Spire","StSLib","SuperFastMode","everything is the same but u backflip on backflip"],"gold_per_floor":[118,133,58,77,77,111,127,153,153,153,178,196,161,3,3,3,3],"floor_reached":16,"language":"KOR","playtime":222,"items_purged":["Defend_R"],"score":276,"play_id":"90d31244-54fd-4cee-aa76-39670330e087","local_time":"20210210200404","is_ascension_mode":true,"campfire_choices":[{"data":"Perfected Strike","floor":10.0,"key":"SMITH"},{"data":"Perfected Strike","floor":15.0,"key":"SMITH"}],"circlet_count":0,"master_deck":["AscendersBane","Strike_R","Strike_R","Strike_R","Strike_R","Strike_R","Defend_R","Defend_R","Defend_R","Bash","Cleave","Perfected Strike+1","Perfected Strike+1","Bloodletting","Dark Embrace","Shrug It Off"],"relics":["Burning Blood","NeowsBlessing","Ice Cream","Mummified Hand","Singing Bowl","Akabeko","Red Skull"],"acts_visited":["Exordium"],"potions_floor_usage":[16],"damage_taken":[{"damage":0.0,"enemies":"Cultist","floor":1.0,"turns":1.0},{"damage":0.0,"enemies":"2 Louse","floor":2.0,"turns":1.0},{"damage":0.0,"enemies":"Jaw Worm","floor":4.0,"turns":1.0},{"damage":35.0,"enemies":"Lagavulin","floor":6.0,"turns":5.0},{"damage":4.0,"enemies":"Looter","floor":7.0,"turns":2.0},{"damage":3.0,"enemies":"Gremlin Nob","floor":8.0,"turns":2.0},{"damage":43.0,"enemies":"3 Sentries","floor":11.0,"turns":7.0},{"damage":14.0,"enemies":"Gremlin Gang","floor":12.0,"turns":5.0},{"damage":28,"enemies":"The Guardian","floor":16,"turns":6}],"seed_played":"7601331333082997304","potions_obtained":[{"floor":6.0,"key":"LiquidMemories"},{"floor":7.0,"key":"BlessingOfTheForge"},{"floor":11.0,"key":"Weak Potion"},{"floor":12.0,"key":"Explosive Potion"}],"is_trial":false,"path_per_floor":["M","M","$","M","$","E","M","E","T","R","E","M","?","$","R","B"],"character_chosen":"IRONCLAD","items_purchased":["Red Skull"],"campfire_rested":0,"item_purchase_floors":[14],"current_hp_per_floor":[74,75,75,75,75,46,48,51,51,51,16,8,27,27,27,0,0],"gold":3,"neow_bonus":"THREE_ENEMY_KILL","is_daily":false,"chose_seed":false,"campfire_upgraded":2,"win_rate":0.0,"timestamp":1612955044,"path_taken":["M","?","$","?","$","E","?","E","T","R","E","M","?","?","R","BOSS"],"items_purchased_type":["Relic"],"build_version":"2020-12-22","purchased_purges":1,"victory":false,"max_hp_per_floor":[75,75,75,75,75,75,75,75,75,75,77,77,77,77,77,77,77],"card_choices":[{"not_picked":["Clash","Flex"],"picked":"Cleave","floor":1.0},{"not_picked":["Flame Barrier","Pommel Strike"],"picked":"Perfected Strike","floor":2.0},{"not_picked":["Havoc","Heavy Blade"],"picked":"Perfected Strike","floor":4.0},{"not_picked":["Iron Wave","Burning Pact"],"picked":"Bloodletting","floor":6.0},{"not_picked":["Warcry","Anger","Hemokinesis"],"picked":"SKIP","floor":7.0},{"not_picked":["Uppercut","Anger"],"picked":"Dark Embrace","floor":8.0},{"not_picked":["Wild Strike","Exhume","Dual Wield"],"picked":"Singing Bowl","floor":11.0},{"not_picked":["Combust","Body Slam"],"picked":"Shrug It Off","floor":12.0}],"player_experience":438490,"relics_obtained":[{"floor":6.0,"key":"Ice Cream"},{"floor":8.0,"key":"Mummified Hand"},{"floor":9.0,"key":"Singing Bowl"},{"floor":11.0,"key":"Akabeko"}],"event_choices":[{"damage_healed":19.0,"max_hp_gain":0.0,"max_hp_loss":0.0,"gold_gain":0.0,"event_name":"The Cleric","player_choice":"Healed","floor":13.0,"gold_loss":35.0,"damage_taken":0.0}],"is_beta":false,"boss_relics":[],"items_purged_floors":[3],"is_endless":false,"potions_floor_spawned":[6,7,11,12],"killed_by":"The Guardian","ascension_level":18}}