{"host":"hnrafgucdht3qvsp","time":1612922755,"event":{"mods":["BaseMod","Bestiary","Colored Map","Downfall","Minty Spire (QoL Compilation)","Relic Stats","StSLib"],"gold_per_floor":[99,119,130,145,145,179,203,203,203,203,16,33,51,151,169,272,272,272,282,282,4,37,37,37,67,67,87,119,138,164,183,203,304,304,204,221,271,55,55,55,137,37,319,345,245,255,125,153,164,164,164,191,34,34,34,34,34,34],"floor_reached":56,"language":"ENG","playtime":3203,"items_purged":["Pain","downfall:Aged","downfall:Haunted"],"score":963,"play_id":"dc897f1e-5773-4a49-b4ed-3f86feee9a6f","local_time":"20210209210555","is_ascension_mode":false,"campfire_choices":[{"data":"champ:Taunt","floor":1,"key":"SMITH"},{"data":"champ:Endure","floor":8,"key":"SMITH"},{"data":"champ:TripleStrike","floor":18,"key":"SMITH"},{"data":"champ:GladiatorForm","floor":23,"key":"SMITH"},{"data":"champ:SteelEdge","floor":26,"key":"SMITH"},{"floor":35,"key":"RECALL"},{"data":"1","floor":40,"key":"LIFT"},{"data":"2","floor":42,"key":"LIFT"},{"data":"3","floor":45,"key":"LIFT"},{"data":"champ:TripleStrike","floor":54,"key":"SMITH"}],"circlet_count":0,"master_deck":["champ:Strike","champ:Strike","champ:Strike","champ:Strike","champ:Defend","champ:Defend","champ:Defend","champ:Defend","champ:Execute","champ:Taunt+1","champ:FanOfKnives","champ:Endure+1","champ:GladiatorForm+1","champ:StanceDance","champ:IronFortress","champ:Encircle","champ:GutPunch","champ:SteelEdge+1","champ:BringItOn","champ:TripleStrike+1","champ:BerserkersShout","champ:BerserkerStyle+1","champ:ViciousMockery+1","champ:StanceDance+1","champ:VampiricStrike","champ:EnGarde+1","champ:FocusedBerserking+1","champ:AdrenalArmor+1","champ:TripleStrike","champ:AdrenalArmor+1","champ:StanceDance+1","champ:CheapShot","champ:BerserkersShout+1","champ:BerserkerStyle+1","champ:TripleStrike+1","champ:VampiricStrike"],"relics":["champ:ChampionCrown","downfall:ExtraCursedKey","Bag of Marbles","Guardian:PocketSentry","Membership Card","Champion Belt","SlaversCollar","FossilizedHelix","TungstenRod","Pen Nib","Red Mask","Toxic Egg 2","PreservedInsect","Nunchaku","Black Star","downfall:HeartBlessingGreen","Girya","Omamori","ClockworkSouvenir","downfall:HeartBlessingRed","Darkstone Periapt","Pantograph","downfall:HeartBlessingBlue","Shuriken","Pear","Akabeko","hexamod:CandleOfCauterizing","Art of War","Gambling Chip"],"acts_visited":["Exordium","TheCity","TheBeyond","TheEnding"],"potions_floor_usage":[28,50,56,56,56],"damage_taken":[{"damage":10,"enemies":"Small Slimes","floor":2,"turns":3},{"damage":0,"enemies":"2 Louse","floor":3,"turns":2},{"damage":11,"enemies":"Cultist","floor":4,"turns":3},{"damage":40,"enemies":"Gremlin Nob","floor":6,"turns":4},{"damage":35,"enemies":"downfall:FleeingMerchant","floor":11,"turns":4},{"damage":28,"enemies":"Exordium Thugs","floor":12,"turns":4},{"damage":22,"enemies":"Large Slime","floor":13,"turns":5},{"damage":3,"enemies":"Large Slime","floor":14,"turns":3},{"damage":14,"enemies":"Blue Slaver","floor":15,"turns":3},{"damage":30,"enemies":"IC_STATUS_ARCHETYPE","floor":16,"turns":6},{"damage":10,"enemies":"3 Byrds","floor":19,"turns":5},{"damage":27,"enemies":"downfall:FleeingMerchant","floor":21,"turns":4},{"damage":10,"enemies":"Masked Bandits","floor":22,"turns":3},{"damage":53,"enemies":"Gremlin Leader","floor":25,"turns":5},{"damage":16,"enemies":"Chosen","floor":27,"turns":2},{"damage":30,"enemies":"Book of Stabbing","floor":28,"turns":2},{"damage":18,"enemies":"Snecko","floor":29,"turns":2},{"damage":10,"enemies":"Gremlin Leader","floor":30,"turns":3},{"damage":18,"enemies":"Centurion and Healer","floor":31,"turns":5},{"damage":45,"enemies":"Sentry and Sphere","floor":32,"turns":4},{"damage":70,"enemies":"WA_ARCHETYPE_CALM","floor":33,"turns":5},{"damage":18,"enemies":"Orb Walker","floor":36,"turns":1},{"damage":55,"enemies":"Orb Walker","floor":37,"turns":4},{"damage":41,"enemies":"downfall:FleeingMerchant","floor":38,"turns":4},{"damage":16,"enemies":"downfall:FleeingMerchant","floor":43,"turns":3},{"damage":65,"enemies":"Giant Head","floor":44,"turns":4},{"damage":18,"enemies":"3 Darklings","floor":46,"turns":3},{"damage":24,"enemies":"Nemesis","floor":48,"turns":3},{"damage":82,"enemies":"Sphere and 2 Shapes","floor":49,"turns":5},{"damage":88,"enemies":"DF_ARCHETYPE_ORBS","floor":50,"turns":4},{"damage":115,"enemies":"downfall:CharBossMerchant","floor":52,"turns":5},{"damage":166,"enemies":"downfall:NeowBoss","floor":55,"turns":7},{"damage":142,"enemies":"downfall:NeowBossFinal","floor":56,"turns":3}],"seed_played":"4629334933512843305","potions_obtained":[{"floor":2,"key":"DuplicationPotion"},{"floor":4,"key":"EssenceOfSteel"},{"floor":13,"key":"champ:TechniquePotion"},{"floor":16,"key":"champ:CounterPotion"},{"floor":29,"key":"DuplicationPotion"},{"floor":48,"key":"champ:UltimateStancePotion"},{"floor":52,"key":"Fire Potion"}],"is_trial":false,"path_per_floor":["R","M","M","M","?","E","T","R","?","?","$","M","M","?","M","B",null,"R","M","?","$","?","R","T","E","R","M","E","M","E","M","M","B",null,"R","M","?","$","?","R","T","R","?","E","R","M","$","E","M","B",null,"E","$","R","B","B"],"character_chosen":"THE_CHAMP","items_purchased":["Membership Card","champ:IronFortress","TungstenRod","Pen Nib","Omamori","ClockworkSouvenir","Shuriken","Gambling Chip"],"campfire_rested":0,"item_purchase_floors":[11,11,21,21,38,38,47,53],"current_hp_per_floor":[99,99,99,98,98,78,78,78,83,83,78,65,58,55,46,36,104,104,104,104,102,94,94,94,91,91,101,104,104,101,104,104,104,104,104,104,104,104,104,104,104,104,104,103,113,114,114,124,124,114,124,109,109,109,124,0,0,0],"gold":34,"neow_bonus":"TEN_PERCENT_HP_BONUS","is_daily":false,"chose_seed":false,"campfire_upgraded":6,"win_rate":0.0,"timestamp":1612922755,"path_taken":["R","M","M","M","?","E","T","R","?","?","$","M","?","?","M","BOSS","R","M","?","?","?","R","T","E","R","M","E","M","E","M","M","BOSS","R","M","?","$","?","R","T","R","?","E","R","M","$","E","M","BOSS","E","$","R","BOSS","BOSS"],"items_purchased_type":["Relic","Card","Relic","Relic","Relic","Relic","Relic","Relic"],"build_version":"2020-12-22","purchased_purges":3,"victory":false,"max_hp_per_floor":[99,99,99,99,99,99,99,99,104,104,104,104,104,104,104,104,104,104,104,104,104,104,104,104,104,104,104,104,104,104,104,104,104,104,104,104,104,104,104,104,104,104,104,104,114,114,114,124,124,124,124,124,124,124,124,124,124,124],"relic_stats":{"Darkstone Periapt":0,"counters":[33,123],"Pen Nib":[21],"PreservedInsect":326,"Nunchaku":[16],"Shuriken":[18],"Pantograph":15,"Gambling Chip":[3],"Black Star":3,"Art of War":[0],"Champion Belt":[45],"obtain_stats":[{"Darkstone Periapt":44,"champ:ChampionCrown":0,"downfall:HeartBlessingGreen":35,"ClockworkSouvenir":38,"Nunchaku":30,"downfall:HeartBlessingBlue":45,"Pantograph":44,"Gambling Chip":53,"downfall:ExtraCursedKey":5,"Red Mask":22,"Toxic Egg 2":25,"Girya":37,"hexamod:CandleOfCauterizing":52,"Pear":48,"downfall:HeartBlessingRed":42,"Pen Nib":21,"PreservedInsect":28,"Guardian:PocketSentry":7,"Omamori":38,"Akabeko":48,"SlaversCollar":17,"Shuriken":47,"Bag of Marbles":6,"Black Star":34,"Art of War":52,"Membership Card":11,"Champion Belt":14,"FossilizedHelix":20,"TungstenRod":21},{"Darkstone Periapt":26,"champ:ChampionCrown":0,"downfall:HeartBlessingGreen":21,"ClockworkSouvenir":24,"Nunchaku":18,"downfall:HeartBlessingBlue":26,"Pantograph":26,"Gambling Chip":31,"downfall:ExtraCursedKey":3,"Red Mask":13,"Toxic Egg 2":14,"Girya":23,"hexamod:CandleOfCauterizing":31,"Pear":28,"downfall:HeartBlessingRed":24,"Pen Nib":12,"PreservedInsect":16,"Guardian:PocketSentry":4,"Omamori":24,"Akabeko":28,"SlaversCollar":10,"Shuriken":27,"Bag of Marbles":4,"Black Star":21,"Art of War":31,"Membership Card":5,"Champion Belt":8,"FossilizedHelix":11,"TungstenRod":12},{"Darkstone Periapt":93,"champ:ChampionCrown":0,"downfall:HeartBlessingGreen":77,"ClockworkSouvenir":86,"Nunchaku":63,"downfall:HeartBlessingBlue":93,"Pantograph":93,"Gambling Chip":113,"downfall:ExtraCursedKey":8,"Red Mask":49,"Toxic Egg 2":54,"Girya":82,"hexamod:CandleOfCauterizing":113,"Pear":99,"downfall:HeartBlessingRed":86,"Pen Nib":46,"PreservedInsect":58,"Guardian:PocketSentry":12,"Omamori":86,"Akabeko":99,"SlaversCollar":37,"Shuriken":96,"Bag of Marbles":12,"Black Star":77,"Art of War":113,"Membership Card":16,"Champion Belt":28,"FossilizedHelix":42,"TungstenRod":46}],"TungstenRod":167},"card_choices":[{"not_picked":["champ:BringItOn","champ:GladiatorStyle"],"picked":"champ:FanOfKnives","floor":2},{"not_picked":["champ:ShieldSlam","champ:TornadoPunch"],"picked":"champ:Haymaker","floor":3},{"not_picked":["champ:Shatter","champ:RapidStrikes"],"picked":"champ:Endure","floor":4},{"not_picked":["champ:IronFortress","champ:ViciousMockery"],"picked":"champ:GladiatorForm","floor":6},{"not_picked":["champ:Shatter","champ:RisingSlash"],"picked":"champ:StanceDance","floor":11},{"not_picked":["champ:RapidStrikes","champ:DefensiveShout"],"picked":"champ:Encircle","floor":12},{"not_picked":["champ:PerfectedStrike","champ:FanOfKnives"],"picked":"champ:GutPunch","floor":13},{"not_picked":["champ:FlashCut","champ:HeartStrike"],"picked":"champ:SteelEdge","floor":14},{"not_picked":["champ:HeartStrike","champ:FancyFootwork"],"picked":"champ:BringItOn","floor":15},{"not_picked":["champ:SwordThrow","champ:LastStand"],"picked":"champ:TripleStrike","floor":16},{"not_picked":["champ:CrownThrow","champ:Endure"],"picked":"champ:BerserkersShout","floor":19},{"not_picked":["champ:FalseCounter","champ:Parry","champ:Haymaker"],"picked":"SKIP","floor":21},{"not_picked":["champ:CalledShot","champ:Endure"],"picked":"champ:BerserkerStyle+1","floor":22},{"not_picked":["champ:Circumvent+1","champ:DefensiveShout+1","champ:EndlessRage"],"picked":"SKIP","floor":25},{"not_picked":["champ:DeathBlow","champ:PerfectedStrike"],"picked":"champ:ViciousMockery+1","floor":27},{"not_picked":["champ:PerfectedStrike+1","champ:Backstep+1"],"picked":"champ:StanceDance+1","floor":28},{"not_picked":["champ:TornadoPunch+1","champ:Backstep+1"],"picked":"champ:VampiricStrike","floor":29},{"not_picked":["champ:SkillfulDodge+1","champ:ShieldWall","champ:EnGarde+1"],"picked":"SKIP","floor":30},{"not_picked":["champ:SkillfulDodge+1","champ:ShieldWall"],"picked":"champ:EnGarde+1","floor":30},{"not_picked":["champ:FancyFootwork+1","champ:BerserkerStyle+1"],"picked":"champ:FocusedBerserking+1","floor":31},{"not_picked":["champ:BringItOn+1","champ:FalseCounter+1"],"picked":"champ:AdrenalArmor+1","floor":32},{"not_picked":["champ:UltimateStance+1","champ:HoldFirm+1"],"picked":"champ:TripleStrike","floor":33},{"not_picked":["champ:GladiatorStyle+1","champ:Backstep+1"],"picked":"champ:AdrenalArmor+1","floor":36},{"not_picked":["champ:BladeFlurry","champ:BerserkersShout+1"],"picked":"champ:StanceDance+1","floor":37},{"not_picked":["champ:DefensiveStyle","champ:IronFortress+1"],"picked":"champ:CheapShot","floor":38},{"not_picked":["champ:DeathBlow+1","champ:DefensiveShout+1"],"picked":"champ:BerserkersShout+1","floor":43},{"not_picked":["champ:GutPunch","champ:Haymaker"],"picked":"champ:BerserkerStyle+1","floor":44},{"not_picked":["champ:TornadoPunch","champ:LastStand","champ:Backstep+1"],"picked":"SKIP","floor":46},{"not_picked":["champ:FocusedDefense+1","champ:StanceDance+1"],"picked":"champ:TripleStrike","floor":48},{"not_picked":["champ:TornadoPunch","champ:Parry+1","champ:FlashCut+1"],"picked":"SKIP","floor":49},{"not_picked":["champ:Circumvent+1","champ:FocusedBerserking+1"],"picked":"champ:VampiricStrike","floor":52}],"player_experience":635381,"relics_obtained":[{"floor":6,"key":"Bag of Marbles"},{"floor":7,"key":"Guardian:PocketSentry"},{"floor":14,"key":"Champion Belt"},{"floor":22,"key":"Red Mask"},{"floor":25,"key":"Toxic Egg 2"},{"floor":28,"key":"PreservedInsect"},{"floor":30,"key":"Nunchaku"},{"floor":37,"key":"Girya"},{"floor":44,"key":"Darkstone Periapt"},{"floor":44,"key":"Pantograph"},{"floor":48,"key":"Pear"},{"floor":48,"key":"Akabeko"},{"floor":52,"key":"hexamod:CandleOfCauterizing"},{"floor":52,"key":"Art of War"}],"event_choices":[{"damage_healed":0,"gold_gain":0,"player_choice":"Donut","damage_taken":0,"max_hp_gain":5,"max_hp_loss":0,"event_name":"Big Fish","floor":9,"gold_loss":0},{"damage_healed":0,"gold_gain":0,"player_choice":"Ignored","damage_taken":0,"max_hp_gain":0,"max_hp_loss":0,"event_name":"NoteForYourself","floor":10,"gold_loss":0},{"damage_healed":0,"gold_gain":0,"player_choice":"Fought Bandits","damage_taken":0,"max_hp_gain":0,"max_hp_loss":0,"event_name":"Masked Bandits","floor":22,"gold_loss":0},{"cards_removed":["champ:Haymaker"],"damage_healed":0,"gold_gain":0,"player_choice":"Removed Attack","damage_taken":0,"max_hp_gain":0,"max_hp_loss":0,"event_name":"Falling","floor":39,"gold_loss":0}],"is_beta":false,"boss_relics":[{"not_picked":["Calling Bell","Runic Dome"],"picked":"SlaversCollar"},{"not_picked":["Pandora\u0027s Box","Sozu"],"picked":"Black Star"}],"items_purged_floors":[21,38,43],"is_endless":false,"potions_floor_spawned":[2,4,13,14,16,22,27,29,32,37,44,48,49,52],"killed_by":"downfall:NeowBossFinal","ascension_level":0}}