{"host":"36t3qd3wjvajtu1z","time":1612943498,"event":{"mods":["2.2 Compatiblity","AchievementEnabler","BaseMod","Bestiary","Block Reminder","Colored Powertips","Curses Come First","Highlight Path","Minty Spire (QoL Compilation)","Permanent Neow","Quick Restart","Random Character Button","Rare Cards Sparkle","Relic Stats","Slay-I","StSLib","Unknown Chances"],"gold_per_floor":[117,127,140,158,136,165,165,198,198,198,37,37,66,77,77,77,77],"floor_reached":16,"language":"ENG","playtime":1267,"items_purged":[],"score":224,"play_id":"ac535cf4-369d-47af-881b-1127d83c3177","local_time":"20210209235138","is_ascension_mode":true,"campfire_choices":[{"floor":7.0,"key":"REST"},{"data":"Venomology","floor":10.0,"key":"SMITH"},{"data":"Blade Dance","floor":12.0,"key":"SMITH"},{"data":"After Image","floor":15.0,"key":"SMITH"}],"circlet_count":0,"master_deck":["AscendersBane","Strike_G","Strike_G","Strike_G","Strike_G","Strike_G","Defend_G","Defend_G","Defend_G","Defend_G","Defend_G","Survivor","Neutralize","Slice","Leg Sweep","Sucker Punch","Dagger Spray","Venomology+1","Blade Dance+1","After Image+1"],"relics":["Ring of the Snake","Gambling Chip","Toy Ornithopter","Omamori","Eternal Feather","ClockworkSouvenir","Odd Mushroom"],"acts_visited":["Exordium"],"potions_floor_usage":[16,16],"damage_taken":[{"damage":3.0,"enemies":"Cultist","floor":1.0,"turns":4.0},{"damage":0.0,"enemies":"Jaw Worm","floor":2.0,"turns":4.0},{"damage":0.0,"enemies":"Small Slimes","floor":3.0,"turns":4.0},{"damage":5.0,"enemies":"3 Louse","floor":4.0,"turns":4.0},{"damage":9.0,"enemies":"Exordium Thugs","floor":5.0,"turns":4.0},{"damage":31.0,"enemies":"3 Sentries","floor":6.0,"turns":9.0},{"damage":27.0,"enemies":"Gremlin Nob","floor":8.0,"turns":5.0},{"damage":5.0,"enemies":"The Mushroom Lair","floor":13.0,"turns":4.0},{"damage":3.0,"enemies":"Large Slime","floor":14.0,"turns":5.0},{"damage":58,"enemies":"Hexaghost","floor":16,"turns":12}],"seed_played":"5747413001490307109","potions_obtained":[{"floor":1.0,"key":"Block Potion"},{"floor":4.0,"key":"Swift Potion"},{"floor":5.0,"key":"Weak Potion"},{"floor":6.0,"key":"CultistPotion"},{"floor":14.0,"key":"Energy Potion"}],"is_trial":false,"path_per_floor":["M","M","M","M","M","E","R","E","T","R","$","R","?","M","R","B"],"character_chosen":"THE_SILENT","items_purchased":["ClockworkSouvenir"],"campfire_rested":1,"item_purchase_floors":[11],"current_hp_per_floor":[56,56,56,51,42,11,29,12,12,21,21,30,30,32,44,0,0],"gold":77,"neow_bonus":"ONE_RARE_RELIC","is_daily":false,"chose_seed":false,"campfire_upgraded":3,"win_rate":0.0,"timestamp":1612943498,"path_taken":["M","M","?","M","M","E","R","E","T","R","?","R","?","M","R","BOSS"],"items_purchased_type":["Relic"],"build_version":"2020-12-22","purchased_purges":0,"victory":false,"max_hp_per_floor":[60,60,60,60,60,60,60,60,60,60,60,60,60,60,60,60,60],"relic_stats":{"counters":[10,55],"Gambling Chip":[32],"Eternal Feather":30,"obtain_stats":[{"Gambling Chip":0,"Eternal Feather":9,"Omamori":8,"Odd Mushroom":13,"Toy Ornithopter":6,"Ring of the Snake":0,"ClockworkSouvenir":11},{"Gambling Chip":0,"Eternal Feather":7,"Omamori":7,"Odd Mushroom":8,"Toy Ornithopter":6,"Ring of the Snake":0,"ClockworkSouvenir":7},{"Gambling Chip":0,"Eternal Feather":34,"Omamori":34,"Odd Mushroom":38,"Toy Ornithopter":29,"Ring of the Snake":0,"ClockworkSouvenir":34}],"Toy Ornithopter":30,"Ring of the Snake":[20]},"card_choices":[{"not_picked":["Crippling Poison","Setup"],"picked":"Slice","floor":1.0},{"not_picked":["Quick Slash","Bane"],"picked":"Leg Sweep","floor":2.0},{"not_picked":["Deflect","Prepared"],"picked":"Sucker Punch","floor":3.0},{"not_picked":["Blade Dance","Quick Slash"],"picked":"Dagger Spray","floor":4.0},{"not_picked":["Backflip","Finisher","Underhanded Strike"],"picked":"SKIP","floor":5.0},{"not_picked":["Catalyst","Poisoned Stab"],"picked":"Venomology","floor":6.0},{"not_picked":["Outmaneuver","Poisoned Stab"],"picked":"Blade Dance","floor":8.0},{"not_picked":["Deadly Poison","Prepared"],"picked":"After Image","floor":14.0}],"player_experience":461020,"relics_obtained":[{"floor":6.0,"key":"Toy Ornithopter"},{"floor":8.0,"key":"Omamori"},{"floor":9.0,"key":"Eternal Feather"},{"floor":13.0,"key":"Odd Mushroom"}],"event_choices":[{"damage_healed":0.0,"max_hp_gain":0.0,"max_hp_loss":0.0,"gold_gain":0.0,"event_name":"Mushrooms","player_choice":"Fought Mushrooms","floor":13.0,"gold_loss":0.0,"damage_taken":0.0}],"is_beta":false,"boss_relics":[],"items_purged_floors":[],"is_endless":false,"potions_floor_spawned":[1,4,5,6,14],"killed_by":"Hexaghost","ascension_level":20}}