{"host":"cw4ycq1r9enbdgys","time":1612949813,"event":{"mods":["Act Like it!","Aspiration","BaseMod","BetterRewards","Colored Powertips","Conspire","GifTheSpireLib","Halation","Hubris","Jedi Mod","Minty Spire (QoL Compilation)","Replay The Spire","Shop Mod","Spikes Relics","StSLib","Stuff the Spire","TestMod"],"gold_per_floor":[117,131,131,157,6,6,32,32,32,65,82,104,104,137,137,246,246,264,286,409,428,443,475,475,514,514,124,229,246,262,306,306,412,412,432,432,432],"floor_reached":36,"language":"ENG","playtime":3154,"items_purged":[],"score":1133,"play_id":"bfa40b22-a9fd-4ff9-8270-b2b58a087b92","local_time":"20210210013653","is_ascension_mode":true,"campfire_choices":[{"data":"EmptyFist","floor":6.0,"key":"SMITH"},{"data":"Eruption","floor":8.0,"key":"SMITH"},{"floor":15.0,"key":"RECALL"},{"data":"DeusExMachina","floor":24.0,"key":"SMITH"},{"data":"ConjureBlade","floor":32,"key":"SMITH"}],"circlet_count":0,"master_deck":["Strike_P+1","Strike_P","Strike_P","Strike_P","Defend_P","Defend_P+1","Defend_P","Defend_P","Eruption+1","Vigilance+1","Tantrum+1","EmptyFist+1","Replay:ManipulateFuture","ReachHeaven","BattleHymn","DeusExMachina+1","Consecrate+1","FlurryOfBlows+1","Replay:DivineShield","LessonLearned","ConjureBlade+1","Judgement"],"relics":["PureWater","testmod-TestBox","testmod-DeterminationOfClimber","NeowsBlessing","hubris:Icosahedron","Vajra","MealTicket","hubris:ToyBattleship","jedi:bottledfury","testmod-ArcanaOfDestiny","hubris:GrandSneckoEye","MiniBlackHole","RollingBoulder","testmod-BalancedPeriapt","halation:Komachan","Pantograph","Replay:PocketPolymizer","Replay:Bottled Snecko","hubris:Reverence","aspiration:FutureDiary"],"acts_visited":["Exordium","TheCity","TheBeyond"],"potions_floor_usage":[33,33,33],"damage_taken":[{"damage":0.0,"enemies":"Jaw Worm","floor":1.0,"turns":1.0},{"damage":0.0,"enemies":"2 Louse","floor":2.0,"turns":1.0},{"damage":0.0,"enemies":"Lagavulin","floor":7.0,"turns":1.0},{"damage":0.0,"enemies":"Gremlin Nob","floor":10.0,"turns":2.0},{"damage":0.0,"enemies":"Cultist","floor":11.0,"turns":1.0},{"damage":0.0,"enemies":"Large Slime","floor":12.0,"turns":2.0},{"damage":0.0,"enemies":"Lagavulin","floor":14.0,"turns":2.0},{"damage":0.0,"enemies":"The Guardian","floor":16.0,"turns":2.0},{"damage":0.0,"enemies":"3 Byrds","floor":18.0,"turns":1.0},{"damage":1.0,"enemies":"conspire:FuzzyDice","floor":19.0,"turns":2.0},{"damage":0.0,"enemies":"conspire:HollyBat","floor":20.0,"turns":4.0},{"damage":0.0,"enemies":"Cultist and Chosen","floor":21.0,"turns":1.0},{"damage":0.0,"enemies":"Snecko","floor":22.0,"turns":2.0},{"damage":35.0,"enemies":"Slavers","floor":23.0,"turns":2.0},{"damage":0.0,"enemies":"Gremlin Leader","floor":25.0,"turns":2.0},{"damage":0.0,"enemies":"Colosseum Slavers","floor":28.0,"turns":1.0},{"damage":0.0,"enemies":"Colosseum Nobs","floor":28.0,"turns":2.0},{"damage":0.0,"enemies":"Centurion and Healer","floor":29.0,"turns":1.0},{"damage":0.0,"enemies":"3 Cultists","floor":30.0,"turns":1.0},{"damage":0,"enemies":"Slavers","floor":31,"turns":1},{"damage":24,"enemies":"Pondfish","floor":33,"turns":2},{"damage":0,"enemies":"3 Darklings","floor":35,"turns":1}],"seed_played":"-335649090064201894","potions_obtained":[{"floor":1.0,"key":"AttackPotion"},{"floor":7.0,"key":"Fire Potion"},{"floor":12.0,"key":"PowerPotion"},{"floor":13.0,"key":"Death Potion"},{"floor":13.0,"key":"Death Potion"},{"floor":13.0,"key":"Fire Potion"},{"floor":16.0,"key":"Toxic Potion"},{"floor":33,"key":"SteroidPotion"},{"floor":35,"key":"Elixir"}],"is_trial":false,"path_per_floor":["M","M","?","T","$","R","E","R","T","E","M","M","?","E","R","B",null,"M","M","M","M","M","E","R","E","T","$","?","M","M","E","R","B",null,"M","?"],"character_chosen":"WATCHER","items_purchased":["MealTicket","halation:Komachan","Pantograph"],"campfire_rested":0,"item_purchase_floors":[5,27,27],"current_hp_per_floor":[72,72,72,72,72,72,72,72,72,72,72,72,72,72,72,72,72,72,72,72,72,72,41,41,48,48,63,69,72,72,72,72,60,72,72,0,0],"gold":432,"neow_bonus":"THREE_ENEMY_KILL","is_daily":false,"chose_seed":false,"campfire_upgraded":4,"win_rate":0.0,"timestamp":1612949813,"path_taken":["M","M","?","?","$","R","E","R","T","E","M","M","?","E","R","BOSS","M","M","M","M","M","E","R","E","T","$","?","M","M","E","R","BOSS","M","?"],"items_purchased_type":["Relic","Relic","Relic"],"build_version":"2020-12-22","purchased_purges":0,"victory":false,"max_hp_per_floor":[72,72,72,72,72,72,72,72,72,72,72,72,72,72,72,72,72,72,72,72,72,72,72,72,72,72,72,72,72,72,72,72,72,72,72,72,72],"card_choices":[{"not_picked":["Replay:BluntJabs","FlurryOfBlows"],"picked":"Tantrum","floor":1.0},{"not_picked":["WaveOfTheHand","Prostrate"],"picked":"EmptyFist","floor":2.0},{"not_picked":["FollowUp","CutThroughFate"],"picked":"Replay:ManipulateFuture","floor":7.0},{"not_picked":["Protect","MasterReality","Study"],"picked":"SKIP","floor":10.0},{"not_picked":["Evaluate","Adaptation","Replay:BluntJabs"],"picked":"SKIP","floor":11.0},{"not_picked":["JustLucky","Swivel"],"picked":"ReachHeaven","floor":12.0},{"not_picked":["JustLucky","SignatureMove"],"picked":"BattleHymn","floor":14.0},{"not_picked":["DevaForm","Scrawl"],"picked":"DeusExMachina","floor":16.0},{"not_picked":["Halt","FollowUp","JustLucky"],"picked":"SKIP","floor":18.0},{"not_picked":["SashWhip","Replay:AtTheReady"],"picked":"Consecrate+1","floor":19.0},{"not_picked":["Pray+1","Consecrate","CutThroughFate+1"],"picked":"SKIP","floor":20.0},{"not_picked":["EmptyFist","PathToVictory+1"],"picked":"FlurryOfBlows+1","floor":21.0},{"not_picked":["BowlingBash","Prostrate","FollowUp"],"picked":"SKIP","floor":22.0},{"not_picked":["EmptyFist","Halt+1"],"picked":"Replay:DivineShield","floor":23.0},{"not_picked":["TalkToTheHand","FlurryOfBlows"],"picked":"LessonLearned","floor":25.0},{"not_picked":["Perseverance","Replay:DivineShield","FollowUp+1"],"picked":"SKIP","floor":29.0},{"not_picked":["WaveOfTheHand","Protect","CutThroughFate"],"picked":"SKIP","floor":30.0},{"not_picked":["WheelKick","CarveReality"],"picked":"ConjureBlade","floor":31},{"not_picked":["DevaForm","Establishment"],"picked":"Judgement","floor":33},{"not_picked":["FlyingSleeves+1","Replay:AtTheReady","WheelKick"],"picked":"SKIP","floor":35}],"player_experience":199333,"relics_obtained":[{"floor":4.0,"key":"Vajra"},{"floor":7.0,"key":"hubris:ToyBattleship"},{"floor":10.0,"key":"jedi:bottledfury"},{"floor":14.0,"key":"testmod-ArcanaOfDestiny"},{"floor":23.0,"key":"MiniBlackHole"},{"floor":25.0,"key":"RollingBoulder"},{"floor":26.0,"key":"testmod-BalancedPeriapt"},{"floor":28.0,"key":"Replay:PocketPolymizer"},{"floor":28.0,"key":"Replay:Bottled Snecko"},{"floor":31,"key":"hubris:Reverence"}],"event_choices":[{"damage_healed":0.0,"max_hp_gain":0.0,"max_hp_loss":0.0,"gold_gain":0.0,"event_name":"Lab","player_choice":"Got Potions","floor":13.0,"gold_loss":0.0,"damage_taken":0.0},{"damage_healed":0.0,"max_hp_gain":0.0,"max_hp_loss":0.0,"gold_gain":0.0,"event_name":"Colosseum","player_choice":"Fight","floor":28.0,"gold_loss":0.0,"damage_taken":0.0},{"damage_healed":0.0,"max_hp_gain":0.0,"max_hp_loss":0.0,"gold_gain":0.0,"event_name":"Colosseum","player_choice":"Fought Nobs","floor":28.0,"gold_loss":0.0,"damage_taken":0.0}],"is_beta":false,"boss_relics":[{"not_picked":["Ectoplasm","StuffTheSpire:ModemDavis"],"picked":"hubris:GrandSneckoEye"},{"not_picked":["halation:Yufonium","Honey Jar"],"picked":"aspiration:FutureDiary"}],"items_purged_floors":[],"is_endless":false,"potions_floor_spawned":[1,7,12,16,20,21,23,25,29,30,33,35],"ascension_level":4}}