{"host":"dl909bjyolgrn2uw","time":1612934965,"event":{"mods":["2.2 Compatiblity","AlwaysNeverKeys","BaseMod","Bestiary","Better Altar","Better Note","Better Sensory Stone","Better Skull","Better Vampires","Better-Laid Plans","BetterRewards","Colored Powertips","Curses Come First","Disable Question Mark Monsters","Displayed Cursed Tome","Emptier Cage","Evolution","Minty Spire (QoL Compilation)","Permanent Neow","Quick Restart","Rare Cards Sparkle","Relic Stats","Shop Mod","Spicy Shops","StSLib","SuperFastMode","Transform Curses"],"gold_per_floor":[119,139,152,102,120,120,146,116,116,116,132,161,161,3,3,106,106,122,137,157,176,191,191,222,222,248,44,57,57,90,105,105,204,204,217,267,277,289,306,337,337,347,347,374,374,374],"floor_reached":45,"language":"ENG","playtime":2305,"items_purged":["Strike_R","Strike_R","Strike_R"],"score":1057,"play_id":"c39d50c1-1016-4dab-bc5c-7e5c33248ab2","local_time":"20210209232925","is_ascension_mode":true,"campfire_choices":[{"data":"Bludgeon","floor":6.0,"key":"SMITH"},{"data":"Blood for Blood","floor":10.0,"key":"SMITH"},{"data":"Rupture","floor":13.0,"key":"SMITH"},{"data":"Flame Barrier","floor":15.0,"key":"SMITH"},{"data":"Inflame","floor":23.0,"key":"SMITH"},{"data":"Clothesline","floor":29.0,"key":"SMITH"},{"data":"Rupture","floor":32.0,"key":"SMITH"},{"data":"Reaper","floor":41.0,"key":"SMITH"}],"circlet_count":0,"master_deck":["Iron Wave","Strike_R+1","Defend_R","Defend_R","Defend_R+1","Bash","Bludgeon+1","Sword Boomerang+1","Bloodletting+1","Flame Barrier+1","Disarm","Blood for Blood+1","Sword Boomerang","Rupture+1","Inflame+1","Reaper+1","Inflame","Clothesline+1","Thunderclap+1","Bloodletting+1","Combust","Havoc+1","Metallicize+1","Inflame","Clothesline+1","Brutality","Rupture+1","Exhume","Infernal Blade+1"],"relics":["Burning Blood","EVO:Axolotl","Vajra","Omamori","Cauldron","Whetstone","Dream Catcher","Boot","Mercury Hourglass","Cursed Key","War Paint","Kunai","Busted Crown","Ginger","Eternal Feather","The Courier","Orichalcum"],"acts_visited":["Exordium","TheCity","TheBeyond"],"potions_floor_usage":[45],"damage_taken":[{"damage":3.0,"enemies":"Small Slimes","floor":1.0,"turns":2.0},{"damage":3.0,"enemies":"2 Louse","floor":2.0,"turns":3.0},{"damage":0.0,"enemies":"Cultist","floor":3.0,"turns":3.0},{"damage":6.0,"enemies":"Exordium Thugs","floor":5.0,"turns":4.0},{"damage":15.0,"enemies":"Lagavulin","floor":7.0,"turns":3.0},{"damage":3.0,"enemies":"Large Slime","floor":11.0,"turns":1.0},{"damage":18.0,"enemies":"3 Sentries","floor":12.0,"turns":4.0},{"damage":0.0,"enemies":"Slime Boss","floor":16.0,"turns":4.0},{"damage":26.0,"enemies":"2 Thieves","floor":18.0,"turns":3.0},{"damage":6.0,"enemies":"3 Byrds","floor":19.0,"turns":4.0},{"damage":3.0,"enemies":"Sentry and Sphere","floor":20.0,"turns":3.0},{"damage":14.0,"enemies":"Centurion and Healer","floor":21.0,"turns":8.0},{"damage":15.0,"enemies":"3 Cultists","floor":22.0,"turns":4.0},{"damage":16.0,"enemies":"Slavers","floor":24.0,"turns":3.0},{"damage":11.0,"enemies":"Chosen and Byrds","floor":28.0,"turns":4.0},{"damage":25.0,"enemies":"Gremlin Leader","floor":30.0,"turns":4.0},{"damage":8.0,"enemies":"Cultist and Chosen","floor":31.0,"turns":4.0},{"damage":53.0,"enemies":"Collector","floor":33.0,"turns":6.0},{"damage":17.0,"enemies":"3 Shapes","floor":35.0,"turns":6.0},{"damage":12.0,"enemies":"Mind Bloom Boss Battle","floor":36.0,"turns":6.0},{"damage":31.0,"enemies":"Orb Walker","floor":37.0,"turns":5.0},{"damage":52.0,"enemies":"Writhing Mass","floor":38.0,"turns":7.0},{"damage":25.0,"enemies":"Sphere and 2 Shapes","floor":39.0,"turns":4.0},{"damage":18.0,"enemies":"Nemesis","floor":40.0,"turns":6.0},{"damage":23.0,"enemies":"Maw","floor":42.0,"turns":6.0},{"damage":28.0,"enemies":"Reptomancer","floor":44.0,"turns":3.0},{"damage":47,"enemies":"Transient","floor":45,"turns":4}],"seed_played":"8369174722525840341","potions_obtained":[{"floor":0.0,"key":"Energy Potion"},{"floor":0.0,"key":"SpeedPotion"},{"floor":0.0,"key":"SneckoOil"},{"floor":5.0,"key":"Weak Potion"},{"floor":7.0,"key":"SmokeBomb"},{"floor":8.0,"key":"SpeedPotion"},{"floor":8.0,"key":"PowerPotion"},{"floor":20.0,"key":"SteroidPotion"},{"floor":22.0,"key":"SteroidPotion"},{"floor":28.0,"key":"AttackPotion"},{"floor":30.0,"key":"SkillPotion"},{"floor":31.0,"key":"Strength Potion"},{"floor":36.0,"key":"LiquidMemories"},{"floor":37.0,"key":"Fruit Juice"},{"floor":40.0,"key":"GamblersBrew"}],"is_trial":false,"path_per_floor":["M","M","M","?","M","R","E","?","T","R","M","E","R","$","R","B",null,"M","M","M","M","M","R","E","?","T","$","M","R","E","M","R","B",null,"M","?","M","M","M","E","R","M","T","E","M"],"character_chosen":"IRONCLAD","items_purchased":["Vajra","Omamori","Bludgeon","Sword Boomerang","Bloodletting","Cauldron","Flame Barrier","Whetstone","Inflame","Inflame"],"campfire_rested":0,"item_purchase_floors":[0,0,0,0,0,0,0,0,14,27],"current_hp_per_floor":[75,78,80,80,80,80,71,71,71,71,74,62,62,62,62,68,77,73,76,80,80,71,71,61,61,61,61,56,56,37,55,55,59,75,64,58,58,52,47,35,50,47,47,25,0,0],"gold":374,"neow_bonus":"","is_daily":false,"chose_seed":false,"campfire_upgraded":8,"win_rate":0.0,"timestamp":1612934965,"path_taken":["M","M","M","?","M","R","E","?","T","R","?","E","R","?","R","BOSS","M","M","M","M","M","R","E","?","T","$","M","R","E","M","R","BOSS","M","?","M","M","M","E","R","M","T","E","M"],"items_purchased_type":["Relic","Relic","Card","Card","Card","Relic","Card","Relic","Card","Card"],"build_version":"2020-12-22","purchased_purges":3,"victory":false,"max_hp_per_floor":[80,80,80,80,80,80,80,80,80,80,80,80,80,80,80,80,80,80,80,80,80,80,80,80,80,80,80,80,80,80,80,80,80,80,80,80,85,85,85,85,85,85,85,85,85,85],"relic_stats":{"counters":[55,268],"Eternal Feather":15,"Whetstone":["Strike_R","Sword Boomerang"],"Ginger":[20],"War Paint":["Defend_R","Bloodletting"],"Orichalcum":[12],"Boot":[85],"Cursed Key":2,"Burning Blood":240,"Mercury Hourglass":[395],"Dream Catcher":0,"Busted Crown":46,"Kunai":[12],"obtain_stats":[{"Regal Pillow":24,"Vajra":0,"Bag of Preparation":40,"EVO:Axolotl":0,"Ginger":0,"Whetstone":0,"Boot":9,"Cursed Key":17,"Burning Blood":0,"ClockworkSouvenir":19,"Blood Vial":48,"Centennial Puzzle":54,"Dream Catcher":7,"DollysMirror":19,"Tiny Chest":29,"Kunai":53,"Red Skull":44,"Runic Pyramid":17,"Lee\u0027s Waffle":53,"Eternal Feather":40,"The Courier":7,"PreservedInsect":9,"Omamori":0,"War Paint":24,"Orichalcum":44,"MawBank":12,"Mercury Hourglass":12,"Cauldron":0,"Busted Crown":34,"Bird Faced Urn":26,"Orrery":53,"Bag of Marbles":19},{"Regal Pillow":12,"Vajra":28,"Bag of Preparation":22,"EVO:Axolotl":0,"Ginger":0,"Whetstone":28,"Boot":33,"Cursed Key":36,"Burning Blood":0,"ClockworkSouvenir":11,"Blood Vial":25,"Centennial Puzzle":27,"Dream Catcher":33,"DollysMirror":11,"Tiny Chest":15,"Kunai":26,"Red Skull":23,"Runic Pyramid":10,"Lee\u0027s Waffle":26,"Eternal Feather":52,"The Courier":5,"PreservedInsect":5,"Omamori":28,"War Paint":42,"Orichalcum":54,"MawBank":7,"Mercury Hourglass":35,"Cauldron":28,"Busted Crown":16,"Bird Faced Urn":12,"Orrery":26,"Bag of Marbles":11},{"Regal Pillow":54,"Vajra":155,"Bag of Preparation":110,"EVO:Axolotl":0,"Ginger":0,"Whetstone":155,"Boot":170,"Cursed Key":179,"Burning Blood":0,"ClockworkSouvenir":48,"Blood Vial":128,"Centennial Puzzle":145,"Dream Catcher":170,"DollysMirror":48,"Tiny Chest":71,"Kunai":136,"Red Skull":117,"Runic Pyramid":41,"Lee\u0027s Waffle":136,"Eternal Feather":255,"The Courier":19,"PreservedInsect":19,"Omamori":155,"War Paint":204,"Orichalcum":264,"MawBank":26,"Mercury Hourglass":175,"Cauldron":155,"Busted Crown":79,"Bird Faced Urn":54,"Orrery":136,"Bag of Marbles":48}]},"card_choices":[{"not_picked":["Flex","Havoc","Evolve"],"picked":"SKIP","floor":1.0},{"not_picked":["Thunderclap","Anger"],"picked":"Disarm","floor":2.0},{"not_picked":["Wild Strike","Havoc","Dark Embrace"],"picked":"SKIP","floor":3.0},{"not_picked":["Iron Wave","Berserk"],"picked":"Blood for Blood","floor":5.0},{"not_picked":["Body Slam","Pommel Strike","Iron Wave"],"picked":"SKIP","floor":7.0},{"not_picked":["Feel No Pain","Havoc"],"picked":"Sword Boomerang","floor":11.0},{"not_picked":["Wild Strike","True Grit"],"picked":"Rupture","floor":12.0},{"not_picked":["Immolate","Double Tap"],"picked":"Reaper","floor":16.0},{"not_picked":["Perfected Strike","Twin Strike"],"picked":"Inflame","floor":18.0},{"not_picked":["Clash","Havoc"],"picked":"Clothesline","floor":19.0},{"not_picked":["Clash","Twin Strike"],"picked":"Thunderclap+1","floor":20.0},{"not_picked":["Clash","Perfected Strike"],"picked":"Bloodletting+1","floor":21.0},{"not_picked":["Sentinel","Fiend Fire"],"picked":"Combust","floor":22.0},{"not_picked":["Cleave","Clash"],"picked":"Havoc+1","floor":24.0},{"not_picked":["Headbutt","Cleave+1"],"picked":"Clothesline+1","floor":28.0},{"not_picked":["Power Through","Juggernaut"],"picked":"Brutality","floor":30.0},{"not_picked":["Power Through","Anger"],"picked":"Rupture","floor":31.0},{"not_picked":["Impervious","Barricade"],"picked":"Exhume","floor":33.0},{"not_picked":["Clash"],"picked":"SKIP","floor":35.0},{"not_picked":["Infernal Blade"],"picked":"SKIP","floor":37.0},{"not_picked":["Sever Soul"],"picked":"SKIP","floor":38.0},{"not_picked":["Sever Soul"],"picked":"SKIP","floor":39.0},{"not_picked":[],"picked":"Infernal Blade+1","floor":40.0},{"not_picked":["Thunderclap"],"picked":"SKIP","floor":42.0},{"not_picked":["Infernal Blade"],"picked":"SKIP","floor":44.0}],"player_experience":373155,"relics_obtained":[{"floor":7.0,"key":"Dream Catcher"},{"floor":9.0,"key":"Boot"},{"floor":12.0,"key":"Mercury Hourglass"},{"floor":24.0,"key":"War Paint"},{"floor":30.0,"key":"Kunai"},{"floor":36.0,"key":"Ginger"},{"floor":40.0,"key":"Eternal Feather"},{"floor":43.0,"key":"The Courier"},{"floor":44.0,"key":"Orichalcum"}],"event_choices":[{"cards_removed":["Defend_R"],"damage_healed":0.0,"max_hp_gain":0.0,"max_hp_loss":0.0,"gold_gain":0.0,"event_name":"The Cleric","player_choice":"Card Removal","floor":4.0,"gold_loss":50.0,"damage_taken":0.0},{"damage_healed":0.0,"max_hp_gain":0.0,"max_hp_loss":0.0,"gold_gain":0.0,"event_name":"The Woman in Blue","player_choice":"Bought 2 Potions","floor":8.0,"gold_loss":0.0,"damage_taken":0.0},{"damage_healed":0.0,"max_hp_gain":0.0,"max_hp_loss":0.0,"gold_gain":2.0,"event_name":"betterStone:BetterStone","player_choice":"4","floor":25.0,"gold_loss":0.0,"damage_taken":0.0,"cards_obtained":["Metallicize"]},{"damage_healed":0.0,"max_hp_gain":0.0,"max_hp_loss":0.0,"gold_gain":0.0,"event_name":"MindBloom","player_choice":"Fight","floor":36.0,"gold_loss":0.0,"damage_taken":0.0}],"is_beta":false,"boss_relics":[{"not_picked":["Astrolabe","SacredBark"],"picked":"Cursed Key"},{"not_picked":["Black Blood","Mark of Pain"],"picked":"Busted Crown"}],"items_purged_floors":[0,0,27],"is_endless":false,"potions_floor_spawned":[1,5,7,20,22,28,30,31,36,37,40],"killed_by":"Transient","ascension_level":9}}