{"host":"msmkw03x1o7nq45i","time":1612988326,"event":{"mods":["AchievementEnabler","BaseMod","Bestiary","Colored Powertips","GifTheSpireLib","Highlight Path","Minty Spire (QoL Compilation)","Random Character Button","StSLib","everything is the same but u backflip on backflip"],"gold_per_floor":[144,319,319,319,169,259,259,349,349,394,439,389,479,479,479,779,779,824,824,869,914,959,959,959,1004,1054,546,591,636,681,726,726,1026,1026,1071,1071,1071,1116,736,736,826,871,896,896,896,941,986,1031,1031,1031],"floor_reached":51,"language":"ENG","playtime":2751,"items_purged":["FollowUp","Blade Dance"],"score":849,"play_id":"7d643a34-f6a3-4baa-9a61-7858ab844df9","local_time":"20210210221846","daily_mods":["SealedDeck","Purple Cards","Midas"],"is_ascension_mode":false,"campfire_choices":[{"floor":7,"key":"REST"},{"floor":15,"key":"REST"},{"floor":23,"key":"REST"},{"floor":32,"key":"REST"},{"floor":40,"key":"REST"},{"data":"Dagger Throw","floor":44,"key":"PURGE"},{"data":"Metamorphosis","floor":49,"key":"PURGE"}],"circlet_count":0,"master_deck":["Dagger Throw","PiercingWail","Backflip","Evaluate","Backflip","BowlingBash","Alpha","Evaluate","Acrobatics","Adrenaline","PiercingWail","Apotheosis","Grand Finale","Madness","Madness","Thinking Ahead","TalkToTheHand+1"],"relics":["Ring of the Snake","CultistMask","ClockworkSouvenir","Snake Skull","Vajra","Centennial Puzzle","PreservedInsect","Eternal Feather","Philosopher\u0027s Stone","MawBank","Membership Card","Question Card","Sundial","Runic Pyramid","Prayer Wheel","Mummified Hand","Orichalcum","Peace Pipe","Bag of Preparation"],"acts_visited":["Exordium","TheCity","TheBeyond"],"potions_floor_usage":[29,38,50,50],"damage_taken":[{"damage":0,"enemies":"Jaw Worm","floor":1,"turns":2},{"damage":6,"enemies":"Gremlin Nob","floor":6,"turns":3},{"damage":0,"enemies":"Lagavulin","floor":8,"turns":4},{"damage":0,"enemies":"Small Slimes","floor":10,"turns":2},{"damage":0,"enemies":"Cultist","floor":11,"turns":2},{"damage":3,"enemies":"3 Sentries","floor":13,"turns":4},{"damage":0,"enemies":"Slime Boss","floor":16,"turns":4},{"damage":0,"enemies":"3 Byrds","floor":18,"turns":3},{"damage":1,"enemies":"2 Thieves","floor":20,"turns":4},{"damage":8,"enemies":"Snake Plant","floor":21,"turns":5},{"damage":6,"enemies":"Chosen and Byrds","floor":22,"turns":4},{"damage":5,"enemies":"Shelled Parasite and Fungi","floor":25,"turns":4},{"damage":3,"enemies":"Centurion and Healer","floor":28,"turns":3},{"damage":0,"enemies":"3 Cultists","floor":29,"turns":2},{"damage":6,"enemies":"Snecko","floor":30,"turns":4},{"damage":21,"enemies":"Sentry and Sphere","floor":31,"turns":3},{"damage":43,"enemies":"Collector","floor":33,"turns":6},{"damage":0,"enemies":"3 Shapes","floor":35,"turns":2},{"damage":11,"enemies":"2 Orb Walkers","floor":38,"turns":3},{"damage":0,"enemies":"Nemesis","floor":41,"turns":5},{"damage":0,"enemies":"Orb Walker","floor":42,"turns":2},{"damage":0,"enemies":"Maw","floor":46,"turns":4},{"damage":8,"enemies":"Sphere and 2 Shapes","floor":47,"turns":3},{"damage":0,"enemies":"4 Shapes","floor":48,"turns":3},{"damage":14,"enemies":"Awakened One","floor":50,"turns":4}],"seed_played":"-5810517303651203205","potions_obtained":[{"floor":1,"key":"PowerPotion"},{"floor":10,"key":"Strength Potion"},{"floor":16,"key":"Ancient Potion"},{"floor":18,"key":"Swift Potion"},{"floor":22,"key":"Fire Potion"},{"floor":30,"key":"Dexterity Potion"},{"floor":33,"key":"GamblersBrew"},{"floor":48,"key":"SteroidPotion"}],"is_trial":false,"path_per_floor":["M","?","?","?","$","E","R","E","T","M","M","?","E","?","R","B",null,"M","?","M","M","M","R","?","M","T","$","M","M","M","M","R","B",null,"M","?","?","?","$","R","E","M","T","R","?","M","M","M","R","B",null],"character_chosen":"THE_SILENT","items_purchased":["ClockworkSouvenir","Membership Card","Question Card","Sundial","Apotheosis","Mummified Hand","Orichalcum","CunningPotion","Thinking Ahead"],"campfire_rested":5,"item_purchase_floors":[5,27,27,27,27,39,39,39,39],"current_hp_per_floor":[70,70,63,63,63,57,70,70,70,70,70,70,67,60,70,70,70,70,70,69,61,55,70,80,75,75,75,72,72,66,45,75,32,80,80,80,70,59,59,80,80,80,80,80,70,70,62,62,71,57],"gold":1031,"neow_bonus":"","is_daily":true,"chose_seed":false,"campfire_upgraded":0,"win_rate":0.0,"timestamp":1612988326,"path_taken":["M","?","?","?","$","E","R","E","T","?","M","?","E","?","R","BOSS","M","?","?","M","M","R","?","?","T","$","M","M","?","M","R","BOSS","M","?","?","?","$","R","E","M","T","R","?","?","M","M","R","BOSS"],"items_purchased_type":["Relic","Relic","Relic","Relic","Card","Relic","Relic","Potion","Card"],"build_version":"2020-12-22","purchased_purges":2,"victory":true,"max_hp_per_floor":[70,70,70,70,70,70,70,70,70,70,70,70,70,70,70,70,70,70,70,70,70,70,70,80,80,80,80,80,80,80,80,80,80,80,80,80,80,80,80,80,80,80,80,80,80,80,80,80,80,80],"card_choices":[{"not_picked":["EmptyBody","Dagger Throw"],"picked":"FollowUp","floor":1},{"not_picked":["Deflect","Poisoned Stab"],"picked":"Alpha","floor":6},{"not_picked":["CarveReality","Pray"],"picked":"Evaluate","floor":8},{"not_picked":["FlyingSleeves","Wallop","Dagger Throw"],"picked":"SKIP","floor":10},{"not_picked":["EmptyBody","LikeWater","Underhanded Strike"],"picked":"SKIP","floor":11},{"not_picked":["Protect","Riddle With Holes"],"picked":"Acrobatics","floor":13},{"not_picked":["Ragnarok","Envenom"],"picked":"Adrenaline","floor":16},{"not_picked":["EmptyMind","WindmillStrike","FlyingSleeves"],"picked":"SKIP","floor":18},{"not_picked":["Reflex","FlurryOfBlows","Noxious Fumes+1"],"picked":"SKIP","floor":20},{"not_picked":["SandsOfTime+1","BowlingBash","Cloak And Dagger+1"],"picked":"SKIP","floor":21},{"not_picked":["Endless Agony+1","Blade Dance"],"picked":"PiercingWail","floor":22},{"not_picked":["Prostrate","Deadly Poison","Poisoned Stab"],"picked":"SKIP","floor":25},{"not_picked":["Slice","Blur","Deadly Poison","Consecrate+1"],"picked":"SKIP","floor":28},{"not_picked":["SpiritShield","Choke","Masterful Stab","Riddle With Holes"],"picked":"SKIP","floor":29},{"not_picked":["BowlingBash","SashWhip","Dodge and Roll","Underhanded Strike"],"picked":"SKIP","floor":30},{"not_picked":["Dagger Spray+1","Bane+1","Poisoned Stab","Backflip"],"picked":"SKIP","floor":31},{"not_picked":["Unload","Envenom","Alpha"],"picked":"Grand Finale","floor":33},{"not_picked":["FlyingSleeves","Protect","EmptyBody","SashWhip"],"picked":"SKIP","floor":35},{"not_picked":["Endless Agony+1","Consecrate","Flying Knee","ThirdEye"],"picked":"SKIP","floor":41},{"not_picked":["JustLucky","EmptyFist+1","Well Laid Plans","InnerPeace"],"picked":"SKIP","floor":42},{"not_picked":["Judgement","Pray+1","ThirdEye","Flying Knee+1"],"picked":"SKIP","floor":42},{"not_picked":["Panacea","Secret Technique","Magnetism"],"picked":"Metamorphosis","floor":45},{"not_picked":["WindmillStrike+1","Consecrate","SignatureMove+1","Acrobatics+1"],"picked":"SKIP","floor":46},{"not_picked":["Acrobatics","PathToVictory+1","Weave","CutThroughFate+1"],"picked":"SKIP","floor":46},{"not_picked":["FlyingSleeves","EmptyBody","Glass Knife"],"picked":"TalkToTheHand+1","floor":47},{"not_picked":["ClearTheMind","WheelKick","Predator+1","Expertise"],"picked":"SKIP","floor":47},{"not_picked":["ClearTheMind","Backflip+1","FlurryOfBlows","Weave+1"],"picked":"SKIP","floor":48},{"not_picked":["Sucker Punch+1","Nirvana","Pray","Quick Slash+1"],"picked":"SKIP","floor":48}],"player_experience":523431,"relics_obtained":[{"floor":6,"key":"Snake Skull"},{"floor":8,"key":"Vajra"},{"floor":9,"key":"Centennial Puzzle"},{"floor":13,"key":"PreservedInsect"},{"floor":26,"key":"MawBank"},{"floor":38,"key":"Prayer Wheel"},{"floor":41,"key":"Peace Pipe"},{"floor":43,"key":"Bag of Preparation"}],"event_choices":[{"damage_healed":0,"gold_gain":175,"player_choice":"AGREE","damage_taken":0,"max_hp_gain":0,"max_hp_loss":0,"event_name":"Liars Game","floor":2,"gold_loss":0,"cards_obtained":["Doubt"]},{"cards_removed":["Doubt"],"damage_healed":0,"gold_gain":0,"player_choice":"Card Removal","damage_taken":7,"max_hp_gain":0,"max_hp_loss":0,"event_name":"Golden Wing","floor":3,"gold_loss":0},{"damage_healed":0,"gold_gain":0,"player_choice":"Trade","damage_taken":0,"relics_obtained":["CultistMask"],"max_hp_gain":0,"max_hp_loss":0,"event_name":"FaceTrader","floor":4,"gold_loss":0},{"cards_removed":["Cloak And Dagger"],"damage_healed":0,"gold_gain":0,"player_choice":"Card Removal","damage_taken":0,"max_hp_gain":0,"max_hp_loss":0,"event_name":"The Cleric","floor":12,"gold_loss":50},{"damage_healed":0,"gold_gain":0,"player_choice":"Success","damage_taken":7,"relics_obtained":["Eternal Feather"],"max_hp_gain":0,"max_hp_loss":0,"event_name":"Scrap Ooze","floor":14,"gold_loss":0},{"damage_healed":0,"gold_gain":0,"cards_transformed":["Slice"],"player_choice":"Transformed","damage_taken":0,"max_hp_gain":0,"max_hp_loss":0,"event_name":"Transmorgrifier","floor":19,"gold_loss":0,"cards_obtained":["SpiritShield"]},{"cards_removed":["SpiritShield"],"damage_healed":0,"gold_gain":0,"player_choice":"Offered Rare","damage_taken":0,"max_hp_gain":10,"max_hp_loss":0,"event_name":"Bonfire Elementals","floor":24,"gold_loss":0},{"damage_healed":0,"gold_gain":0,"player_choice":"Ignored","damage_taken":0,"max_hp_gain":0,"max_hp_loss":0,"event_name":"Tomb of Lord Red Mask","floor":36,"gold_loss":0},{"damage_healed":0,"gold_gain":0,"player_choice":"Embrace Madness","damage_taken":10,"max_hp_gain":0,"max_hp_loss":0,"event_name":"Winding Halls","floor":37,"gold_loss":0,"cards_obtained":["Madness","Madness"]},{"damage_healed":0,"gold_gain":0,"player_choice":"Fight","damage_taken":0,"max_hp_gain":0,"max_hp_loss":0,"event_name":"Mysterious Sphere","floor":38,"gold_loss":0},{"damage_healed":0,"gold_gain":0,"player_choice":"Memory 3","damage_taken":10,"max_hp_gain":0,"max_hp_loss":0,"event_name":"SensoryStone","floor":45,"gold_loss":0}],"is_beta":false,"boss_relics":[{"not_picked":["Ring of the Serpent","WristBlade"],"picked":"Philosopher\u0027s Stone"},{"not_picked":["Runic Dome","Snecko Eye"],"picked":"Runic Pyramid"}],"items_purged_floors":[27,39],"is_endless":false,"potions_floor_spawned":[1,10,16,18,22,30,33,46,48],"ascension_level":0}}