{"host":"ve5hox67eka4rdnb","time":1612944765,"event":{"mods":["ATMod(∞¢Ë™Mod)","AchievementEnabler","Act Like it!","BaseMod","Downfall","Gensokyo","Hermit","Koishi","Lobotomy","LobotomyExtend","Marisa£®ÏF”Í°°ƒß¿Ì…≥£©","Minty Spire (QoL Compilation)","Reimu£®≤©¿ˆ¡È√Œ£©","Remilia£®¿Ÿ√◊¿Ú—«£©","Replay The Spire","Shop Mod","StSLib","The Construct","The Cursed","The Servant 0.9.4"],"gold_per_floor":[119,119,134,147,164,164,164,239,239,267,283,309,329,342,342,439,439,450,450,469,480,480,480],"floor_reached":22,"language":"ZHS","playtime":890,"items_purged":[],"score":248,"play_id":"ce91b2ad-6e81-4c0a-a015-c88dcda61509","local_time":"20210210161245","is_ascension_mode":true,"campfire_choices":[{"data":"AT_FamilyPortrait","floor":7.0,"key":"SMITH"}],"circlet_count":0,"master_deck":["Strike_B","Strike_B","Strike_B","Strike_B","Defend_B","Defend_B","Defend_B","Zap","Dualcast","AT_FamilyPortrait+1","Hologram+1","Steam","Panic Button","Streamline","Go for the Eyes","Core Surge","Gash","Machine Learning","Double Energy","ReplayGash","Reprogram","Coolheaded+1"],"relics":["Cracked Core","AT_ATBox","NeowsBlessing","LetterFromLob","Matryoshka","Darkstone Periapt","Omamori"],"acts_visited":["Exordium","TheCity"],"potions_floor_usage":[10,14,16,16,16,16,20,21,22],"damage_taken":[{"damage":0.0,"enemies":"2 Louse","floor":1.0,"turns":1.0},{"damage":0.0,"enemies":"Cultist","floor":3.0,"turns":1.0},{"damage":0.0,"enemies":"Jaw Worm","floor":4.0,"turns":1.0},{"damage":8.0,"enemies":"Red Slaver","floor":5.0,"turns":3.0},{"damage":26,"enemies":"Gremlin Nob","floor":10,"turns":4},{"damage":3,"enemies":"Looter","floor":11,"turns":3},{"damage":0,"enemies":"Lagavulin","floor":12,"turns":8},{"damage":3,"enemies":"Blue Slaver","floor":13,"turns":3},{"damage":0,"enemies":"2 Fungi Beasts","floor":14,"turns":2},{"damage":24,"enemies":"The Guardian","floor":16,"turns":12},{"damage":23,"enemies":"Shell Parasite","floor":18,"turns":6},{"damage":4,"enemies":"Chosen","floor":20,"turns":4},{"damage":29,"enemies":"Centurion and Healer","floor":21,"turns":3},{"damage":26,"enemies":"Snake Plant","floor":22,"turns":4}],"seed_played":"-8551492975922131464","potions_obtained":[{"floor":4.0,"key":"SpeedPotion"},{"floor":5.0,"key":"AttackPotion"},{"floor":10,"key":"Toxic Potion"},{"floor":13,"key":"Energy Potion"},{"floor":14,"key":"ColorlessPotion"},{"floor":20,"key":"Milkshake"}],"is_trial":false,"path_per_floor":["M","?","M","M","M","E","R","?","T","E","M","E","M","M","R","B",null,"M","?","M","M","M"],"character_chosen":"DEFECT","items_purchased":[],"campfire_rested":0,"item_purchase_floors":[],"current_hp_per_floor":[75,75,75,75,67,67,67,60,60,34,31,31,28,28,50,26,75,52,52,48,19,0,0],"gold":480,"neow_bonus":"THREE_ENEMY_KILL","is_daily":false,"chose_seed":false,"campfire_upgraded":1,"win_rate":0.0,"timestamp":1612944765,"path_taken":["M","?","M","?","M","E","R","?","T","E","M","E","M","?","R","BOSS","M","?","M","M","M"],"items_purchased_type":[],"build_version":"2020-12-22","purchased_purges":0,"victory":false,"max_hp_per_floor":[75,75,75,75,75,75,75,75,75,75,75,75,75,75,75,75,75,75,75,75,75,75,75],"card_choices":[{"not_picked":["Beam Cell","Cold Snap"],"picked":"Hologram","floor":1.0},{"not_picked":["Aggregate","Leap","Stack"],"picked":"SKIP","floor":3.0},{"not_picked":["BasicCrystalCard","Compile Driver"],"picked":"Panic Button","floor":4.0},{"not_picked":["White Noise","Hologram"],"picked":"Streamline","floor":5.0},{"not_picked":["Tempest","Leap"],"picked":"Go for the Eyes","floor":10},{"not_picked":["Self Repair","Chill","Sweeping Beam"],"picked":"SKIP","floor":11},{"not_picked":["ReplayRNGCard","Aggregate"],"picked":"Core Surge","floor":12},{"not_picked":["Sweeping Beam","Barrage","Coolheaded"],"picked":"SKIP","floor":13},{"not_picked":["Panic Button","Beam Cell"],"picked":"Gash","floor":14},{"not_picked":["ReplayRNGCard","Hyperbeam"],"picked":"Machine Learning","floor":16},{"not_picked":["White Noise+1","Conserve Battery"],"picked":"Double Energy","floor":18},{"not_picked":["Steam+1","Capacitor"],"picked":"Reprogram","floor":20},{"not_picked":["ReplaySolidLightProjector+1","Barrage"],"picked":"Coolheaded+1","floor":21}],"player_experience":204777,"relics_obtained":[{"floor":1.0,"key":"LetterFromLob"},{"floor":9,"key":"Matryoshka"},{"floor":10,"key":"Darkstone Periapt"},{"floor":12,"key":"Omamori"}],"event_choices":[{"damage_healed":0.0,"max_hp_gain":0.0,"max_hp_loss":0.0,"gold_gain":0.0,"cards_transformed":["Defend_B"],"event_name":"Transmorgrifier","player_choice":"Transformed","floor":2.0,"gold_loss":0.0,"damage_taken":0.0,"cards_obtained":["Steam"]},{"damage_healed":0,"gold_gain":75,"player_choice":"Touch","damage_taken":7,"max_hp_gain":0,"max_hp_loss":0,"event_name":"FaceTrader","floor":8,"gold_loss":0},{"damage_healed":0,"gold_gain":0,"player_choice":"Read","damage_taken":0,"max_hp_gain":0,"max_hp_loss":0,"event_name":"The Library","floor":19,"gold_loss":0,"cards_obtained":["ReplayGash"]}],"is_beta":false,"boss_relics":[{"not_picked":["Replay:Drink Me","Busted Crown","Sozu"]}],"items_purged_floors":[],"is_endless":false,"potions_floor_spawned":[4,5,10,13,14,20],"killed_by":"Snake Plant","ascension_level":2}}