{"host":"h4lp0eeso8a0ssq0","time":1612921263,"event":{"mods":["2.2 Compatiblity","AchievementEnabler","BaseMod","CapriCore","Colored Map","Minty Spire (QoL Compilation)","StSLib","SuperFastMode"],"gold_per_floor":[114,131,5,5,15,48,48,59,59,59,59,59,84,84,84,177,177,198,198,217,267,267,267],"floor_reached":22,"language":"KOR","playtime":592,"items_purged":["Strike_G"],"score":350,"play_id":"1a1ed629-8f31-4e03-a728-3dc386838f14","local_time":"20210210104103","is_ascension_mode":true,"campfire_choices":[{"floor":7.0,"key":"REST"},{"data":"Blade Dance","floor":11.0,"key":"SMITH"},{"data":"Phantasmal Killer","floor":15.0,"key":"SMITH"}],"circlet_count":0,"master_deck":["AscendersBane","Strike_G","Strike_G","Strike_G","Strike_G","Defend_G","Defend_G","Defend_G","Defend_G","Defend_G","Survivor","Neutralize","Phantasmal Killer+1","Dagger Throw","Cloak And Dagger","Cloak And Dagger","Glass Knife","Well Laid Plans","Blade Dance+1","Flying Knee","Quick Slash","Phantasmal Killer","Acrobatics","Dagger Throw"],"relics":["Ring of the Serpent","Orichalcum","Ancient Tea Set","Golden Idol"],"acts_visited":["Exordium","TheCity"],"potions_floor_usage":[],"damage_taken":[{"damage":5.0,"enemies":"Cultist","floor":1.0,"turns":5.0},{"damage":5.0,"enemies":"Small Slimes","floor":2.0,"turns":3.0},{"damage":1.0,"enemies":"2 Louse","floor":5.0,"turns":2.0},{"damage":19.0,"enemies":"3 Sentries","floor":6.0,"turns":9.0},{"damage":8.0,"enemies":"Large Slime","floor":8.0,"turns":6.0},{"damage":0.0,"enemies":"3 Louse","floor":13.0,"turns":2.0},{"damage":28.0,"enemies":"The Guardian","floor":16.0,"turns":12.0},{"damage":3.0,"enemies":"Spheric Guardian","floor":18.0,"turns":3.0},{"damage":0.0,"enemies":"Masked Bandits","floor":19.0,"turns":1.0},{"damage":19.0,"enemies":"Shell Parasite","floor":20.0,"turns":5.0},{"damage":16,"enemies":"Cultist and Chosen","floor":22,"turns":5}],"seed_played":"-7583135784203695102","potions_obtained":[{"floor":2.0,"key":"Strength Potion"},{"floor":5.0,"key":"Strength Potion"},{"floor":6.0,"key":"SmokeBomb"}],"is_trial":false,"path_per_floor":["M","M","$","?","M","E","R","M","T","$","R","?","M","?","R","B",null,"M","?","M","?","M"],"character_chosen":"THE_SILENT","items_purchased":["Cloak And Dagger"],"campfire_rested":1,"item_purchase_floors":[3],"current_hp_per_floor":[54,49,49,49,48,29,48,40,40,40,40,40,40,45,45,17,53,50,50,31,31,15,15],"gold":267,"neow_bonus":"ONE_RANDOM_RARE_CARD","is_daily":false,"chose_seed":false,"campfire_upgraded":2,"win_rate":0.0,"timestamp":1612921263,"path_taken":["M","M","$","?","M","E","R","?","T","?","R","?","M","?","R","BOSS","M","?","M","?","M"],"items_purchased_type":["Card"],"build_version":"2020-12-22","purchased_purges":1,"victory":false,"max_hp_per_floor":[66,66,66,66,66,66,66,66,66,66,66,60,60,65,65,65,65,65,65,65,65,65,65],"card_choices":[{"not_picked":["Flying Knee","PiercingWail"],"picked":"Dagger Throw","floor":1.0},{"not_picked":["Acrobatics","Dagger Throw"],"picked":"Cloak And Dagger","floor":2.0},{"not_picked":["Flechettes","Dagger Throw"],"picked":"Well Laid Plans","floor":5.0},{"not_picked":["Deadly Poison","Terror"],"picked":"Blade Dance","floor":6.0},{"not_picked":["All Out Attack","Slice"],"picked":"Flying Knee","floor":8.0},{"not_picked":["Flechettes","Sucker Punch"],"picked":"Quick Slash","floor":13.0},{"not_picked":["Night Terror","Glass Knife"],"picked":"Phantasmal Killer","floor":16.0},{"not_picked":["Deflect","Flying Knee"],"picked":"Acrobatics","floor":18.0},{"not_picked":["Catalyst","Slice"],"picked":"Dagger Throw","floor":20.0}],"player_experience":200838,"relics_obtained":[{"floor":6.0,"key":"Orichalcum"},{"floor":9.0,"key":"Ancient Tea Set"}],"event_choices":[{"damage_healed":0.0,"max_hp_gain":0.0,"max_hp_loss":0.0,"gold_gain":0.0,"event_name":"Match and Keep!","player_choice":"1 cards matched","floor":4.0,"gold_loss":0.0,"damage_taken":0.0,"cards_obtained":["Glass Knife"]},{"damage_healed":0.0,"max_hp_gain":0.0,"max_hp_loss":6.0,"gold_gain":0.0,"event_name":"Golden Idol","player_choice":"Lose Max HP","floor":12.0,"gold_loss":0.0,"damage_taken":0.0,"relics_obtained":["Golden Idol"]},{"damage_healed":0.0,"max_hp_gain":5.0,"max_hp_loss":0.0,"gold_gain":0.0,"event_name":"Big Fish","player_choice":"Donut","floor":14.0,"gold_loss":0.0,"damage_taken":0.0},{"damage_healed":0.0,"max_hp_gain":0.0,"max_hp_loss":0.0,"gold_gain":0.0,"event_name":"Masked Bandits","player_choice":"Fought Bandits","floor":19.0,"gold_loss":0.0,"damage_taken":0.0},{"damage_healed":0,"gold_gain":50,"player_choice":"Stole From Cult","damage_taken":0,"max_hp_gain":0,"max_hp_loss":0,"event_name":"Nest","floor":21,"gold_loss":0}],"is_beta":false,"boss_relics":[{"not_picked":["Pandora\u0027s Box","Coffee Dripper"],"picked":"Ring of the Serpent"}],"items_purged_floors":[3],"is_endless":false,"potions_floor_spawned":[2,5,6,19],"killed_by":"Cultist and Chosen","ascension_level":18}}