{"host":"pf9sh7nh6rpu9sau","time":1612935422,"event":{"mods":["2.2 Compatiblity","BaseMod","BetterRewards","Clockwork Mod","Downfall","Hermit","Mad Scientist","Minty Spire (QoL Compilation)","Permanent Neow","Quick Restart","Somnambulant","StSLib","The Clintock","The Cursed","The Disciple","The Hierophant","The Necromancer","The Runesmith"],"gold_per_floor":[99,112,112,112,112,129,154,154,154,188,88,117,17,37,51,153,153,153,168,188,201,214,226,226,257,157,157,67,67,67,78,90,187,187,187,205,219,237,249,249,303,89,89,115,115,127,152,169,181,181,181,209,18,18,18,18],"floor_reached":57,"language":"ENG","playtime":4091,"items_purged":["bronze:Strike","Regret"],"score":1346,"play_id":"f5d2906d-dd68-42db-b383-7ba68b4020b1","local_time":"20210210003702","is_ascension_mode":false,"campfire_choices":[{"data":"bronze:Replicate","floor":1.0,"key":"SMITH"},{"data":"bronze:Boost","floor":8.0,"key":"SMITH"},{"floor":11.0,"key":"RECALL"},{"data":"bronze:ClassDefault","floor":13.0,"key":"SMITH"},{"data":"bronze:Verify","floor":18.0,"key":"SMITH"},{"data":"bronze:Iterate","floor":26.0,"key":"SMITH"},{"data":"bronze:CutThrough","floor":29.0,"key":"SMITH"},{"data":"bronze:RecursiveStrike","floor":35,"key":"SMITH"},{"data":"bronze:Philosophize","floor":45,"key":"SMITH"},{"data":"expansioncontent:StudyTheSpire","floor":54,"key":"SMITH"}],"circlet_count":0,"master_deck":["bronze:Defend","bronze:Defend","bronze:Defend","bronze:Defend","bronze:Replicate+1","bronze:Goto+1","bronze:WhirlingStrike+1","bronze:Boost+1","bronze:ClassDefault+1","bronze:Iterate+1","bronze:CutThrough+1","bronze:Verify+1","bronze:Frontload","bronze:RecursiveStrike+1","bronze:ThunderWave","bronze:Flail+1","bronze:Philosophize+1","bronze:Verify+1","expansioncontent:DashGenerateEvil+1","expansioncontent:AwakenDeath","bronze:BronzeOrb","bronze:Fortify","expansioncontent:StudyTheSpire+1"],"relics":["bronze:BronzeCore","downfall:ShatteredFragment","Bag of Preparation","Sundial","downfall:HeartBlessingGreen","downfall:HeartBlessingRed","Snecko Eye","bronze:ProtectiveGoggles","downfall:HeartBlessingBlue","downfall:RedIOU","Cursed Key","Smiling Mask","DollysMirror","Runesmith:AutoHammer","Blood Vial","CaptainsWheel","Whetstone"],"acts_visited":["Exordium","TheCity","TheBeyond","TheEnding"],"potions_floor_usage":[31,32,42,44,46,48,50,50,55],"damage_taken":[{"damage":0.0,"enemies":"Jaw Worm","floor":2.0,"turns":3.0},{"damage":2.0,"enemies":"2 Louse","floor":6.0,"turns":2.0},{"damage":1.0,"enemies":"3 Sentries","floor":10.0,"turns":6.0},{"damage":0.0,"enemies":"Lagavulin","floor":12.0,"turns":4.0},{"damage":0.0,"enemies":"Small Slimes","floor":14.0,"turns":2.0},{"damage":0.0,"enemies":"Exordium Wildlife","floor":15.0,"turns":2.0},{"damage":9.0,"enemies":"WA_ARCHETYPE_RETAIN","floor":16.0,"turns":3.0},{"damage":0.0,"enemies":"Shell Parasite","floor":19.0,"turns":2.0},{"damage":0.0,"enemies":"3 Byrds","floor":20.0,"turns":3.0},{"damage":0.0,"enemies":"Snake Plant","floor":21.0,"turns":4.0},{"damage":1.0,"enemies":"Shelled Parasite and Fungi","floor":22.0,"turns":4.0},{"damage":2.0,"enemies":"Centurion and Healer","floor":23.0,"turns":3.0},{"damage":0.0,"enemies":"Book of Stabbing","floor":25.0,"turns":4.0},{"damage":0.0,"enemies":"downfall:FleeingMerchant","floor":28.0,"turns":4.0},{"damage":0,"enemies":"Snecko","floor":31,"turns":3},{"damage":0,"enemies":"3 Cultists","floor":32,"turns":3},{"damage":0,"enemies":"SI_MIRROR_ARCHETYPE","floor":33,"turns":3},{"damage":11,"enemies":"3 Shapes","floor":36,"turns":2},{"damage":2,"enemies":"3 Darklings","floor":37,"turns":3},{"damage":0,"enemies":"Sphere and 2 Shapes","floor":38,"turns":2},{"damage":0,"enemies":"4 Shapes","floor":39,"turns":2},{"damage":0,"enemies":"downfall:FleeingMerchant","floor":42,"turns":1},{"damage":10,"enemies":"Reptomancer","floor":44,"turns":4},{"damage":14,"enemies":"Writhing Mass","floor":46,"turns":4},{"damage":0,"enemies":"Giant Head","floor":47,"turns":4},{"damage":0,"enemies":"Spire Growth","floor":48,"turns":2},{"damage":0,"enemies":"4 Shapes","floor":49,"turns":3},{"damage":17,"enemies":"IC_BLOCK_ARCHETYPE","floor":50,"turns":6},{"damage":5,"enemies":"downfall:CharBossMerchant","floor":52,"turns":4},{"damage":3,"enemies":"downfall:NeowBoss","floor":55,"turns":8},{"damage":22,"enemies":"downfall:NeowBossFinal","floor":56,"turns":6}],"seed_played":"2903051762463393182","potions_obtained":[{"floor":2.0,"key":"SmokeBomb"},{"floor":6.0,"key":"SteroidPotion"},{"floor":14.0,"key":"DuplicationPotion"},{"floor":15.0,"key":"Fruit Juice"},{"floor":19.0,"key":"DistilledChaos"},{"floor":21.0,"key":"AttackPotion"},{"floor":32,"key":"GamblersBrew"},{"floor":33,"key":"Dexterity Potion"},{"floor":38,"key":"ColorlessPotion"},{"floor":44,"key":"AttackPotion"},{"floor":46,"key":"BlessingOfTheForge"},{"floor":47,"key":"Regen Potion"},{"floor":49,"key":"sneckomod:MuddlingPotion"}],"is_trial":false,"path_per_floor":["R","M","?","?","?","M","T","R","?","E","R","E","R","M","M","B",null,"R","M","M","M","M","M","T","E","R","?","$","R","?","M","M","B",null,"R","M","M","M","M","?","T","$","?","E","R","M","E","M","M","B",null,"E","$","R","B","B",null],"character_chosen":"THE_AUTOMATON","items_purchased":["DollysMirror","expansioncontent:DashGenerateEvil","Runesmith:AutoHammer","expansioncontent:StudyTheSpire"],"campfire_rested":0,"item_purchase_floors":[42,42,42,53],"current_hp_per_floor":[49,49,49,28,51,49,49,49,49,48,48,48,48,48,48,49,75,75,75,75,75,74,75,75,75,85,85,85,85,85,85,85,85,85,85,74,72,72,72,72,72,72,72,62,62,50,52,54,56,56,85,80,80,80,79,59],"gold":18,"neow_bonus":"REMOVE_TWO","is_daily":false,"chose_seed":false,"campfire_upgraded":9,"win_rate":0.0,"timestamp":1612935422,"path_taken":["R","M","?","?","?","?","T","R","?","E","R","E","R","M","M","BOSS","R","M","M","M","M","M","T","E","R","?","$","R","?","M","M","BOSS","R","M","M","M","M","?","T","$","?","E","R","M","E","M","M","BOSS","E","$","R","BOSS","BOSS"],"items_purchased_type":["Relic","Card","Relic","Card"],"build_version":"2020-12-22","purchased_purges":2,"victory":true,"max_hp_per_floor":[70,70,70,70,70,70,70,70,70,70,70,70,70,70,70,75,75,75,75,75,75,75,75,75,75,85,85,85,85,85,85,85,85,85,85,85,85,85,85,85,85,85,85,85,85,85,85,85,85,85,85,85,85,85,85,85],"card_choices":[{"not_picked":["bronze:Return","bronze:Overheat"],"picked":"bronze:WhirlingStrike","floor":2.0},{"not_picked":["bronze:Overheat","bronze:Backtrace","bronze:DelayedGuard"],"picked":"SKIP","floor":6.0},{"not_picked":["bronze:Allocate","bronze:BuggyMess","bronze:Refactor"],"picked":"SKIP","floor":10.0},{"not_picked":["bronze:CutThrough","bronze:Frontload"],"picked":"bronze:ClassDefault","floor":12.0},{"not_picked":["bronze:NullPointer","bronze:Refactor"],"picked":"bronze:Iterate","floor":14.0},{"not_picked":["bronze:WildBeam","bronze:DelayedSlice"],"picked":"bronze:CutThrough","floor":15.0},{"not_picked":["bronze:ThunderWave","bronze:HyperBeam"],"picked":"bronze:Verify","floor":16.0},{"not_picked":["bronze:Deprecate","bronze:BuggyMess","bronze:OilSpill"],"picked":"SKIP","floor":19.0},{"not_picked":["bronze:DarkDash","bronze:Overload","bronze:WildBeam"],"picked":"SKIP","floor":20.0},{"not_picked":["bronze:Iterate+1","bronze:ChildClass","bronze:Refactor"],"picked":"SKIP","floor":21.0},{"not_picked":["bronze:Overheat+1","bronze:Invalidate","bronze:ChildClass"],"picked":"SKIP","floor":22.0},{"not_picked":["bronze:Optimize","bronze:Safeguard","bronze:OilSpill"],"picked":"SKIP","floor":23.0},{"not_picked":["bronze:BuggyMess+1","bronze:Return"],"picked":"bronze:Frontload","floor":25.0},{"not_picked":["bronze:Shield","bronze:Invalidate","bronze:WildBeam"],"picked":"SKIP","floor":28.0},{"not_picked":["bronze:Frontload","bronze:ForceShield"],"picked":"bronze:RecursiveStrike","floor":31},{"not_picked":["bronze:BitShift+1","bronze:NullPointer+1","bronze:WildBeam"],"picked":"SKIP","floor":32},{"not_picked":["bronze:ShipIt","bronze:Assembly"],"picked":"bronze:ThunderWave","floor":33},{"not_picked":["bronze:DelayedSlice","bronze:FineTuning"],"picked":"bronze:Flail+1","floor":36},{"not_picked":["bronze:WhirlingStrike","bronze:DelayedGuard+1","bronze:ChosenStrike+1"],"picked":"SKIP","floor":37},{"not_picked":["bronze:Frontload+1","bronze:Overheat+1","bronze:WhirlingStrike"],"picked":"SKIP","floor":38},{"not_picked":["bronze:Overload","bronze:BronzeArmor+1","bronze:Constructor"],"picked":"SKIP","floor":39},{"not_picked":["bronze:Branch","bronze:MaxOutput"],"picked":"bronze:Philosophize","floor":42},{"not_picked":["expansioncontent:InvincibleStrength","expansioncontent:YouAreMine"],"picked":"expansioncontent:AwakenDeath","floor":43},{"not_picked":["bronze:GetLatest+1","bronze:ForLoop+1"],"picked":"bronze:BronzeOrb","floor":44},{"not_picked":["bronze:BitShift","bronze:Deprecate+1","bronze:FineTuning+1"],"picked":"SKIP","floor":46},{"not_picked":["bronze:WhirlingStrike","bronze:Shield","bronze:InfiniteBeams+1"],"picked":"SKIP","floor":47},{"not_picked":["bronze:NullPointer","bronze:MaxOutput","bronze:BronzeOrb+1"],"picked":"SKIP","floor":48},{"not_picked":["bronze:Constructor","bronze:BitShift"],"picked":"bronze:Fortify","floor":49},{"not_picked":["bronze:Return","bronze:CleanCode","bronze:BronzeOrb"],"picked":"SKIP","floor":52}],"player_experience":840757,"relics_obtained":[{"floor":7.0,"key":"Bag of Preparation"},{"floor":10.0,"key":"Sundial"},{"floor":12.0,"key":"Toy Ornithopter"},{"floor":25.0,"key":"bronze:ProtectiveGoggles"},{"floor":41,"key":"Smiling Mask"},{"floor":44,"key":"Blood Vial"},{"floor":47,"key":"CaptainsWheel"},{"floor":52,"key":"Whetstone"}],"event_choices":[{"damage_healed":23.0,"max_hp_gain":0.0,"max_hp_loss":0.0,"gold_gain":0.0,"event_name":"Big Fish","player_choice":"Banana","floor":5.0,"gold_loss":0.0,"damage_taken":0.0},{"damage_healed":0.0,"max_hp_gain":0.0,"max_hp_loss":0.0,"gold_gain":0.0,"event_name":"Living Wall","player_choice":"Grow","floor":9.0,"gold_loss":0.0,"damage_taken":0.0,"cards_upgraded":["bronze:Goto"]},{"damage_healed":0,"gold_gain":0,"player_choice":"Leave","damage_taken":0,"max_hp_gain":0,"max_hp_loss":0,"event_name":"FaceTrader","floor":30,"gold_loss":0}],"is_beta":false,"boss_relics":[{"not_picked":["Velvet Choker","Runesmith:UraniumAnvil"],"picked":"Snecko Eye"},{"not_picked":["SacredBark","Empty Cage"],"picked":"Cursed Key"}],"items_purged_floors":[28,42],"is_endless":false,"potions_floor_spawned":[2,6,14,15,19,21,32,33,38,44,46,47,49],"ascension_level":0}}