{"host":"1focbxb2e8qu7ccd","time":1612980084,"event":{"mods":["AchievementEnabler","BaseMod","Bestiary","Highlight Path","Minty Spire (QoL Compilation)","Relic Stats"],"gold_per_floor":[213,87,87,103,103,136,146,146,173,187,214,214,238,263,263,359,359,377,377,400,145,145,145,185,185,185,185,185,218,236,236,236,325,325,344,369,430,4,4,42,42,67,67,91,91,132,150,165,165,165,165],"floor_reached":50,"language":"ENG","playtime":4361,"items_purged":["Strike_G","Strike_G+1","Strike_G+1"],"score":1246,"play_id":"30eb3a05-676a-4655-9665-499393e432d2","local_time":"20210210130124","is_ascension_mode":true,"campfire_choices":[{"floor":8.0,"key":"REST"},{"data":"1","floor":15.0,"key":"LIFT"},{"data":"2","floor":23.0,"key":"LIFT"},{"data":"3","floor":25.0,"key":"LIFT"},{"floor":27.0,"key":"REST"},{"data":"Wraith Form v2","floor":32.0,"key":"SMITH"},{"data":"Night Terror","floor":41,"key":"SMITH"},{"floor":49,"key":"RECALL"}],"circlet_count":0,"master_deck":["AscendersBane","Strike_G+1","Defend_G+1","Defend_G+1","Defend_G+1","Defend_G+1","Defend_G+1","Survivor","Neutralize","Bouncing Flask","Underhanded Strike","Glass Knife","Bane","PiercingWail","Backflip","Blade Dance","Terror","Caltrops","Wraith Form v2+1","Backflip","Deadly Poison+1","Calculated Gamble","Deflect+1","Acrobatics","Riddle With Holes","J.A.X.","Night Terror+1","Slice","Setup+1","PiercingWail","PiercingWail","Dagger Throw+1","Decay","Outmaneuver","Footwork+1","Acrobatics+1","Concentrate+1","PiercingWail+1"],"relics":["Ring of the Snake","Oddly Smooth Stone","Pen Nib","Toy Ornithopter","Girya","Golden Idol","Odd Mushroom","Cursed Key","Nilry\u0027s Codex","Snake Skull","InkBottle","Runic Pyramid","Incense Burner","Medical Kit","Prayer Wheel","Nunchaku","Bag of Marbles"],"acts_visited":[],"potions_floor_usage":[37,37],"damage_taken":[{"damage":8.0,"enemies":"Cultist","floor":1.0,"turns":5.0},{"damage":0.0,"enemies":"Small Slimes","floor":4.0,"turns":2.0},{"damage":32.0,"enemies":"3 Sentries","floor":6.0,"turns":10.0},{"damage":0.0,"enemies":"Jaw Worm","floor":7.0,"turns":3.0},{"damage":3.0,"enemies":"2 Fungi Beasts","floor":10.0,"turns":3.0},{"damage":5.0,"enemies":"Gremlin Nob","floor":11.0,"turns":3.0},{"damage":2.0,"enemies":"3 Louse","floor":13.0,"turns":3.0},{"damage":13.0,"enemies":"The Mushroom Lair","floor":14.0,"turns":4.0},{"damage":2.0,"enemies":"Hexaghost","floor":16.0,"turns":9.0},{"damage":12.0,"enemies":"2 Thieves","floor":18.0,"turns":4.0},{"damage":2.0,"enemies":"Spheric Guardian","floor":20.0,"turns":5.0},{"damage":1.0,"enemies":"Book of Stabbing","floor":24.0,"turns":5.0},{"damage":4.0,"enemies":"Gremlin Leader","floor":29.0,"turns":5.0},{"damage":3.0,"enemies":"Snake Plant","floor":30.0,"turns":2.0},{"damage":17.0,"enemies":"Champ","floor":33.0,"turns":7.0},{"damage":15.0,"enemies":"3 Darklings","floor":35.0,"turns":5.0},{"damage":0.0,"enemies":"3 Shapes","floor":36.0,"turns":5.0},{"damage":6,"enemies":"2 Orb Walkers","floor":37,"turns":3},{"damage":0,"enemies":"Nemesis","floor":40,"turns":9},{"damage":4,"enemies":"Sphere and 2 Shapes","floor":42,"turns":4},{"damage":8,"enemies":"Jaw Worm Horde","floor":44,"turns":5},{"damage":7,"enemies":"Giant Head","floor":46,"turns":10},{"damage":2,"enemies":"Writhing Mass","floor":47,"turns":5},{"damage":0,"enemies":"Transient","floor":48,"turns":6},{"damage":32,"enemies":"Awakened One","floor":50,"turns":11}],"seed_played":"859170184005038060","potions_obtained":[{"floor":6.0,"key":"Ancient Potion"},{"floor":7.0,"key":"LiquidBronze"},{"floor":13.0,"key":"Energy Potion"},{"floor":30.0,"key":"Strength Potion"},{"floor":36.0,"key":"Block Potion"},{"floor":48,"key":"SpeedPotion"}],"is_trial":false,"path_per_floor":["M","$","?","M","?","E","M","R","T","M","E","?","M","?","R","B",null,"M","?","M","$","?","R","E","R","T","R","?","E","M","?","R","B",null,"M","M","?","$","?","E","R","M","T","M","$","E","M","M","R","B"],"character_chosen":"THE_SILENT","items_purchased":["Underhanded Strike","Calculated Gamble","PowerPotion","Dexterity Potion","Medical Kit","PiercingWail","DistilledChaos"],"campfire_rested":2,"item_purchase_floors":[2,21,21,21,38,38,38],"current_hp_per_floor":[51,51,51,51,33,1,1,20,20,17,17,17,15,7,7,10,48,36,36,34,34,13,13,12,12,12,30,30,31,28,28,28,16,49,34,34,38,38,38,38,38,34,34,26,26,19,17,17,17,0,0],"gold":165,"neow_bonus":"HUNDRED_GOLD","is_daily":false,"chose_seed":false,"campfire_upgraded":2,"win_rate":0.0,"timestamp":1612980084,"path_taken":["M","$","?","M","?","E","M","R","T","M","E","?","?","?","R","BOSS","M","?","M","$","?","R","E","R","T","R","?","E","M","?","R","BOSS","M","M","?","$","?","E","R","M","T","?","$","E","M","M","R","BOSS"],"items_purchased_type":["Card","Card","Potion","Potion","Relic","Card","Potion"],"build_version":"2020-12-22","purchased_purges":3,"victory":false,"max_hp_per_floor":[66,66,66,66,66,66,66,66,66,66,66,60,60,60,60,60,60,60,60,60,60,60,60,60,60,60,60,60,60,60,60,60,60,60,60,60,60,60,60,60,60,60,60,60,60,60,60,60,60,60,60],"relic_stats":{"Nunchaku":[5],"counters":[8,53],"Golden Idol":45,"Prayer Wheel":4,"Pen Nib":[7],"Snake Skull":[50],"Cursed Key":1,"Medical Kit":[0],"obtain_stats":[{"Girya":0,"Golden Idol":0,"Nilry\u0027s Codex":0,"Oddly Smooth Stone":0,"Pen Nib":0,"Snake Skull":0,"Incense Burner":37,"Odd Mushroom":0,"Cursed Key":0,"Medical Kit":38,"Nunchaku":40,"Prayer Wheel":39,"Bag of Marbles":46,"Toy Ornithopter":0,"InkBottle":0,"Ring of the Snake":0,"Runic Pyramid":0},{"Girya":0,"Golden Idol":0,"Nilry\u0027s Codex":0,"Oddly Smooth Stone":0,"Pen Nib":0,"Snake Skull":0,"Incense Burner":1,"Odd Mushroom":0,"Cursed Key":0,"Medical Kit":1,"Nunchaku":2,"Prayer Wheel":1,"Bag of Marbles":5,"Toy Ornithopter":0,"InkBottle":0,"Ring of the Snake":0,"Runic Pyramid":0},{"Girya":0,"Golden Idol":0,"Nilry\u0027s Codex":0,"Oddly Smooth Stone":0,"Pen Nib":0,"Snake Skull":0,"Incense Burner":3,"Odd Mushroom":0,"Cursed Key":0,"Medical Kit":3,"Nunchaku":12,"Prayer Wheel":3,"Bag of Marbles":31,"Toy Ornithopter":0,"InkBottle":0,"Ring of the Snake":0,"Runic Pyramid":0}],"Toy Ornithopter":10,"InkBottle":[23],"Ring of the Snake":[16]},"card_choices":[{"not_picked":["Backflip","Deadly Poison"],"picked":"Bouncing Flask","floor":1.0},{"not_picked":["Slice","Sucker Punch"],"picked":"Bane","floor":4.0},{"not_picked":["Dodge and Roll","Flying Knee"],"picked":"PiercingWail","floor":6.0},{"not_picked":["Finisher","Setup"],"picked":"Backflip","floor":7.0},{"not_picked":["Bane","Acrobatics","Flying Knee"],"picked":"SKIP","floor":10.0},{"not_picked":["Bullet Time","Dagger Spray"],"picked":"Blade Dance","floor":11.0},{"not_picked":["Dagger Spray","Riddle With Holes"],"picked":"Terror","floor":13.0},{"not_picked":["Flying Knee","Endless Agony"],"picked":"Caltrops","floor":14.0},{"not_picked":["Bullet Time","Adrenaline"],"picked":"Wraith Form v2","floor":16.0},{"not_picked":["Terror","Poisoned Stab"],"picked":"Backflip","floor":18.0},{"not_picked":["Prepared","Dagger Spray"],"picked":"Deadly Poison+1","floor":20.0},{"not_picked":["Unload","Concentrate"],"picked":"Deflect+1","floor":24.0},{"not_picked":["Outmaneuver","Endless Agony"],"picked":"Acrobatics","floor":29.0},{"not_picked":["Deflect","Slice"],"picked":"Riddle With Holes","floor":30.0},{"not_picked":["Grand Finale","Storm of Steel"],"picked":"Night Terror","floor":33.0},{"not_picked":["Dodge and Roll","Deadly Poison"],"picked":"Slice","floor":35.0},{"not_picked":["Dodge and Roll","Skewer"],"picked":"Setup+1","floor":36.0},{"not_picked":["Deadly Poison","Acrobatics","Prepared"],"picked":"SKIP","floor":40},{"not_picked":["Dagger Spray","Dodge and Roll+1"],"picked":"PiercingWail","floor":42},{"not_picked":["Slice+1","Flying Knee"],"picked":"Dagger Throw+1","floor":42},{"not_picked":["Envenom","Expertise+1"],"picked":"Outmaneuver","floor":44},{"not_picked":["Flechettes","Bane+1"],"picked":"Footwork+1","floor":44},{"not_picked":["Well Laid Plans","Dagger Spray","Deflect"],"picked":"SKIP","floor":46},{"not_picked":["Terror","Prepared"],"picked":"Acrobatics+1","floor":47},{"not_picked":["Flying Knee","Sucker Punch+1"],"picked":"Concentrate+1","floor":47},{"not_picked":["Terror+1","Acrobatics"],"picked":"PiercingWail+1","floor":48},{"not_picked":["Endless Agony","Bane","Cloak And Dagger"],"picked":"SKIP","floor":48}],"player_experience":925159,"relics_obtained":[{"floor":6.0,"key":"Pen Nib"},{"floor":9.0,"key":"Toy Ornithopter"},{"floor":11.0,"key":"Girya"},{"floor":14.0,"key":"Odd Mushroom"},{"floor":22.0,"key":"Nilry\u0027s Codex"},{"floor":24.0,"key":"Snake Skull"},{"floor":29.0,"key":"InkBottle"},{"floor":37,"key":"Incense Burner"},{"floor":40,"key":"Nunchaku"},{"floor":46,"key":"Bag of Marbles"}],"event_choices":[{"damage_healed":0.0,"max_hp_gain":0.0,"max_hp_loss":0.0,"gold_gain":0.0,"cards_transformed":["Strike_G"],"event_name":"Living Wall","player_choice":"Change","floor":3.0,"gold_loss":0.0,"damage_taken":0.0,"cards_obtained":["Glass Knife"]},{"damage_healed":0.0,"max_hp_gain":0.0,"max_hp_loss":0.0,"gold_gain":0.0,"event_name":"Scrap Ooze","player_choice":"Success","floor":5.0,"gold_loss":0.0,"damage_taken":18.0,"relics_obtained":["Oddly Smooth Stone"]},{"damage_healed":0.0,"max_hp_gain":0.0,"max_hp_loss":6.0,"gold_gain":0.0,"event_name":"Golden Idol","player_choice":"Lose Max HP","floor":12.0,"gold_loss":0.0,"damage_taken":0.0,"relics_obtained":["Golden Idol"]},{"damage_healed":0.0,"max_hp_gain":0.0,"max_hp_loss":0.0,"gold_gain":0.0,"event_name":"Mushrooms","player_choice":"Fought Mushrooms","floor":14.0,"gold_loss":0.0,"damage_taken":0.0},{"damage_healed":0.0,"max_hp_gain":0.0,"max_hp_loss":0.0,"gold_gain":0.0,"event_name":"Back to Basics","player_choice":"Simplicity","floor":19.0,"gold_loss":0.0,"damage_taken":0.0,"cards_upgraded":["Strike_G","Strike_G","Strike_G","Defend_G","Defend_G","Defend_G","Defend_G","Defend_G"]},{"damage_healed":0.0,"max_hp_gain":0.0,"max_hp_loss":0.0,"gold_gain":0.0,"event_name":"Cursed Tome","player_choice":"Obtained Book","floor":22.0,"gold_loss":0.0,"damage_taken":21.0},{"damage_healed":0.0,"max_hp_gain":0.0,"max_hp_loss":0.0,"gold_gain":0.0,"event_name":"The Mausoleum","player_choice":"Ignored","floor":28.0,"gold_loss":0.0,"damage_taken":0.0},{"damage_healed":0.0,"max_hp_gain":0.0,"max_hp_loss":0.0,"gold_gain":0.0,"event_name":"Drug Dealer","player_choice":"Obtain J.A.X.","floor":31.0,"gold_loss":0.0,"damage_taken":0.0,"cards_obtained":["J.A.X."]},{"damage_healed":0,"gold_gain":0,"player_choice":"Fight","damage_taken":0,"max_hp_gain":0,"max_hp_loss":0,"event_name":"Mysterious Sphere","floor":37,"gold_loss":0},{"damage_healed":0,"gold_gain":0,"player_choice":"Gave Potion","damage_taken":0,"relics_obtained":["Prayer Wheel"],"max_hp_gain":0,"max_hp_loss":0,"event_name":"WeMeetAgain","floor":39,"gold_loss":0}],"is_beta":false,"boss_relics":[{"not_picked":["Ectoplasm","Astrolabe"],"picked":"Cursed Key"},{"not_picked":["Philosopher\u0027s Stone","Fusion Hammer"],"picked":"Runic Pyramid"}],"items_purged_floors":[2,21,38],"is_endless":false,"potions_floor_spawned":[6,7,13,24,30,36,48],"killed_by":"Awakened One","ascension_level":20}}