{"host":"Doisman","time":1612994651,"event":{"mods":["AchievementEnabler","BaseMod","Better Note","Curses Come First","Minty Spire (QoL Compilation)","Permanent Neow","Relic Stats","Replay The Spire","StSLib"],"gold_per_floor":[112,130,143,243,263,263,12,12,12,38,38,363,375,406,406,509,509,509,509,509,449,449,449,449,449,449,43,43,43,43,43,43,43,43,43,43,43,43,43,43,43,43,43,43,43,43,43,43,43,43],"floor_reached":51,"language":"ENG","playtime":2558,"items_purged":["Strike_G","Strike_G"],"score":1037,"play_id":"3558f0fd-6062-470e-9c61-bec4fd19c791","local_time":"20210210160411","is_ascension_mode":true,"campfire_choices":[{"data":"Predator","floor":6.0,"key":"SMITH"},{"data":"Neutralize","floor":8.0,"key":"SMITH"},{"data":"Leg Sweep","floor":11.0,"key":"SMITH"},{"data":"Draining Mist","floor":15.0,"key":"SMITH"},{"data":"Burst","floor":29.0,"key":"SMITH"},{"data":"Burst","floor":32.0,"key":"SMITH"},{"data":"Bouncing Flask","floor":44.0,"key":"SMITH"},{"data":"Leg Sweep","floor":46.0,"key":"SMITH"},{"data":"Concentrate","floor":49.0,"key":"SMITH"}],"circlet_count":0,"master_deck":["Strike_G","Strike_G","Strike_G","Defend_G","Defend_G","Defend_G","Defend_G","Defend_G","Survivor","Neutralize+1","Leg Sweep+1","Underhanded Strike","Predator+1","Leg Sweep+1","Burst+1","Burst+1","Blur","Underhanded Strike","Concentrate+1","Draining Mist+1","Corpse Explosion","Toxin Wave+1","Toxin Wave+1","Catalyst+1","Underhanded Strike","ReplayTheSpireMod:Speed Training+1","Backflip","After Image","Bouncing Flask+1","Catalyst+1"],"relics":["Snecko Eye","StrikeDummy","Old Coin","Replay:Rubber Ducky","Ectoplasm","Nloth\u0027s Gift","Iron Hammer","Pen Nib","Gremlin Horn","Gremlin Food","Lee\u0027s Waffle","Omamori","Coffee Dripper","Durian","Replay:WaspNest","TungstenRod","Replay:Bottled Flurry","Replay:Accelerometer","Dream Catcher"],"acts_visited":["Exordium","TheCity","TheBeyond"],"potions_floor_usage":[50,50,50],"damage_taken":[{"damage":0.0,"enemies":"Cultist","floor":1.0,"turns":5.0},{"damage":0.0,"enemies":"2 Louse","floor":2.0,"turns":3.0},{"damage":0.0,"enemies":"Small Slimes","floor":3.0,"turns":4.0},{"damage":1.0,"enemies":"Red Slaver","floor":5.0,"turns":5.0},{"damage":11.0,"enemies":"Gremlin Nob","floor":10.0,"turns":4.0},{"damage":0.0,"enemies":"Replay:BlueRogue","floor":12.0,"turns":8.0},{"damage":5.0,"enemies":"Lots of Slimes","floor":13.0,"turns":4.0},{"damage":0.0,"enemies":"Lagavulin","floor":14.0,"turns":7.0},{"damage":38.0,"enemies":"Slime Boss","floor":16.0,"turns":13.0},{"damage":0.0,"enemies":"Shell Parasite","floor":18.0,"turns":2.0},{"damage":0.0,"enemies":"2 Thieves","floor":21.0,"turns":4.0},{"damage":0.0,"enemies":"Centurion and Healer","floor":22.0,"turns":4.0},{"damage":1.0,"enemies":"Book of Stabbing","floor":23.0,"turns":6.0},{"damage":5.0,"enemies":"Snake Plant","floor":24.0,"turns":3.0},{"damage":0.0,"enemies":"Gremlin Leader","floor":25.0,"turns":5.0},{"damage":0.0,"enemies":"Book of Stabbing","floor":28.0,"turns":3.0},{"damage":2.0,"enemies":"Cultist and Chosen","floor":30.0,"turns":4.0},{"damage":0.0,"enemies":"Centurion and Healer","floor":31.0,"turns":1.0},{"damage":2.0,"enemies":"Automaton","floor":33.0,"turns":6.0},{"damage":2.0,"enemies":"3 Darklings","floor":35.0,"turns":3.0},{"damage":0.0,"enemies":"Mind Bloom Boss Battle","floor":36.0,"turns":3.0},{"damage":0.0,"enemies":"3 Shapes","floor":39.0,"turns":2.0},{"damage":0.0,"enemies":"Reptomancer","floor":40.0,"turns":4.0},{"damage":0.0,"enemies":"Maw","floor":41.0,"turns":4.0},{"damage":0.0,"enemies":"Giant Head","floor":42.0,"turns":8.0},{"damage":0.0,"enemies":"4 Shapes","floor":45.0,"turns":3.0},{"damage":4.0,"enemies":"R_Hoarder","floor":48.0,"turns":7.0},{"damage":5,"enemies":"Donu and Deca","floor":50,"turns":3}],"seed_played":"-1561270274153949131","potions_obtained":[{"floor":1.0,"key":"EssenceOfSteel"},{"floor":5.0,"key":"Milkshake"},{"floor":12.0,"key":"Dexterity Potion"},{"floor":14.0,"key":"BlessingOfTheForge"},{"floor":16.0,"key":"PowerPotion"},{"floor":21.0,"key":"Fruit Juice"},{"floor":24.0,"key":"BlessingOfTheForge"},{"floor":28.0,"key":"FearPotion"},{"floor":31.0,"key":"FearPotion"},{"floor":35.0,"key":"Ancient Potion"},{"floor":40.0,"key":"Strength Potion"},{"floor":48.0,"key":"LiquidBronze"}],"is_trial":false,"path_per_floor":["M","M","M","?","M","R","$","R","T","E","R","E","M","E","R","B",null,"M","?","?","M","M","E","M","E","T","$","E","R","M","M","R","B",null,"M","?","?","?","M","E","M","E","T","R","M","R","T","E","R","B",null],"character_chosen":"THE_SILENT","items_purchased":["Burst","Blur","Gremlin Food","Lee\u0027s Waffle"],"campfire_rested":0,"item_purchase_floors":[7,7,27,27],"current_hp_per_floor":[70,70,70,70,69,69,69,69,69,58,58,58,53,53,53,15,70,70,70,70,75,75,74,69,69,69,82,82,82,80,80,80,78,82,80,85,83,83,83,83,83,83,83,83,83,83,83,79,79,74],"gold":43,"neow_bonus":"BOSS_RELIC","is_daily":false,"chose_seed":false,"campfire_upgraded":9,"win_rate":0.0,"timestamp":1612994651,"path_taken":["M","?","M","?","M","R","?","R","T","E","R","E","M","E","R","BOSS","M","?","?","M","?","E","M","E","T","?","E","R","M","M","R","BOSS","M","?","?","?","M","E","M","E","T","R","M","R","?","E","R","BOSS"],"items_purchased_type":["Card","Card","Relic","Relic"],"build_version":"2020-12-18","purchased_purges":2,"victory":true,"max_hp_per_floor":[70,70,70,70,70,70,70,70,70,70,70,70,70,70,70,70,70,70,70,70,75,75,75,75,75,75,82,82,82,82,82,82,82,82,82,87,83,83,83,83,83,83,83,83,83,83,83,83,83,83],"relic_stats":{"Lee\u0027s Waffle":13,"Dream Catcher":0,"Gremlin Horn":[11,11],"counters":[28,128],"Snecko Eye":[243,238,240,241],"Ectoplasm":535,"Pen Nib":[6],"Nloth\u0027s Gift":2,"obtain_stats":[{"Gremlin Food":27,"Replay:Accelerometer":47,"Lee\u0027s Waffle":27,"Gremlin Horn":26,"Pen Nib":25,"Replay:WaspNest":40,"Omamori":28,"Old Coin":12,"Replay:Rubber Ducky":14,"Dream Catcher":48,"Snecko Eye":0,"MealTicket":10,"Ectoplasm":17,"Iron Hammer":23,"Nloth\u0027s Gift":20,"Coffee Dripper":34,"Durian":36,"Replay:Bottled Flurry":43,"StrikeDummy":9,"TungstenRod":42,"Ring of the Snake":0},{"Gremlin Food":15,"Replay:Accelerometer":26,"Lee\u0027s Waffle":15,"Gremlin Horn":15,"Pen Nib":15,"Replay:WaspNest":23,"Omamori":16,"Old Coin":6,"Replay:Rubber Ducky":8,"Dream Catcher":27,"Snecko Eye":0,"MealTicket":5,"Ectoplasm":9,"Iron Hammer":13,"Nloth\u0027s Gift":10,"Coffee Dripper":19,"Durian":21,"Replay:Bottled Flurry":25,"StrikeDummy":4,"TungstenRod":25,"Ring of the Snake":0},{"Gremlin Food":77,"Replay:Accelerometer":118,"Lee\u0027s Waffle":77,"Gremlin Horn":77,"Pen Nib":77,"Replay:WaspNest":103,"Omamori":80,"Old Coin":29,"Replay:Rubber Ducky":40,"Dream Catcher":125,"Snecko Eye":0,"MealTicket":21,"Ectoplasm":53,"Iron Hammer":69,"Nloth\u0027s Gift":55,"Coffee Dripper":91,"Durian":97,"Replay:Bottled Flurry":115,"StrikeDummy":17,"TungstenRod":115,"Ring of the Snake":0}],"TungstenRod":3},"card_choices":[{"not_picked":["Infinite Blades","Acrobatics"],"picked":"Leg Sweep","floor":1.0},{"not_picked":["Cloak And Dagger","Tactician"],"picked":"Underhanded Strike","floor":2.0},{"not_picked":["ReplayTheSpireMod:Tripwire","Acrobatics"],"picked":"Predator","floor":3.0},{"not_picked":["Fluid Movement","Hidden Blade"],"picked":"Leg Sweep","floor":5.0},{"not_picked":["Atom Bomb","Sucker Punch"],"picked":"Underhanded Strike","floor":10.0},{"not_picked":["Masterful Stab","Blade Dance","Reflex"],"picked":"SKIP","floor":12.0},{"not_picked":["Backflip","Caltrops"],"picked":"Concentrate","floor":13.0},{"not_picked":["Poisoned Stab","Acrobatics"],"picked":"Draining Mist","floor":14.0},{"not_picked":["Envenom","Wraith Form v2"],"picked":"Corpse Explosion","floor":16.0},{"not_picked":["Poisoned Stab+1","Endless Agony"],"picked":"Toxin Wave+1","floor":18.0},{"not_picked":["All Out Attack","ReplayTheSpireMod:Exploit Weakness","Dagger Spray"],"picked":"SKIP","floor":21.0},{"not_picked":["Dagger Throw+1","Bane","Slice"],"picked":"SKIP","floor":22.0},{"not_picked":["Acrobatics","Masterful Stab+1"],"picked":"Toxin Wave+1","floor":23.0},{"not_picked":["ReplayTheSpireMod:Shiv Toss+1","Flechettes+1"],"picked":"Catalyst+1","floor":24.0},{"not_picked":["Well Laid Plans+1","Finisher","Expertise"],"picked":"SKIP","floor":25.0},{"not_picked":["Heel Hook","Eviscerate","Deflect+1"],"picked":"SKIP","floor":28.0},{"not_picked":["Deadly Poison+1","Slice","Dodge and Roll"],"picked":"SKIP","floor":30.0},{"not_picked":["Flechettes","Blade Dance+1"],"picked":"Underhanded Strike","floor":31.0},{"not_picked":["Endless Agony","Catalyst+1"],"picked":"ReplayTheSpireMod:Speed Training+1","floor":35.0},{"not_picked":["Concentrate+1","Dagger Throw+1"],"picked":"Backflip","floor":36.0},{"not_picked":["Hidden Blade","Cloak And Dagger+1"],"picked":"After Image","floor":39.0},{"not_picked":["ReplayTheSpireMod:The Works","ReplayTheSpireMod:Scrap Shanks","Heel Hook+1"],"picked":"SKIP","floor":40.0},{"not_picked":["ReplayTheSpireMod:The Works","ReplayTheSpireMod:Scrap Shanks","Heel Hook+1"],"picked":"SKIP","floor":40.0},{"not_picked":["Masterful Stab","Flying Knee"],"picked":"Bouncing Flask","floor":41.0},{"not_picked":["Phantasmal Killer","Blade Dance+1"],"picked":"Catalyst+1","floor":42.0},{"not_picked":["Well Laid Plans+1","Acrobatics+1","Setup+1"],"picked":"SKIP","floor":45.0},{"not_picked":["Tools of the Trade","Replay:Bag of Tricks","Glass Knife"],"picked":"SKIP","floor":48.0}],"player_experience":1114504,"relics_obtained":[{"floor":9.0,"key":"StrikeDummy"},{"floor":10.0,"key":"MealTicket"},{"floor":12.0,"key":"Old Coin"},{"floor":14.0,"key":"Replay:Rubber Ducky"},{"floor":23.0,"key":"Iron Hammer"},{"floor":25.0,"key":"Pen Nib"},{"floor":26.0,"key":"Gremlin Horn"},{"floor":28.0,"key":"Omamori"},{"floor":36.0,"key":"Durian"},{"floor":40.0,"key":"Replay:WaspNest"},{"floor":42.0,"key":"TungstenRod"},{"floor":43.0,"key":"Replay:Bottled Flurry"},{"floor":47.0,"key":"Replay:Accelerometer"},{"floor":48.0,"key":"Dream Catcher"}],"event_choices":[{"damage_healed":0.0,"max_hp_gain":0.0,"max_hp_loss":0.0,"gold_gain":100.0,"event_name":"Golden Shrine","player_choice":"Pray","floor":4.0,"gold_loss":0.0,"damage_taken":0.0},{"damage_healed":0.0,"max_hp_gain":0.0,"max_hp_loss":0.0,"gold_gain":0.0,"event_name":"betterNote:BetterNote","player_choice":"Ignored","floor":19.0,"gold_loss":0.0,"damage_taken":0.0,"cards_obtained":["Die Die Die"]},{"damage_healed":0.0,"max_hp_gain":0.0,"max_hp_loss":0.0,"gold_gain":0.0,"event_name":"N\u0027loth","player_choice":"Traded Relic","floor":20.0,"relics_lost":["MealTicket"],"gold_loss":0.0,"damage_taken":0.0,"relics_obtained":["Nloth\u0027s Gift"]},{"damage_healed":0.0,"max_hp_gain":0.0,"max_hp_loss":0.0,"gold_gain":0.0,"event_name":"MindBloom","player_choice":"Fight","floor":36.0,"gold_loss":0.0,"damage_taken":0.0},{"damage_healed":0.0,"max_hp_gain":0.0,"max_hp_loss":4.0,"gold_gain":0.0,"event_name":"Winding Halls","player_choice":"Max HP","floor":37.0,"gold_loss":0.0,"damage_taken":0.0}],"is_beta":true,"boss_relics":[{"not_picked":["Pandora\u0027s Box","Replay:Grab Bag"],"picked":"Ectoplasm"},{"not_picked":["SacredBark","Replay:Bronze Core"],"picked":"Coffee Dripper"}],"items_purged_floors":[7,27],"is_endless":false,"potions_floor_spawned":[1,5,12,13,14,16,18,21,24,28,31,35,40,41,45,48],"ascension_level":1}}