{"host":"h4lp0eeso8a0ssq0","time":1612930046,"event":{"mods":["2.2 Compatiblity","AchievementEnabler","BaseMod","CapriCore","Colored Map","Minty Spire (QoL Compilation)","StSLib","SuperFastMode"],"gold_per_floor":[113,131,131,53,53,86,110,130,130,130,148,73,73,73,73,73,73],"floor_reached":16,"language":"KOR","playtime":263,"items_purged":[],"score":244,"play_id":"12807726-c883-40fa-9b85-3e000be8dd22","local_time":"20210210130726","is_ascension_mode":true,"campfire_choices":[{"data":"Strike_G","floor":10.0,"key":"PURGE"},{"data":"Strike_G","floor":13.0,"key":"PURGE"},{"data":"Accuracy","floor":15.0,"key":"SMITH"}],"circlet_count":0,"master_deck":["AscendersBane","Strike_G","Strike_G","Defend_G","Defend_G","Defend_G","Defend_G","Defend_G","Survivor","Neutralize","Cloak And Dagger","Flying Knee","Accuracy+1","Escape Plan","Blade Dance","Acrobatics"],"relics":["Ring of the Snake","NeowsBlessing","Mummified Hand","Golden Idol","Peace Pipe","Bird Faced Urn"],"acts_visited":["Exordium"],"potions_floor_usage":[16,16],"damage_taken":[{"damage":0.0,"enemies":"Cultist","floor":1.0,"turns":1.0},{"damage":0.0,"enemies":"Jaw Worm","floor":2.0,"turns":1.0},{"damage":0.0,"enemies":"Gremlin Nob","floor":6.0,"turns":1.0},{"damage":2.0,"enemies":"Small Slimes","floor":7.0,"turns":6.0},{"damage":1.0,"enemies":"Exordium Thugs","floor":8.0,"turns":4.0},{"damage":0.0,"enemies":"Blue Slaver","floor":11.0,"turns":4.0},{"damage":12,"enemies":"Hexaghost","floor":16,"turns":9}],"seed_played":"1083771790765954893","potions_obtained":[{"floor":2.0,"key":"LiquidMemories"},{"floor":6.0,"key":"BlessingOfTheForge"},{"floor":8.0,"key":"SkillPotion"}],"is_trial":false,"path_per_floor":["M","M","?","$","?","E","M","M","T","R","M","?","R","?","R","B"],"character_chosen":"THE_SILENT","items_purchased":["Accuracy"],"campfire_rested":0,"item_purchase_floors":[4],"current_hp_per_floor":[59,59,41,41,18,18,16,15,15,15,17,17,17,8,8,0,0],"gold":73,"neow_bonus":"THREE_ENEMY_KILL","is_daily":false,"chose_seed":false,"campfire_upgraded":1,"win_rate":0.0,"timestamp":1612930046,"path_taken":["M","M","?","$","?","E","M","M","T","R","M","?","R","?","R","BOSS"],"items_purchased_type":["Card"],"build_version":"2020-12-22","purchased_purges":0,"victory":false,"max_hp_per_floor":[66,66,66,66,66,66,66,66,66,66,66,66,66,66,66,66,66],"card_choices":[{"not_picked":["Underhanded Strike","Bane"],"picked":"Cloak And Dagger","floor":1.0},{"not_picked":["Flechettes","Prepared"],"picked":"Flying Knee","floor":2.0},{"not_picked":["Infinite Blades","Riddle With Holes"],"picked":"Escape Plan","floor":6.0},{"not_picked":["Setup","PiercingWail"],"picked":"Blade Dance","floor":7.0},{"not_picked":["Dagger Spray","Infinite Blades"],"picked":"Acrobatics","floor":8.0},{"not_picked":["Prepared","Acrobatics","Dodge and Roll"],"picked":"SKIP","floor":11.0}],"player_experience":208776,"relics_obtained":[{"floor":6.0,"key":"Peace Pipe"},{"floor":9.0,"key":"Bird Faced Urn"}],"event_choices":[{"damage_healed":0.0,"max_hp_gain":0.0,"max_hp_loss":0.0,"gold_gain":0.0,"event_name":"Scrap Ooze","player_choice":"Success","floor":3.0,"gold_loss":0.0,"damage_taken":18.0,"relics_obtained":["Mummified Hand"]},{"damage_healed":0.0,"max_hp_gain":0.0,"max_hp_loss":0.0,"gold_gain":0.0,"event_name":"Golden Idol","player_choice":"Take Damage","floor":5.0,"gold_loss":0.0,"damage_taken":23.0,"relics_obtained":["Golden Idol"]},{"cards_removed":["Strike_G"],"damage_healed":0.0,"max_hp_gain":0.0,"max_hp_loss":0.0,"gold_gain":0.0,"event_name":"The Cleric","player_choice":"Card Removal","floor":12.0,"gold_loss":75.0,"damage_taken":0.0},{"damage_healed":0.0,"max_hp_gain":0.0,"max_hp_loss":0.0,"gold_gain":0.0,"event_name":"Wheel of Change","player_choice":"Damaged","floor":14.0,"gold_loss":0.0,"damage_taken":9.0}],"is_beta":false,"boss_relics":[],"items_purged_floors":[],"is_endless":false,"potions_floor_spawned":[2,6,8],"killed_by":"Hexaghost","ascension_level":19}}