{"host":"qxeepl7ydvsgmfdb","time":1612958665,"event":{"mods":["AchievementEnabler","BaseMod","Colored Powertips","Minty Spire (QoL Compilation)","Quick Restart","slay the spire mod where everything is the same but ironclad has a cowboy hat"],"gold_per_floor":[112,129,129,129,129,158,226,252,329,379,379,429,479,497,497,617,617,633,598,47,61,36,36,185,235,259,299,299,43,79,103,103,103,103],"floor_reached":33,"language":"ENG","playtime":998,"items_purged":[],"score":527,"play_id":"3561eec1-20f1-4513-8ba1-22ca156f098f","local_time":"20210210070425","is_ascension_mode":true,"campfire_choices":[{"floor":11,"key":"REST"},{"floor":15,"key":"REST"},{"data":"Distraction","floor":23,"key":"SMITH"},{"data":"Catalyst","floor":28,"key":"SMITH"},{"floor":32,"key":"REST"}],"circlet_count":0,"master_deck":["AscendersBane","Strike_G+1","Strike_G+1","Strike_G+1","Strike_G+1","Strike_G+1","Defend_G+1","Defend_G+1","Defend_G+1","Defend_G+1","Defend_G+1","Survivor","Neutralize","Blade Dance","Deadly Poison","Poisoned Stab","Catalyst+1","Terror+1","Deadly Poison","Footwork","Distraction+1","Deadly Poison+1","Poisoned Stab"],"relics":["Ring of the Snake","NeowsBlessing","Torii","SsserpentHead","Whetstone","Bag of Preparation","White Beast Statue","Golden Idol","Frozen Egg 2","Shuriken","PreservedInsect","Lee\u0027s Waffle","Anchor","Regal Pillow","Letter Opener","War Paint"],"acts_visited":["Exordium","TheCity"],"potions_floor_usage":[8,16,21,30,30,33],"damage_taken":[{"damage":0,"enemies":"Small Slimes","floor":1,"turns":1},{"damage":0,"enemies":"Cultist","floor":2,"turns":1},{"damage":0,"enemies":"Gremlin Nob","floor":6,"turns":1},{"damage":6,"enemies":"2 Louse","floor":7,"turns":2},{"damage":27,"enemies":"3 Sentries","floor":8,"turns":9},{"damage":8,"enemies":"Looter","floor":14,"turns":4},{"damage":55,"enemies":"Slime Boss","floor":16,"turns":15},{"damage":16,"enemies":"Shell Parasite","floor":18,"turns":5},{"damage":12,"enemies":"3 Byrds","floor":21,"turns":6},{"damage":27,"enemies":"Book of Stabbing","floor":27,"turns":4},{"damage":30,"enemies":"Slavers","floor":30,"turns":4},{"damage":6,"enemies":"Snake Plant","floor":31,"turns":3},{"damage":62,"enemies":"Champ","floor":33,"turns":6}],"seed_played":"-3323433913204999796","potions_obtained":[{"floor":1,"key":"FairyPotion"},{"floor":7,"key":"Block Potion"},{"floor":8,"key":"Block Potion"},{"floor":16,"key":"Regen Potion"},{"floor":18,"key":"Swift Potion"},{"floor":21,"key":"Fruit Juice"},{"floor":27,"key":"DistilledChaos"},{"floor":30,"key":"LiquidMemories"},{"floor":31,"key":"SmokeBomb"}],"is_trial":false,"path_per_floor":["M","M","?","?","?","E","M","E","T","?","R","?","?","M","R","B",null,"M","?","$","M","?","R","?","?","T","E","R","$","E","M","R","B"],"character_chosen":"THE_SILENT","items_purchased":["Shuriken","PreservedInsect","Lee\u0027s Waffle","Letter Opener"],"campfire_rested":3,"item_purchase_floors":[20,20,20,29],"current_hp_per_floor":[63,63,56,42,42,42,36,9,9,9,30,23,40,32,53,21,58,42,42,77,70,70,70,70,70,70,43,43,43,25,19,57,0,0],"gold":103,"neow_bonus":"THREE_ENEMY_KILL","is_daily":false,"chose_seed":false,"campfire_upgraded":2,"win_rate":0.0,"timestamp":1612958665,"path_taken":["M","M","?","?","?","E","?","E","T","?","R","?","?","M","R","BOSS","M","?","$","M","?","R","?","?","T","E","R","$","E","M","R","BOSS"],"items_purchased_type":["Relic","Relic","Relic","Relic"],"build_version":"2020-12-22","purchased_purges":0,"victory":false,"max_hp_per_floor":[70,70,70,70,70,70,70,70,70,70,70,70,70,70,70,70,70,70,70,77,82,79,79,79,79,79,79,79,79,79,79,79,79,79],"card_choices":[{"not_picked":["Blur","Dagger Spray"],"picked":"Blade Dance","floor":1},{"not_picked":["Cloak And Dagger","Tactician"],"picked":"Deadly Poison","floor":2},{"not_picked":["Prepared","Endless Agony"],"picked":"Poisoned Stab","floor":6},{"not_picked":["Slice","All Out Attack"],"picked":"Catalyst","floor":7},{"not_picked":["Eviscerate","Flying Knee"],"picked":"Terror","floor":8},{"not_picked":["PiercingWail","Accuracy"],"picked":"Deadly Poison","floor":14},{"not_picked":["Skewer","Quick Slash"],"picked":"Footwork","floor":18},{"not_picked":["Sucker Punch","Dodge and Roll"],"picked":"Distraction","floor":21},{"not_picked":["Catalyst","Concentrate"],"picked":"Deadly Poison","floor":27},{"not_picked":["Dodge and Roll","Footwork+1","Predator"],"picked":"SKIP","floor":30},{"not_picked":["Blur","Underhanded Strike"],"picked":"Poisoned Stab","floor":31}],"player_experience":150739,"relics_obtained":[{"floor":6,"key":"Whetstone"},{"floor":8,"key":"Bag of Preparation"},{"floor":9,"key":"White Beast Statue"},{"floor":26,"key":"Anchor"},{"floor":27,"key":"Regal Pillow"},{"floor":30,"key":"War Paint"}],"event_choices":[{"damage_healed":0,"gold_gain":0,"player_choice":"Success","damage_taken":7,"relics_obtained":["Torii"],"max_hp_gain":0,"max_hp_loss":0,"event_name":"Scrap Ooze","floor":3,"gold_loss":0},{"damage_healed":0,"gold_gain":0,"player_choice":"Entered Light","damage_taken":14,"max_hp_gain":0,"max_hp_loss":0,"event_name":"Shining Light","floor":4,"gold_loss":0,"cards_upgraded":["Strike_G","Strike_G"]},{"damage_healed":0,"gold_gain":0,"player_choice":"Trade","damage_taken":0,"relics_obtained":["SsserpentHead"],"max_hp_gain":0,"max_hp_loss":0,"event_name":"FaceTrader","floor":5,"gold_loss":0},{"damage_healed":0,"gold_gain":0,"player_choice":"Take Wound","damage_taken":0,"relics_obtained":["Golden Idol"],"max_hp_gain":0,"max_hp_loss":0,"event_name":"Golden Idol","floor":10,"gold_loss":0,"cards_obtained":["Injury"]},{"cards_removed":["Injury"],"damage_healed":0,"gold_gain":0,"player_choice":"Card Removal","damage_taken":7,"max_hp_gain":0,"max_hp_loss":0,"event_name":"Golden Wing","floor":12,"gold_loss":0},{"damage_healed":17,"gold_gain":0,"player_choice":"Healed and dodged fight","damage_taken":0,"max_hp_gain":0,"max_hp_loss":0,"event_name":"Mushrooms","floor":13,"gold_loss":0,"cards_obtained":["Parasite"]},{"damage_healed":0,"gold_gain":0,"player_choice":"Obtained Relic","damage_taken":0,"relics_obtained":["Frozen Egg 2"],"max_hp_gain":0,"max_hp_loss":0,"event_name":"Addict","floor":19,"gold_loss":85},{"cards_removed":["Parasite"],"damage_healed":0,"gold_gain":0,"player_choice":"Gave Gold","damage_taken":0,"max_hp_gain":0,"max_hp_loss":0,"event_name":"Beggar","floor":22,"gold_loss":75},{"damage_healed":0,"gold_gain":99,"player_choice":"Stole From Cult","damage_taken":0,"max_hp_gain":0,"max_hp_loss":0,"event_name":"Nest","floor":24,"gold_loss":0},{"damage_healed":0,"gold_gain":0,"player_choice":"Simplicity","damage_taken":0,"max_hp_gain":0,"max_hp_loss":0,"event_name":"Back to Basics","floor":25,"gold_loss":0,"cards_upgraded":["Strike_G","Defend_G","Defend_G","Defend_G","Defend_G","Defend_G"]}],"is_beta":false,"boss_relics":[{"not_picked":["Snecko Eye","Philosopher\u0027s Stone","Cursed Key"]}],"items_purged_floors":[],"is_endless":false,"potions_floor_spawned":[1,7,8,14,16,18,21,27,30,31],"killed_by":"Champ","ascension_level":12}}