{"host":"fmpket6nt7x2ysgi","time":1612971949,"event":{"mods":["AchievementEnabler","BaseMod","Colored Map","Colored Powertips","Downfall","Minty Spire (QoL Compilation)","Quick Restart","Relic Stats","StSLib"],"gold_per_floor":[118,10,10,30,48,48,66,101,101,4046,4046,4103,4116,4128,4128,4229,4229,4209,4209,4209,4221,4231,3473,3473,3493,3493,3511,3436,2592,2608,2621,2621,2721,2721,2736,2748,2761,2039,2055,2055,2055,2073,2073,2092,1300,1333,1333,1345,1345,1345],"floor_reached":51,"language":"ZHS","playtime":2679,"items_purged":["Defend_R","Strike_R","Dual Wield+1","Strike_R+1","Juggernaut","Defend_R+1"],"score":1042,"play_id":"a5c61cab-d469-439a-a4f5-88186a9befae","local_time":"20210210234549","is_ascension_mode":true,"campfire_choices":[{"data":"Apotheosis","floor":6.0,"key":"SMITH"},{"floor":15.0,"key":"REST"},{"floor":24.0,"key":"REST"},{"floor":32.0,"key":"RECALL"},{"floor":40.0,"key":"REST"},{"floor":49,"key":"REST"}],"circlet_count":0,"master_deck":["Strike_R+1","Bash","Metallicize","Apotheosis+1","Purity","Inflame","Feed","Inflame+1","Berserk+1","RitualDagger","Finesse+1","Flash of Steel","Shrug It Off+1","Havoc+1"],"relics":["Burning Blood","NeowsBlessing","Meat on the Bone","Whetstone","TheAbacus","Ornamental Fan","Centennial Puzzle","Bottled Lightning","ClockworkSouvenir","Incense Burner","HornCleat","StoneCalendar","Astrolabe","Toxic Egg 2","Bronze Scales","Cauldron","Torii","Toolbox","Vajra","Charon\u0027s Ashes","Fusion Hammer","Chemical X","Juzu Bracelet","Pear","Frozen Eye","Question Card","Orichalcum","Gambling Chip"],"acts_visited":["Exordium","TheCity","TheBeyond"],"potions_floor_usage":[],"damage_taken":[{"damage":0.0,"enemies":"Cultist","floor":1.0,"turns":1.0},{"damage":0.0,"enemies":"2 Louse","floor":4.0,"turns":1.0},{"damage":0.0,"enemies":"Jaw Worm","floor":5.0,"turns":1.0},{"damage":29.0,"enemies":"Exordium Thugs","floor":7.0,"turns":5.0},{"damage":26.0,"enemies":"3 Sentries","floor":8.0,"turns":9.0},{"damage":12.0,"enemies":"Lagavulin Event","floor":12.0,"turns":6.0},{"damage":0.0,"enemies":"2 Fungi Beasts","floor":13.0,"turns":3.0},{"damage":7.0,"enemies":"Looter","floor":14.0,"turns":3.0},{"damage":17.0,"enemies":"Slime Boss","floor":16.0,"turns":7.0},{"damage":10.0,"enemies":"2 Thieves","floor":18.0,"turns":4.0},{"damage":18.0,"enemies":"Spheric Guardian","floor":21.0,"turns":6.0},{"damage":11.0,"enemies":"Cultist and Chosen","floor":22.0,"turns":6.0},{"damage":3.0,"enemies":"Snake Plant","floor":25.0,"turns":4.0},{"damage":18.0,"enemies":"Shelled Parasite and Fungi","floor":27.0,"turns":4.0},{"damage":1.0,"enemies":"Cultist and Chosen","floor":30.0,"turns":2.0},{"damage":7.0,"enemies":"Chosen and Byrds","floor":31.0,"turns":2.0},{"damage":0.0,"enemies":"Collector","floor":33.0,"turns":4.0},{"damage":0.0,"enemies":"3 Shapes","floor":35.0,"turns":3.0},{"damage":12.0,"enemies":"Orb Walker","floor":36.0,"turns":2.0},{"damage":7.0,"enemies":"Sphere and 2 Shapes","floor":37.0,"turns":3.0},{"damage":0.0,"enemies":"3 Darklings","floor":39.0,"turns":3.0},{"damage":0.0,"enemies":"Transient","floor":42.0,"turns":5.0},{"damage":1.0,"enemies":"Maw","floor":44.0,"turns":3.0},{"damage":21,"enemies":"Nemesis","floor":46,"turns":5},{"damage":0,"enemies":"Jaw Worm Horde","floor":48,"turns":3},{"damage":8,"enemies":"Donu and Deca","floor":50,"turns":5}],"seed_played":"-5118441976253471548","potions_obtained":[{"floor":13.0,"key":"FairyPotion"},{"floor":16.0,"key":"Block Potion"},{"floor":23.0,"key":"Fruit Juice"},{"floor":23.0,"key":"Ancient Potion"}],"is_trial":false,"path_per_floor":["M","$","T","M","M","R","M","E","T","$","?","?","M","M","R","B",null,"M","?","?","M","M","$","R","M","T","M","?","$","M","M","R","B",null,"M","M","M","$","M","R","?","M","T","M","$","E","?","M","R","B",null],"character_chosen":"IRONCLAD","items_purchased":["GamblersBrew","DuplicationPotion","Ancient Potion","Meat on the Bone","Whetstone","TheAbacus","Metallicize","Apotheosis","ClockworkSouvenir","Incense Burner","HornCleat","Ancient Potion","DistilledChaos","Purity","Toxic Egg 2","Bronze Scales","Finesse+1","Cauldron","Toolbox","Vajra","Flash of Steel","Charon\u0027s Ashes","Chemical X","Juzu Bracelet","Pear","Frozen Eye","Question Card","Orichalcum","Havoc+1"],"campfire_rested":4,"item_purchase_floors":[2,2,2,2,2,2,2,2,10,10,10,10,10,10,23,23,23,23,29,29,29,29,38,38,38,45,45,45,45],"current_hp_per_floor":[80,80,80,80,80,80,57,49,49,49,33,39,57,56,80,69,80,80,74,74,66,61,66,93,93,93,85,85,85,94,93,93,99,101,105,99,98,108,114,115,109,109,109,109,109,94,94,104,113,115],"gold":1345,"neow_bonus":"THREE_ENEMY_KILL","is_daily":false,"chose_seed":false,"campfire_upgraded":1,"win_rate":0.0,"timestamp":1612971949,"path_taken":["M","$","?","M","M","R","M","E","T","$","?","?","?","M","R","BOSS","M","?","?","M","M","$","R","M","T","M","?","$","M","M","R","BOSS","M","M","M","$","M","R","?","M","T","M","$","E","?","M","R","BOSS"],"items_purchased_type":["Potion","Potion","Potion","Relic","Relic","Relic","Card","Card","Relic","Relic","Relic","Potion","Potion","Card","Relic","Relic","Card","Relic","Relic","Relic","Card","Relic","Relic","Relic","Relic","Relic","Relic","Relic","Card"],"build_version":"2020-12-22","purchased_purges":6,"victory":true,"max_hp_per_floor":[80,80,80,80,80,80,80,80,80,80,80,80,80,80,80,80,80,84,84,84,88,88,93,93,93,93,97,97,97,101,101,101,101,101,105,105,105,115,115,115,109,109,109,109,109,109,109,113,113,117],"relic_stats":{"Torii":8,"counters":[26,100],"Astrolabe":["Inflame","Berserk","Dual Wield"],"StoneCalendar":[0],"Charon\u0027s Ashes":[332],"Juzu Bracelet":0,"Whetstone":["Strike_R","Strike_R"],"Orichalcum":[6],"Question Card":2,"Burning Blood":118,"Centennial Puzzle":[45],"TheAbacus":[1236],"Ornamental Fan":[192],"Bronze Scales":[133],"Gambling Chip":[3],"Chemical X":[1],"obtain_stats":[{"Torii":26,"Vajra":29,"StoneCalendar":12,"Incense Burner":10,"Juzu Bracelet":38,"Whetstone":2,"Burning Blood":0,"ClockworkSouvenir":10,"Frozen Eye":45,"Centennial Puzzle":8,"TheAbacus":2,"HornCleat":10,"Gambling Chip":46,"Toolbox":29,"Fusion Hammer":34,"Chemical X":38,"Toxic Egg 2":23,"Pear":38,"NeowsBlessing":0,"Astrolabe":17,"Charon\u0027s Ashes":29,"Orichalcum":45,"Question Card":45,"Cauldron":23,"Ornamental Fan":3,"Bronze Scales":23,"Bottled Lightning":9,"Meat on the Bone":2},{"Torii":13,"Vajra":14,"StoneCalendar":6,"Incense Burner":5,"Juzu Bracelet":20,"Whetstone":1,"Burning Blood":0,"ClockworkSouvenir":5,"Frozen Eye":23,"Centennial Puzzle":5,"TheAbacus":1,"HornCleat":5,"Gambling Chip":24,"Toolbox":14,"Fusion Hammer":17,"Chemical X":20,"Toxic Egg 2":12,"Pear":20,"NeowsBlessing":0,"Astrolabe":9,"Charon\u0027s Ashes":14,"Orichalcum":23,"Question Card":23,"Cauldron":12,"Ornamental Fan":1,"Bronze Scales":12,"Bottled Lightning":5,"Meat on the Bone":1},{"Torii":56,"Vajra":60,"StoneCalendar":23,"Incense Burner":17,"Juzu Bracelet":76,"Whetstone":1,"Burning Blood":0,"ClockworkSouvenir":17,"Frozen Eye":87,"Centennial Puzzle":17,"TheAbacus":1,"HornCleat":17,"Gambling Chip":92,"Toolbox":60,"Fusion Hammer":68,"Chemical X":76,"Toxic Egg 2":52,"Pear":76,"NeowsBlessing":0,"Astrolabe":36,"Charon\u0027s Ashes":60,"Orichalcum":87,"Question Card":87,"Cauldron":52,"Ornamental Fan":1,"Bronze Scales":52,"Bottled Lightning":17,"Meat on the Bone":1}],"Meat on the Bone":36},"card_choices":[{"not_picked":["Thunderclap","Havoc","Disarm"],"picked":"SKIP","floor":1.0},{"not_picked":["Thunderclap","Iron Wave","Sentinel"],"picked":"SKIP","floor":4.0},{"not_picked":["Body Slam","Clash","Cleave"],"picked":"SKIP","floor":5.0},{"not_picked":["Flame Barrier","Clothesline","True Grit"],"picked":"SKIP","floor":7.0},{"not_picked":["Pummel","Twin Strike","Clash"],"picked":"SKIP","floor":8.0},{"not_picked":["Pommel Strike","Cleave"],"picked":"Inflame","floor":12.0},{"not_picked":["Flex","Perfected Strike","Headbutt"],"picked":"SKIP","floor":13.0},{"not_picked":["Evolve","Wild Strike","Hemokinesis"],"picked":"SKIP","floor":14.0},{"not_picked":["Berserk","Fiend Fire"],"picked":"Feed","floor":16.0},{"not_picked":["Warcry","Armaments+1","Sword Boomerang"],"picked":"SKIP","floor":18.0},{"not_picked":["Havoc","Entrench+1","Armaments"],"picked":"SKIP","floor":21.0},{"not_picked":["Cleave","Spot Weakness","True Grit"],"picked":"SKIP","floor":22.0},{"not_picked":["Pummel","Uppercut"],"picked":"Warcry+1","floor":25.0},{"not_picked":["Thunderclap+1","Reaper","Shrug It Off+1"],"picked":"SKIP","floor":27.0},{"not_picked":["Havoc+1","Uppercut","Heavy Blade"],"picked":"SKIP","floor":30.0},{"not_picked":["Flex+1","Havoc+1"],"picked":"Shrug It Off+1","floor":31.0},{"not_picked":["Demon Form","Reaper"],"picked":"Juggernaut","floor":33.0},{"not_picked":["Power Through+1","Armaments+1","Iron Wave"],"picked":"SKIP","floor":35.0},{"not_picked":["Pummel","Entrench+1","Carnage+1"],"picked":"SKIP","floor":36.0},{"not_picked":["Iron Wave","Perfected Strike","Thunderclap+1"],"picked":"SKIP","floor":37.0},{"not_picked":["Impervious+1","Power Through+1","Armaments+1"],"picked":"SKIP","floor":39.0},{"not_picked":["Headbutt","Shrug It Off+1","Iron Wave+1"],"picked":"SKIP","floor":42.0},{"not_picked":["Sword Boomerang","Flame Barrier+1","Thunderclap+1"],"picked":"SKIP","floor":44.0},{"not_picked":["Headbutt+1","Reckless Charge","Armaments+1","Evolve"],"picked":"SKIP","floor":46},{"not_picked":["Havoc+1","Rupture+1","Iron Wave","Immolate"],"picked":"SKIP","floor":48}],"player_experience":115297,"relics_obtained":[{"floor":3.0,"key":"Ornamental Fan"},{"floor":8.0,"key":"Centennial Puzzle"},{"floor":9.0,"key":"Bottled Lightning"},{"floor":12.0,"key":"StoneCalendar"},{"floor":26.0,"key":"Torii"},{"floor":46,"key":"Gambling Chip"}],"event_choices":[{"damage_healed":0.0,"max_hp_gain":0.0,"max_hp_loss":0.0,"gold_gain":0.0,"event_name":"Shining Light","player_choice":"Entered Light","floor":11.0,"gold_loss":0.0,"damage_taken":16.0,"cards_upgraded":["Defend_R","Defend_R"]},{"damage_healed":0.0,"max_hp_gain":0.0,"max_hp_loss":0.0,"gold_gain":0.0,"event_name":"Dead Adventurer","player_choice":"Searched \u00272\u0027 times","floor":12.0,"gold_loss":0.0,"damage_taken":0.0},{"damage_healed":0.0,"max_hp_gain":0.0,"max_hp_loss":0.0,"gold_gain":0.0,"event_name":"Nest","player_choice":"Joined the Cult","floor":19.0,"gold_loss":0.0,"damage_taken":6.0,"cards_obtained":["RitualDagger"]},{"damage_healed":0.0,"max_hp_gain":0.0,"max_hp_loss":0.0,"gold_gain":0.0,"event_name":"The Mausoleum","player_choice":"Ignored","floor":20.0,"gold_loss":0.0,"damage_taken":0.0},{"cards_removed":["Defend_R"],"damage_healed":0.0,"max_hp_gain":0.0,"max_hp_loss":0.0,"gold_gain":0.0,"event_name":"Beggar","player_choice":"Gave Gold","floor":28.0,"gold_loss":75.0,"damage_taken":0.0},{"damage_healed":0.0,"max_hp_gain":0.0,"max_hp_loss":6.0,"gold_gain":0.0,"event_name":"Winding Halls","player_choice":"Max HP","floor":41.0,"gold_loss":0.0,"damage_taken":0.0},{"cards_removed":["Warcry"],"damage_healed":0,"gold_gain":0,"player_choice":"Removed Skill","damage_taken":0,"max_hp_gain":0,"max_hp_loss":0,"event_name":"Falling","floor":47,"gold_loss":0}],"is_beta":false,"boss_relics":[{"not_picked":["Mark of Pain","Calling Bell"],"picked":"Astrolabe"},{"not_picked":["Coffee Dripper","Sozu"],"picked":"Fusion Hammer"}],"items_purged_floors":[2,10,23,29,38,45],"is_endless":false,"potions_floor_spawned":[5,13,16,18,22,33,36,42,44],"ascension_level":3}}