{"host":"p7cjtxxrilhp4dw7","time":1612947837,"event":{"mods":["BaseMod","Block Reminder","Colored Map","Curses Come First","Highlight Path","Minty Spire (QoL Compilation)","Replay The Spire","StSLib"],"gold_per_floor":[111,111,130,130,149,149,183,183,209,58,93,111,138,157,157,261,261,229,229,229,241,253,294,306,336,425,457,469,492,504,531,543,653,665,690,720,732,286,286,286,286,319,319,352,352,362,362,381,381,381],"floor_reached":51,"language":"ENG","playtime":2852,"items_purged":[],"score":1188,"play_id":"d4b60dd0-218a-4e09-89a9-eb022ed3852a","local_time":"20210210020357","is_ascension_mode":true,"campfire_choices":[{"data":"Bash","floor":6,"key":"SMITH"},{"data":"Demon Form","floor":8,"key":"SMITH"},{"floor":15,"key":"REST"},{"floor":24,"key":"REST"},{"floor":28,"key":"REST"},{"floor":30,"key":"REST"},{"floor":32,"key":"REST"},{"floor":40,"key":"REST"},{"data":"Double Tap","floor":45,"key":"SMITH"},{"floor":49,"key":"REST"}],"circlet_count":0,"master_deck":["AscendersBane","Strike_R+1","Strike_R+1","Strike_R+1","Strike_R+1","Strike_R+1","Defend_R+1","Defend_R+1","Defend_R+1","Defend_R+1","Bash+1","Disarm","Intimidate","Demon Form+1","Sword Boomerang","Pummel","Metallicize","Replay:Many Hands","Shrug It Off","Twin Strike","Flame Barrier","Iron Wave+1","Feed","Iron Wave+1","Thunderclap+1","Double Tap+1","Clothesline+1","Iron Wave+1","Shrug It Off+1"],"relics":["Burning Blood","NeowsBlessing","FaceOfCleric","Replay:Wax Seal","ReplayTheSpireMod:Lightbulb","Replay:Baseball","Replay:Rubber Ducky","Bag of Marbles","MawBank","MutagenicStrength","Singing Bowl","SlaversCollar","Torii","ReplayTheSpireMod:Ninjato","Darkstone Periapt","Potion Belt","Shovel"],"acts_visited":["Exordium","TheCity","TheBeyond"],"potions_floor_usage":[7,7,33,33,44,46],"damage_taken":[{"damage":0,"enemies":"Jaw Worm","floor":1,"turns":1},{"damage":0,"enemies":"Cultist","floor":3,"turns":1},{"damage":0,"enemies":"2 Louse","floor":5,"turns":1},{"damage":11,"enemies":"Lagavulin","floor":7,"turns":7},{"damage":28,"enemies":"Gremlin Nob","floor":11,"turns":4},{"damage":4,"enemies":"Red Slaver","floor":12,"turns":3},{"damage":30,"enemies":"3 Sentries","floor":13,"turns":6},{"damage":0,"enemies":"Large Slime","floor":14,"turns":3},{"damage":16,"enemies":"Slime Boss","floor":16,"turns":5},{"damage":37,"enemies":"2 Thieves","floor":18,"turns":5},{"damage":49,"enemies":"Gremlin Leader","floor":23,"turns":8},{"damage":8,"enemies":"Shell Parasite","floor":25,"turns":4},{"damage":13,"enemies":"Chosen and Byrds","floor":27,"turns":6},{"damage":18,"enemies":"Snake Plant","floor":29,"turns":5},{"damage":36,"enemies":"Cultist and Chosen","floor":31,"turns":9},{"damage":69,"enemies":"Collector","floor":33,"turns":9},{"damage":18,"enemies":"Orb Walker","floor":35,"turns":5},{"damage":12,"enemies":"3 Shapes","floor":36,"turns":9},{"damage":18,"enemies":"Nemesis","floor":42,"turns":5},{"damage":0,"enemies":"R_Hoarder","floor":44,"turns":6},{"damage":66,"enemies":"Transient","floor":46,"turns":5},{"damage":21,"enemies":"4 Shapes","floor":48,"turns":7},{"damage":42,"enemies":"Time Eater","floor":50,"turns":9}],"seed_played":"-4565613665767597902","potions_obtained":[{"floor":1,"key":"Adrenaline Potion"},{"floor":3,"key":"Strength Potion"},{"floor":4,"key":"Energy Potion"},{"floor":23,"key":"SteroidPotion"},{"floor":25,"key":"LiquidBronze"},{"floor":36,"key":"Energy Potion"},{"floor":42,"key":"Swift Potion"}],"is_trial":false,"path_per_floor":["M","?","M","?","M","R","E","R","T","$","E","M","E","M","R","B",null,"M","?","?","?","?","E","R","M","T","M","R","M","R","M","R","B",null,"M","M","?","$","?","R","?","E","T","E","R","M","T","M","R","B",null],"character_chosen":"IRONCLAD","items_purchased":["Replay:Baseball","Torii","Double Tap"],"campfire_rested":7,"item_purchase_floors":[10,38,38],"current_hp_per_floor":[78,78,81,81,82,82,78,78,78,78,57,60,37,44,70,61,81,51,51,51,51,51,9,36,35,35,29,56,47,75,48,77,15,78,67,65,65,65,65,96,96,85,85,92,92,35,35,24,57,22],"gold":381,"neow_bonus":"THREE_ENEMY_KILL","is_daily":false,"chose_seed":false,"campfire_upgraded":3,"win_rate":0.0,"timestamp":1612947837,"path_taken":["M","?","?","?","M","R","E","R","T","$","E","?","E","M","R","BOSS","M","?","?","?","?","E","R","M","T","M","R","?","R","M","R","BOSS","M","M","?","$","?","R","?","E","T","E","R","M","?","?","R","BOSS"],"items_purchased_type":["Relic","Relic","Card"],"build_version":"2020-12-22","purchased_purges":0,"victory":true,"max_hp_per_floor":[80,80,81,81,82,82,83,83,83,83,84,85,86,87,87,88,88,89,89,89,89,89,90,90,91,91,92,92,95,95,98,98,99,99,100,104,104,104,104,104,104,105,105,106,106,109,109,113,113,114],"card_choices":[{"not_picked":["ReplayTheSpireMod:Corrosion Curse","Wild Strike"],"picked":"Disarm","floor":1},{"not_picked":["Sword Boomerang","Searing Blow"],"picked":"Intimidate","floor":3},{"not_picked":["Wild Strike","Replay:Undeath\u0027s Touch","Clothesline"],"picked":"SKIP","floor":5},{"not_picked":["Flex","Headbutt"],"picked":"Demon Form","floor":7},{"not_picked":["Warcry","Fire Breathing","Havoc"],"picked":"SKIP","floor":11},{"not_picked":["Clothesline","Intimidate"],"picked":"Sword Boomerang","floor":12},{"not_picked":["Burning Pact","Searing Blow"],"picked":"Pummel","floor":13},{"not_picked":["Havoc","Sever Soul"],"picked":"Metallicize","floor":14},{"not_picked":["Demon Form","Eclipse"],"picked":"Replay:Many Hands","floor":16},{"not_picked":["Pummel","Spot Weakness+1"],"picked":"Shrug It Off","floor":18},{"not_picked":["Rupture","Seeing Red"],"picked":"Twin Strike","floor":23},{"not_picked":["ReplayTheSpireMod:Strike From Hell","ReplayTheSpireMod:Corrosion Curse"],"picked":"Flame Barrier","floor":25},{"not_picked":["Havoc","Anger+1"],"picked":"Iron Wave+1","floor":27},{"not_picked":["Perfected Strike","Entrench","Run Through"],"picked":"Singing Bowl","floor":29},{"not_picked":["Clash","Run Through","Flex"],"picked":"Singing Bowl","floor":31},{"not_picked":["Juggernaut","Eclipse"],"picked":"Feed","floor":33},{"not_picked":["Thunderclap+1","Flame Barrier+1"],"picked":"Iron Wave+1","floor":35},{"not_picked":["Replay:Undeath\u0027s Touch","Cleave"],"picked":"Thunderclap+1","floor":36},{"not_picked":["Combust+1","Defy Death"],"picked":"Clothesline+1","floor":42},{"not_picked":["Fire Breathing+1","Second Wind"],"picked":"Iron Wave+1","floor":44},{"not_picked":["Warcry","Iron Wave","Havoc+1"],"picked":"Singing Bowl","floor":46},{"not_picked":["Second Wind+1","Barricade"],"picked":"Shrug It Off+1","floor":48}],"player_experience":616959,"relics_obtained":[{"floor":7,"key":"Replay:Wax Seal"},{"floor":9,"key":"ReplayTheSpireMod:Lightbulb"},{"floor":11,"key":"Replay:Rubber Ducky"},{"floor":13,"key":"Bag of Marbles"},{"floor":23,"key":"Singing Bowl"},{"floor":42,"key":"ReplayTheSpireMod:Ninjato"},{"floor":43,"key":"Darkstone Periapt"},{"floor":44,"key":"Potion Belt"},{"floor":47,"key":"Shovel"}],"event_choices":[{"damage_healed":0,"gold_gain":0,"player_choice":"Trade","damage_taken":0,"relics_obtained":["FaceOfCleric"],"max_hp_gain":0,"max_hp_loss":0,"event_name":"FaceTrader","floor":2,"gold_loss":0},{"damage_healed":0,"gold_gain":0,"player_choice":"Got Potions","damage_taken":0,"max_hp_gain":0,"max_hp_loss":0,"event_name":"Lab","floor":4,"gold_loss":0},{"damage_healed":0,"gold_gain":0,"player_choice":"Simplicity","damage_taken":0,"max_hp_gain":0,"max_hp_loss":0,"event_name":"Back to Basics","floor":19,"gold_loss":0,"cards_upgraded":["Strike_R","Strike_R","Strike_R","Strike_R","Strike_R","Defend_R","Defend_R","Defend_R","Defend_R"]},{"damage_healed":0,"gold_gain":0,"player_choice":"Inject Mutagens","damage_taken":0,"relics_obtained":["MutagenicStrength"],"max_hp_gain":0,"max_hp_loss":0,"event_name":"Drug Dealer","floor":21,"gold_loss":0},{"cards_removed":["Normality"],"damage_healed":0,"gold_gain":0,"player_choice":"Purged","damage_taken":0,"max_hp_gain":0,"max_hp_loss":0,"event_name":"Purifier","floor":22,"gold_loss":0},{"damage_healed":0,"gold_gain":0,"player_choice":"Ignored","damage_taken":0,"max_hp_gain":0,"max_hp_loss":0,"event_name":"Tomb of Lord Red Mask","floor":37,"gold_loss":0},{"damage_healed":0,"gold_gain":0,"player_choice":"Ignored","damage_taken":0,"max_hp_gain":0,"max_hp_loss":0,"event_name":"Mysterious Sphere","floor":41,"gold_loss":0}],"is_beta":false,"boss_relics":[{"not_picked":["Runic Pyramid","ChewingGum","Snecko Eye"]},{"not_picked":["Cursed Key","Pandora\u0027s Box"],"picked":"SlaversCollar"}],"items_purged_floors":[],"is_endless":false,"potions_floor_spawned":[1,3,23,25,31,36,42],"ascension_level":11}}