{"host":"lddajdu6cqgaqcx3","time":1612973381,"event":{"mods":["Act Like it!","BaseMod","Bossed Relics","Colored Map","Downfall","Gensokyo","Marisa£®ÏF”Í°°ƒß¿Ì…≥£©","Minty Spire (QoL Compilation)","Reimu£®≤©¿ˆ¡È√Œ£©","Remilia£®¿Ÿ√◊¿Ú—«£©","Replay The Spire","StSLib"],"gold_per_floor":[110,159,179,190,205,238,238,289,289,314,314,351,385,416,416,533,533,563,581,701,718,70,96,6,6,6,25,56,68,120,173,173,274,274,293,611,611,921,940,1010,1010,1042,1042,1042,455,482,158,168,168,168],"floor_reached":51,"language":"ZHS","playtime":2435,"items_purged":["Defend_RM","Defend_RM"],"score":1495,"play_id":"1d478a26-7f18-4576-bf51-7306c7fadf59","local_time":"20210211000941","is_ascension_mode":true,"campfire_choices":[{"data":"TransientEternity","floor":7.0,"key":"SMITH"},{"data":"BlasphemousPunishment","floor":15.0,"key":"SMITH"},{"data":"BloodyMagicSquare","floor":25,"key":"SMITH"},{"data":"1","floor":32,"key":"LIFT"},{"data":"2","floor":41,"key":"LIFT"},{"data":"3","floor":44,"key":"LIFT"},{"data":"ChaoticDestiny","floor":49,"key":"SMITH"}],"circlet_count":0,"master_deck":["Strike_RM","Strike_RM","Strike_RM","Defend_RM","Defend_RM","RedMoon","ScarletShoot","EternalNight","DiffusionOfMisfortune","BombardNight","TransientEternity+1","FavorOfDestiny","VampireKiss","BlasphemousPunishment+1","ScarletDream","Clumsy","UnstableMagic","BombardNight","DiffusionOfMisfortune","BloodRain","BloodyMagicSquare+1","BombardNight+1","UnderTheZenith+1","ScarletImprint+1","Stigmanizer","Stigmanizer","Midas Touch","Finesse","FavorOfDestiny","NightDance","ScarletDream","VampirishNight+1","EmergencyRegeneration","DemonKingCradle","StarOfDavid+1","ChaoticDestiny+1","VampireKiss+1","MillenniumVampire+1","CommonCold","EternalNight+1","UnderTheZenith+1","DiffusionOfMisfortune+1","ScarletDevil+1","ScarletDevilSign+1","Blind","UnstableMagic+1"],"relics":["ScarletHat","Anchor","Replay:Baseball","Thread and Needle","TungstenRod","Replay:WaspNest","Gensokyo:NagashiBinaDoll","Replay:Towering Pillar of Hats","Honey Jar","Pondfish Scales","Ginger","Membership Card","TypeBBloodRedTea","Gambling Chip","WingedGreaves","Quantum Egg","Girya","Calipers","Lantern","bronze:MakeshiftBattery","Old Coin","Ring of Searing","Ring of Panic","Ancient Tea Set","Mummified Hand","Meat on the Bone","ClockworkSouvenir","HandDrill","TentaclePot:ReiMu","Medical Kit","Mango","Toy Ornithopter","PreservedInsect","Sling"],"acts_visited":["Gensokyo:Gensokyo","Gensokyo:Gensokyoer","Gensokyo:Gensokyoest"],"potions_floor_usage":[23,23,28,40,40,50],"damage_taken":[{"damage":0.0,"enemies":"Gensokyo:Python","floor":1.0,"turns":3.0},{"damage":0.0,"enemies":"Gensokyo:Gryphon","floor":3.0,"turns":2.0},{"damage":0.0,"enemies":"Gensokyo:3_Fairies","floor":4.0,"turns":3.0},{"damage":0.0,"enemies":"Gensokyo:LivingMonolith","floor":5.0,"turns":3.0},{"damage":5.0,"enemies":"Gensokyo:Cirno","floor":6.0,"turns":6.0},{"damage":9.0,"enemies":"Gensokyo:Mamizou","floor":8.0,"turns":5.0},{"damage":9.0,"enemies":"Gensokyo:Aya","floor":10.0,"turns":3.0},{"damage":1.0,"enemies":"Gensokyo:Kitsune","floor":12.0,"turns":3.0},{"damage":5.0,"enemies":"Gensokyo:5_Fairies","floor":13.0,"turns":4.0},{"damage":9.0,"enemies":"Gensokyo:Mamizou","floor":14.0,"turns":4.0},{"damage":9.0,"enemies":"Gensokyo:Yukari","floor":16.0,"turns":8.0},{"damage":9.0,"enemies":"Gensokyo:CosmicMonolith","floor":18.0,"turns":3.0},{"damage":0.0,"enemies":"Gensokyo:2_Gloops","floor":19.0,"turns":3.0},{"damage":48.0,"enemies":"Gensokyo:2_Gloops","floor":20.0,"turns":5.0},{"damage":5.0,"enemies":"Gensokyo:Wraith","floor":21.0,"turns":4.0},{"damage":10,"enemies":"Gensokyo:Tenshi","floor":23,"turns":2},{"damage":10,"enemies":"Gensokyo:3_Gloops","floor":27,"turns":3},{"damage":12,"enemies":"Gensokyo:Reisen","floor":28,"turns":2},{"damage":3,"enemies":"Gensokyo:Monolith_and_Dog","floor":29,"turns":2},{"damage":76,"enemies":"Gensokyo:Tenshi","floor":30,"turns":3},{"damage":4,"enemies":"Gensokyo:Koishi","floor":31,"turns":3},{"damage":52,"enemies":"Gensokyo:Eternal_Rivals","floor":33,"turns":6},{"damage":37,"enemies":"Gensokyo:AncientGuardian","floor":35,"turns":3},{"damage":20,"enemies":"Gensokyo:3_Boulders","floor":36,"turns":4},{"damage":72,"enemies":"Gensokyo:Rafflesia","floor":38,"turns":3},{"damage":82,"enemies":"Gensokyo:SeedOfUnknown","floor":39,"turns":2},{"damage":80,"enemies":"Gensokyo:Doremy","floor":40,"turns":3},{"damage":5,"enemies":"Gensokyo:Marisa","floor":42,"turns":1},{"damage":76,"enemies":"Gensokyo:Kasen","floor":46,"turns":4},{"damage":23,"enemies":"Gensokyo:Dusk_and_Dawn","floor":48,"turns":2},{"damage":29,"enemies":"Gensokyo:Yuyuko","floor":50,"turns":2}],"seed_played":"259513921443478738","potions_obtained":[{"floor":2.0,"key":"Doom Potion"},{"floor":2.0,"key":"DistilledChaos"},{"floor":2.0,"key":"DestinyDice"},{"floor":3.0,"key":"Swift Potion"},{"floor":6.0,"key":"FairyPotion"},{"floor":6.0,"key":"LifebloodPotion"},{"floor":10.0,"key":"bronze:BurnAndBuffPotion"},{"floor":12.0,"key":"champ:CounterPotion"},{"floor":13.0,"key":"Languid Potion"},{"floor":14.0,"key":"Milkshake"},{"floor":18.0,"key":"ZuzhouPotion:ReiMu"},{"floor":19.0,"key":"FearPotion"},{"floor":21.0,"key":"GrandPatriotsElixir:ReiMu"},{"floor":23,"key":"CultistPotion"},{"floor":23,"key":"champ:CounterPotion"},{"floor":27,"key":"Dexterity Potion"},{"floor":28,"key":"SteroidPotion"},{"floor":31,"key":"Strength Potion"},{"floor":33,"key":"AttackPotion"},{"floor":35,"key":"AttackPotion"},{"floor":38,"key":"LiquidBronze"},{"floor":40,"key":"champ:CounterPotion"},{"floor":46,"key":"Guardian:BlockOnCardUsePotion"}],"is_trial":false,"path_per_floor":["M","?","M","M","M","E","R","E","T","E","?","M","M","E","R","B",null,"M","M","?","M","$","E","COS","R","T","M","E","M","E","E","R","B",null,"M","M","?","M","M","E","R","E","T","R","COS","E","$","M","R","B",null],"character_chosen":"REMILIA","items_purchased":["Membership Card","TypeBBloodRedTea","Gambling Chip","Stigmanizer","Midas Touch","Finesse","FavorOfDestiny","Toy Ornithopter","PreservedInsect","Sling","Blind"],"campfire_rested":0,"item_purchase_floors":[22,22,22,22,22,22,22,47,47,47,47],"current_hp_per_floor":[75,57,59,59,59,56,56,51,51,42,42,42,37,30,30,27,75,66,67,23,19,19,19,19,19,19,13,4,7,6,6,6,31,75,38,27,27,24,10,9,9,14,14,14,14,44,44,51,51,51],"gold":168,"neow_bonus":"RANDOM_COMMON_RELIC","is_daily":false,"chose_seed":false,"campfire_upgraded":4,"win_rate":0.0,"timestamp":1612973381,"path_taken":["M","?","M","M","M","E","R","E","T","E","?","M","M","E","R","BOSS","M","?","?","M","$","E","COS","R","T","M","E","M","E","E","R","BOSS","M","M","?","M","M","E","R","E","T","R","COS","E","$","M","R","BOSS"],"items_purchased_type":["Relic","Relic","Relic","Card","Card","Card","Card","Relic","Relic","Relic","Card"],"build_version":"2020-12-22","purchased_purges":2,"victory":true,"max_hp_per_floor":[75,75,75,75,75,75,75,75,75,75,75,75,75,75,75,75,75,75,75,75,75,75,75,75,75,75,75,75,75,75,75,75,75,75,75,75,75,75,75,75,75,75,75,75,75,89,89,89,89,89],"card_choices":[{"not_picked":["MastersStateliness","GlobalNightmare"],"picked":"EternalNight","floor":1.0},{"not_picked":["RedRainbow","Septette"],"picked":"DiffusionOfMisfortune","floor":2.0},{"not_picked":["Stigmanizer","ReincarnationDial"],"picked":"BombardNight","floor":3.0},{"not_picked":["UnderTheZenith","SuperhumanBloodyKnife"],"picked":"TransientEternity","floor":4.0},{"not_picked":["BlasphemousPunishment","MastersStateliness"],"picked":"FavorOfDestiny","floor":5.0},{"not_picked":["StarOfDavid","DiffusionOfMisfortune"],"picked":"VampireKiss","floor":6.0},{"not_picked":["ScarletDevil","LeisurelyOfLord"],"picked":"BlasphemousPunishment","floor":8.0},{"not_picked":["ScarletNetherworld","BadLadyScramble"],"picked":"ScarletDream","floor":10.0},{"not_picked":["BadLadyScramble","MastersStateliness"],"picked":"UnstableMagic","floor":12.0},{"not_picked":["DiffusionOfMisfortune","SuperhumanBloodyKnife"],"picked":"BombardNight","floor":13.0},{"not_picked":["MastersStateliness","VampireSweep"],"picked":"DiffusionOfMisfortune","floor":14.0},{"not_picked":["DemonKingCradle","CeilingFear"],"picked":"BloodRain","floor":16.0},{"not_picked":["BloodAndWine","FavorOfDestiny","MastersStateliness"],"picked":"BloodyMagicSquare","floor":18.0},{"not_picked":["MastersStateliness","CharismaGuard+1","RedRainbow+1"],"picked":"BombardNight+1","floor":19.0},{"not_picked":["VampireKiss","ScarletDevil","ScarletSymphony"],"picked":"UnderTheZenith+1","floor":20.0},{"not_picked":["VampireKiss","UnderTheZenith+1","NightDance"],"picked":"ScarletImprint+1","floor":21.0},{"not_picked":["RedRainbow","UnderTheZenith","FavorOfDestiny+1"],"picked":"NightDance","floor":23},{"not_picked":["ChainGang","TwelveNightmare","TransientEternity"],"picked":"ScarletDream","floor":27},{"not_picked":["FavorOfDestiny","ScarletSymphony","DiffusionOfMisfortune+1"],"picked":"VampirishNight+1","floor":28},{"not_picked":["ScarletGensokyo","FitfulNightmare","UnstableMagic"],"picked":"EmergencyRegeneration","floor":29},{"not_picked":["UltimateOffering","ScarletSymphony","BlasphemousPunishment"],"picked":"DemonKingCradle","floor":30},{"not_picked":["EndlessAdversity","DiffusionOfMisfortune","Ultimatum"],"picked":"StarOfDavid+1","floor":31},{"not_picked":["KillingBlow","HellCatastrophe","ForecastOfChange"],"picked":"ChaoticDestiny","floor":33},{"not_picked":["EndlessAdversity","BlasphemousPunishment+1","BombardNight"],"picked":"VampireKiss+1","floor":35},{"not_picked":["StarOfDavid+1","Stigmanizer+1","ScarletDevil"],"picked":"MillenniumVampire+1","floor":36},{"not_picked":["CharismaGuard+1","ChainGang","RedMagic"],"picked":"EternalNight+1","floor":38},{"not_picked":["ScarletGensokyo","FavorOfDestiny","DiffusionOfMisfortune"],"picked":"UnderTheZenith+1","floor":39},{"not_picked":["ScarletNetherworld","HunterOfTheNight","MastersStateliness+1"],"picked":"DiffusionOfMisfortune+1","floor":40},{"not_picked":["DiffusionOfMisfortune","UnderTheZenith","BloodHunter"],"picked":"ScarletDevil+1","floor":42},{"not_picked":["DiffusionOfMisfortune+1","MastersStateliness+1","ScarletMeister"],"picked":"ScarletDevilSign+1","floor":46},{"not_picked":["DiffusionOfMisfortune","VampireClaw+1","ScarletDream"],"picked":"UnstableMagic+1","floor":48}],"player_experience":24470,"relics_obtained":[{"floor":6.0,"key":"Replay:Baseball"},{"floor":8.0,"key":"Thread and Needle"},{"floor":9.0,"key":"TungstenRod"},{"floor":10.0,"key":"Replay:WaspNest"},{"floor":14.0,"key":"Replay:Towering Pillar of Hats"},{"floor":20.0,"key":"Pondfish Scales"},{"floor":20.0,"key":"Ginger"},{"floor":23,"key":"WingedGreaves"},{"floor":26,"key":"Quantum Egg"},{"floor":28,"key":"Girya"},{"floor":30,"key":"Calipers"},{"floor":31,"key":"Lantern"},{"floor":37,"key":"Ring of Searing"},{"floor":37,"key":"Ring of Panic"},{"floor":40,"key":"Ancient Tea Set"},{"floor":42,"key":"Mummified Hand"},{"floor":43,"key":"Meat on the Bone"},{"floor":46,"key":"Mango"}],"event_choices":[],"is_beta":false,"boss_relics":[{"not_picked":["Ring of Chaos","ChewingGum"],"picked":"Honey Jar"},{"not_picked":["Runic Dome","Coffee Dripper"],"picked":"bronze:MakeshiftBattery"}],"items_purged_floors":[22,47],"is_endless":false,"potions_floor_spawned":[3,6,12,13,18,23,27,28,31,38,40,46],"ascension_level":3}}