{"host":"rzvepkyh9344fbo1","time":1612958926,"event":{"mods":["AchievementEnabler","Act Like it!","BaseMod","Better Third Choice","Colored Map","Colored Powertips","Curses Come First","Downfall","Evolution","Fox Events","Hermit","Highlight Path","Minty Spire (QoL Compilation)","Replay The Spire","Robot Space Explorer","Shade Mod","Shop Mod","StS++","StSLib","The Cursed","The Marked","The Necromancer"],"gold_per_floor":[112,124,141,111,125,125,143,174,244,264,30,61,61,78,78,78,78],"floor_reached":16,"language":"ENG","playtime":1762,"items_purged":["Strike_B"],"score":137,"play_id":"6b2a980c-f101-42d6-bd52-a20af5ce494c","local_time":"20210210230846","is_ascension_mode":true,"campfire_choices":[{"data":"Dualcast","floor":6,"key":"SMITH"},{"floor":13,"key":"REST"},{"floor":15,"key":"REST"}],"circlet_count":0,"master_deck":["Strike_B","Strike_B","Defend_B","Defend_B","Defend_B","Defend_B","Zap","Dualcast+1","Conserve Battery","ReplayTheSpireMod:Fabricate Wheel","BasicCrystalCard","Leap","Static Discharge","Double Energy"],"relics":["Cracked Core","EVO:Axolotl","StSpp:Monolith","Quantum Egg","Du-Vu Doll"],"acts_visited":["Exordium"],"potions_floor_usage":[8,8,16],"damage_taken":[{"damage":1,"enemies":"Small Slimes","floor":1,"turns":3},{"damage":1,"enemies":"Cultist","floor":2,"turns":3},{"damage":0,"enemies":"2 Louse","floor":3,"turns":2},{"damage":10,"enemies":"Large Slime","floor":5,"turns":9},{"damage":1,"enemies":"2 Fungi Beasts","floor":7,"turns":3},{"damage":44,"enemies":"Gremlin Nob","floor":8,"turns":5},{"damage":6,"enemies":"Looter","floor":10,"turns":3},{"damage":8,"enemies":"Replay:BlueRogue","floor":12,"turns":6},{"damage":9,"enemies":"Lots of Slimes","floor":14,"turns":5},{"damage":40,"enemies":"Fading Forest","floor":16,"turns":8}],"seed_played":"4089491085199451123","potions_obtained":[{"floor":2,"key":"Strength Potion"},{"floor":4,"key":"Venom Potion"},{"floor":4,"key":"PotionOfCapacity"},{"floor":10,"key":"Toxic Potion"},{"floor":14,"key":"Elixir"}],"is_trial":false,"path_per_floor":["M","M","M","?","M","R","M","E","T","M","$","E","R","M","R","B"],"character_chosen":"DEFECT","items_purchased":["Static Discharge","Double Energy"],"campfire_rested":2,"item_purchase_floors":[11,11],"current_hp_per_floor":[74,73,73,73,63,63,62,18,18,12,12,4,26,17,39,0,0],"gold":78,"neow_bonus":"REMOVE_CARD","is_daily":false,"chose_seed":false,"campfire_upgraded":1,"win_rate":0.0,"timestamp":1612958926,"path_taken":["M","M","M","?","M","R","M","E","T","M","?","E","R","M","R","BOSS"],"items_purchased_type":["Card","Card"],"build_version":"2020-12-22","purchased_purges":1,"victory":false,"max_hp_per_floor":[75,75,75,75,75,75,75,75,75,75,75,75,75,75,75,75,75],"card_choices":[{"not_picked":["Go for the Eyes","Compile Driver","StSpp:Channeliser"],"picked":"SKIP","floor":1},{"not_picked":["Leap","Barrage","Tempest"],"picked":"SKIP","floor":2},{"not_picked":["Cold Snap","ReplayTheSpireMod:Calculation Training","Gash"],"picked":"SKIP","floor":3},{"not_picked":["Darkness","Go for the Eyes"],"picked":"Conserve Battery","floor":5},{"not_picked":["Tempest","Gash"],"picked":"ReplayTheSpireMod:Fabricate Wheel","floor":7},{"not_picked":["Conserve Battery","Steam"],"picked":"BasicCrystalCard","floor":8},{"not_picked":["Go for the Eyes","Streamline"],"picked":"Leap","floor":10},{"not_picked":["Genetic Algorithm","Compile Driver","Rip and Tear"],"picked":"SKIP","floor":12},{"not_picked":["Panic Button","Coolheaded","Steam Power"],"picked":"SKIP","floor":14}],"player_experience":294559,"relics_obtained":[{"floor":8,"key":"StSpp:Monolith"},{"floor":9,"key":"Quantum Egg"},{"floor":12,"key":"Du-Vu Doll"}],"event_choices":[{"damage_healed":0,"gold_gain":0,"player_choice":"Bought 2 Potions","damage_taken":0,"max_hp_gain":0,"max_hp_loss":0,"event_name":"The Woman in Blue","floor":4,"gold_loss":0}],"is_beta":false,"boss_relics":[],"items_purged_floors":[11],"is_endless":false,"potions_floor_spawned":[2,5,10,14],"killed_by":"Fading Forest","ascension_level":4}}