{"host":"a3gu5zu37ht99mpa","time":1612983971,"event":{"mods":["100% Spire Juice","Act Like it!","Arknights","BaseMod","Better Silent Start","BetterRewards","Conspire","Downfall","Energized Spire","GifTheSpireLib","Gold Saver","Halation","Minty Spire (QoL Compilation)","Prisma Mod","Robot Space Explorer","Shop Mod","StSLib","Stuff the Spire","The Servant 0.9.4","Virulent Crown","Wandering Minibosses","yUi"],"gold_per_floor":[178,178,178,178,196,96,123,123,136,169,184,93,93,128,145,249,249,49,67,83,103,103,116,166,166,176,176,326,369,385,405,421,421,421,421],"floor_reached":33,"language":"ENG","playtime":3793,"items_purged":[],"score":294,"play_id":"27cb3843-7c24-4d92-868c-ab95bf34a3fb","local_time":"20210210140611","is_ascension_mode":false,"campfire_choices":[{"floor":1,"key":"RECALL"},{"data":"hexamod:EtherealExpedition","floor":6,"key":"SMITH"},{"data":"hexamod:EmpoweredFlame","floor":13,"key":"SMITH"},{"data":"hexamod:EmpoweredFlame","floor":18,"key":"SMITH"},{"floor":25,"key":"REST"}],"circlet_count":0,"master_deck":["hexamod:Strike","hexamod:Strike","hexamod:Strike","hexamod:Strike","hexamod:Defend","hexamod:Defend+1","hexamod:Defend","hexamod:Defend","hexamod:Sear","hexamod:Float","hexamod:SwordOfDarkness","hexamod:StepThrough","hexamod:EtherealExpedition+1","hexamod:GhostShield","hexamod:EtherealExpedition+1","hexamod:EmpoweredFlame+1","hexamod:ThirdSeal","hexamod:SoulSteal","hexamod:GhostOfSpireFuture","hexamod:FifthSeal","hexamod:EmpoweredFlame+1","hexamod:DynamicBlow","hexamod:UnleashSpirits","hexamod:SearingWound","hexamod:FirstSeal","hexamod:FastForward","hexamod:GhostShield","hexamod:SpectersWail","hexamod:NightmareStrike+1","hexamod:SecondSeal","hexamod:RainOfEmbers+1","hexamod:ThermalTransfer+1","hexamod:HeatMetal","hexamod:Again","hexamod:FourthSeal","hexamod:SkipABeat+1","hexamod:GhostOfSpirePast","hexamod:ThermalTransfer","hexamod:BacktrackSmack","hexamod:ChargedBarrage+1"],"relics":["hexamod:SpiritBrand","downfall:HeartsMalice","downfall:HeartBlessingRed","StuffTheSpire:GrapeVine","energizedSpire:NeverEndingSparkler","downfall:HeartBlessingBlue","downfall:HeartBlessingGreen","downfall:RedIOU","Lantern"],"acts_visited":["Exordium","TheCity"],"potions_floor_usage":[10,14,14,14,16,16,26,26,26,32,32,32,32,33],"damage_taken":[{"damage":0,"enemies":"Cultist","floor":2,"turns":1},{"damage":0,"enemies":"Small Slimes","floor":3,"turns":1},{"damage":0,"enemies":"Jaw Worm","floor":4,"turns":1},{"damage":1,"enemies":"2 Fungi Beasts","floor":5,"turns":3},{"damage":7,"enemies":"Gremlin Gang","floor":9,"turns":4},{"damage":15,"enemies":"Lagavulin","floor":10,"turns":6},{"damage":0,"enemies":"2 Fungi Beasts","floor":11,"turns":4},{"damage":0,"enemies":"downfall:FleeingMerchant","floor":12,"turns":4},{"damage":30,"enemies":"conspire:MimicChest","floor":14,"turns":5},{"damage":3,"enemies":"Blue Slaver","floor":15,"turns":3},{"damage":10,"enemies":"IC_STATUS_ARCHETYPE","floor":16,"turns":5},{"damage":5,"enemies":"Chosen","floor":19,"turns":6},{"damage":16,"enemies":"3 Byrds","floor":20,"turns":4},{"damage":26,"enemies":"Shelled Parasite and Fungi","floor":21,"turns":4},{"damage":16,"enemies":"Snake Plant","floor":23,"turns":3},{"damage":3,"enemies":"3 Cultists","floor":26,"turns":4},{"damage":14,"enemies":"conspire:Head Lice","floor":29,"turns":4},{"damage":0,"enemies":"Chosen and Byrds","floor":30,"turns":6},{"damage":31,"enemies":"Centurion and Healer","floor":31,"turns":7},{"damage":17,"enemies":"Snecko","floor":32,"turns":4},{"damage":24,"enemies":"DF_ARCHETYPE_CLAW","floor":33,"turns":5}],"seed_played":"2434309439572352087","potions_obtained":[{"floor":5,"key":"Block Potion"},{"floor":8,"key":"DuplicationPotion"},{"floor":8,"key":"ColorlessPotion"},{"floor":10,"key":"hexamod:EctoCoolerPotion"},{"floor":14,"key":"SpeedPotion"},{"floor":15,"key":"SkillPotion"},{"floor":16,"key":"Strength Potion"},{"floor":21,"key":"GamblersBrew"},{"floor":23,"key":"Strength Potion"},{"floor":30,"key":"SpeedPotion"},{"floor":31,"key":"EntropicBrew"},{"floor":31,"key":"Swift Potion"}],"is_trial":false,"path_per_floor":["R","M","M","M","M","R","T","?","M","E","M","$","R","?","M","B",null,"R","M","M","M","?","M","T","R","M","?","?","E","M","M","M","B"],"character_chosen":"THE_SPIRIT","items_purchased":["hexamod:GhostOfSpireFuture"],"campfire_rested":1,"item_purchase_floors":[12],"current_hp_per_floor":[70,70,70,70,69,69,69,69,62,47,47,47,47,17,14,4,70,80,75,59,40,40,24,24,48,52,52,52,45,52,28,18,0,0,0],"gold":421,"neow_bonus":"THREE_ENEMY_KILL","is_daily":false,"chose_seed":false,"campfire_upgraded":3,"win_rate":0.0,"timestamp":1612983971,"path_taken":["R","M","?","M","M","R","T","?","M","E","?","$","R","?","M","BOSS","R","M","M","M","?","M","T","R","M","?","?","E","?","M","M","BOSS"],"items_purchased_type":["Card"],"build_version":"2020-12-22","purchased_purges":0,"victory":false,"max_hp_per_floor":[70,70,70,70,70,70,70,70,70,70,70,70,70,70,70,70,70,80,80,80,80,80,80,80,80,80,80,80,80,80,80,80,80,80,80],"card_choices":[{"not_picked":["hexamod:SpectralAdrenaline","hexamod:ShieldOfDarkness"],"picked":"hexamod:SwordOfDarkness","floor":2},{"not_picked":["hexamod:SpectersWail","hexamod:ChargedBarrage"],"picked":"hexamod:StepThrough","floor":3},{"not_picked":["hexamod:Firestarter","hexamod:FastForward"],"picked":"hexamod:EtherealExpedition","floor":4},{"not_picked":["hexamod:NightmareGuise","hexamod:GhostflameBarrier"],"picked":"hexamod:GhostShield","floor":5},{"not_picked":["hexamod:SecondSeal","hexamod:GhostOfSpirePast"],"picked":"hexamod:EtherealExpedition","floor":9},{"not_picked":["hexamod:BurningTouch","hexamod:Rewind"],"picked":"hexamod:EmpoweredFlame","floor":10},{"not_picked":["hexamod:GhostOfSpireFuture","hexamod:SpectersWail"],"picked":"hexamod:ThirdSeal","floor":11},{"not_picked":["hexamod:GhostflameBarrier","hexamod:GhostOfSpirePast"],"picked":"hexamod:SoulSteal","floor":12},{"not_picked":["hexamod:Hexaguard","hexamod:BacktrackSmack"],"picked":"hexamod:FifthSeal","floor":14},{"not_picked":["hexamod:InspiringFlames","hexamod:SkipABeat"],"picked":"hexamod:EmpoweredFlame","floor":14},{"not_picked":["hexamod:BacktrackSmack","hexamod:Haunt"],"picked":"hexamod:DynamicBlow","floor":15},{"not_picked":["hexamod:FifthSeal","hexamod:UnlimitedPower"],"picked":"hexamod:UnleashSpirits","floor":16},{"not_picked":["hexamod:TurnItUp","hexamod:GhostOfSpirePresent"],"picked":"hexamod:SearingWound","floor":16},{"not_picked":["hexamod:SecondSeal","hexamod:ThirdSeal"],"picked":"hexamod:FirstSeal","floor":19},{"not_picked":["hexamod:ShieldOfDarkness","hexamod:BacktrackSmack"],"picked":"hexamod:FastForward","floor":19},{"not_picked":["hexamod:BurningTouch","hexamod:NightmareGuise"],"picked":"hexamod:GhostShield","floor":19},{"not_picked":["hexamod:BurningTouch","hexamod:DynamicBlow"],"picked":"hexamod:SpectersWail","floor":20},{"not_picked":["hexamod:ThermalTransfer","hexamod:BacktrackSmack+1"],"picked":"hexamod:NightmareStrike+1","floor":20},{"not_picked":["hexamod:FirstSeal","hexamod:ThirdSeal"],"picked":"hexamod:SecondSeal","floor":21},{"not_picked":["hexamod:Firestarter","hexamod:Hexaguard+1"],"picked":"hexamod:RainOfEmbers+1","floor":21},{"not_picked":["hexamod:Incineration","hexamod:ForkedFlame"],"picked":"hexamod:ThermalTransfer+1","floor":23},{"not_picked":["hexamod:NightmareGuise","hexamod:SoulSteal"],"picked":"hexamod:HeatMetal","floor":26},{"not_picked":["hexamod:GhostShield","hexamod:NightmareGuise+1"],"picked":"hexamod:Again","floor":29},{"not_picked":["hexamod:ThirdSeal","hexamod:SecondSeal"],"picked":"hexamod:FourthSeal","floor":30},{"not_picked":["hexamod:PhantomCloak","hexamod:SwordOfDarkness+1"],"picked":"hexamod:SkipABeat+1","floor":30},{"not_picked":["hexamod:GhostOfSpireFuture","hexamod:PhantomFireball"],"picked":"hexamod:GhostOfSpirePast","floor":30},{"not_picked":["hexamod:FourthSeal","hexamod:Firestarter"],"picked":"hexamod:ThermalTransfer","floor":31},{"not_picked":["hexamod:BurningTouch","hexamod:ThirdSeal"],"picked":"hexamod:BacktrackSmack","floor":31},{"not_picked":["hexamod:GhostflameBarrier","hexamod:BacktrackSmack"],"picked":"hexamod:ChargedBarrage+1","floor":32}],"player_experience":16227,"relics_obtained":[{"floor":10,"key":"StuffTheSpire:Tea"},{"floor":14,"key":"StuffTheSpire:GrapeVine"},{"floor":24,"key":"War Paint"},{"floor":29,"key":"Lantern"}],"event_choices":[{"damage_healed":0,"gold_gain":0,"player_choice":"Got Potions","damage_taken":0,"max_hp_gain":0,"max_hp_loss":0,"event_name":"Lab","floor":8,"gold_loss":0}],"is_beta":false,"boss_relics":[{"not_picked":["Cursed Key","halation:PinkAlligatorPlush"],"picked":"energizedSpire:NeverEndingSparkler"}],"items_purged_floors":[],"is_endless":false,"potions_floor_spawned":[5,10,14,15,16,21,23,30,31],"killed_by":"DF_ARCHETYPE_CLAW","ascension_level":0}}