{"host":"5uuadjc5gi6cs0xs","time":1612970015,"event":{"mods":["2.2 Compatiblity","Abigail Mod","AchievementEnabler","Act Like it!","BaseMod","BetterRewards","Chen","FTL Soundtrack","Friendly Minions","Hero for Fun","KinomotoSakuraMod(????)","Kiyohime????","Koishi","Marisa????????","Minty Spire (QoL Compilation)","Onozuka Komachi Mod","Permanent Neow","Prisma Mod","Quick Restart","Railgun Mod","Rare Cards Sparkle","Relic Stats","Remilia??????","StSLib","The Administrix","The Animator","The Exalted","The Gatherer","TheSwordswoman","Waifu the Spire","WarShipGirlsR/????R mod","Yohane!","Yuri Mod","Yuyuko"],"gold_per_floor":[218,229,243,253,106,106,106],"floor_reached":6,"language":"DEU","playtime":381,"items_purged":[],"score":44,"play_id":"aa4843de-111a-4384-896e-df332cbfe659","local_time":"20210210161335","is_ascension_mode":true,"campfire_choices":[],"circlet_count":0,"master_deck":["Strike_G","Strike_G","Strike_G","Strike_G","Strike_G","Defend_G","Defend_G","Defend_G","Defend_G","Defend_G","Survivor","Neutralize","Skewer","Dagger Spray","Dagger Throw","Crippling Poison"],"relics":["Ring of the Snake","Anchor"],"acts_visited":["Exordium"],"potions_floor_usage":[],"damage_taken":[{"damage":3,"enemies":"Cultist","floor":1,"turns":4},{"damage":4,"enemies":"2 Louse","floor":2,"turns":3},{"damage":0,"enemies":"Small Slimes","floor":3,"turns":2},{"damage":9,"enemies":"Looter","floor":4,"turns":3},{"damage":58,"enemies":"Gremlin Nob","floor":6,"turns":5}],"seed_played":"-7476136257873407514","potions_obtained":[{"floor":3,"key":"Weak Potion"}],"is_trial":false,"path_per_floor":["M","M","M","M","$","E"],"character_chosen":"THE_SILENT","items_purchased":["Anchor"],"campfire_rested":0,"item_purchase_floors":[5],"current_hp_per_floor":[67,63,63,54,54,0,0],"gold":106,"neow_bonus":"HUNDRED_GOLD","is_daily":false,"chose_seed":false,"campfire_upgraded":0,"win_rate":0.0,"timestamp":1612970015,"path_taken":["M","M","M","?","$","E"],"items_purchased_type":["Relic"],"build_version":"2020-12-22","purchased_purges":0,"victory":false,"max_hp_per_floor":[70,70,70,70,70,70,70],"relic_stats":{"counters":[5,17],"obtain_stats":[{"Anchor":5,"Ring of the Snake":0},{"Anchor":4,"Ring of the Snake":0},{"Anchor":12,"Ring of the Snake":0}],"Ring of the Snake":[10]},"card_choices":[{"not_picked":["PiercingWail","Calculated Gamble"],"picked":"Skewer","floor":1},{"not_picked":["Outmaneuver","Dagger Throw"],"picked":"Dagger Spray","floor":2},{"not_picked":["Dodge and Roll","PiercingWail"],"picked":"Dagger Throw","floor":3},{"not_picked":["Masterful Stab","Slice"],"picked":"Crippling Poison","floor":4}],"player_experience":402203,"relics_obtained":[],"event_choices":[],"is_beta":false,"boss_relics":[],"items_purged_floors":[],"is_endless":false,"potions_floor_spawned":[3],"killed_by":"Gremlin Nob","ascension_level":3}}