{"host":"si2ec0wbmfkjihef","time":1612992414,"event":{"mods":["AchievementEnabler","Act Like it!","BaseMod","BetterRewards","Colored Map","Colored Powertips","Energized Spire","Evolution","Gold Saver","Highlight Path","Infinite Spire","Minty Spire (QoL Compilation)","Quick Restart","Reworked Bosses","StSLib","The Jungle"],"gold_per_floor":[118,138,158,108,108,143,143,68,92,92,92,92,92,125,125,223,223,235,235,62,79,94,94,94],"floor_reached":23,"language":"DEU","playtime":1266,"items_purged":["Defend_B"],"score":258,"play_id":"ee952b54-22dc-46c9-b55e-eb887d1bde05","local_time":"20210210222654","is_ascension_mode":true,"campfire_choices":[{"floor":7,"key":"REST"},{"data":"Loop","floor":11,"key":"SMITH"},{"data":"Cold Snap","floor":13,"key":"SMITH"},{"data":"Cold Snap","floor":15,"key":"SMITH"}],"circlet_count":0,"master_deck":["Cold Snap+1","Cold Snap+1","Cold Snap","Cold Snap","Leap","Leap","Leap","Zap","Loop+1","Storm","Echo Form","Writhe","Mayhem"],"relics":["Cracked Core","EVO:Axolotl","Regal Pillow","Dream Catcher","Bronze Scales","HornCleat","Tiny Chest"],"acts_visited":["Exordium","TheCity"],"potions_floor_usage":[],"damage_taken":[{"damage":0,"enemies":"Cultist","floor":1,"turns":3},{"damage":10,"enemies":"2 Louse","floor":2,"turns":3},{"damage":2,"enemies":"Jaw Worm","floor":3,"turns":3},{"damage":9,"enemies":"3 Sentries","floor":6,"turns":10},{"damage":0,"enemies":"Lagavulin","floor":14,"turns":8},{"damage":4,"enemies":"The Guardian","floor":16,"turns":12},{"damage":0,"enemies":"Chosen","floor":18,"turns":6},{"damage":18,"enemies":"Spheric Guardian","floor":21,"turns":5},{"damage":18,"enemies":"Centurion and Healer","floor":22,"turns":13},{"damage":52,"enemies":"Gremlin Leader","floor":23,"turns":8}],"seed_played":"-8564615423691096198","potions_obtained":[{"floor":3,"key":"AttackPotion"}],"is_trial":false,"path_per_floor":["M","M","M","?","?","E","R","$","T","?","R","$","R","E","R","B",null,"M","?","$","M","M","E"],"character_chosen":"DEFECT","items_purchased":["Mayhem"],"campfire_rested":1,"item_purchase_floors":[20],"current_hp_per_floor":[82,72,70,70,67,58,82,82,82,87,87,87,87,87,87,83,87,87,87,87,69,51,0,0],"gold":94,"neow_bonus":"TEN_PERCENT_HP_BONUS","is_daily":false,"chose_seed":false,"campfire_upgraded":3,"win_rate":0.0,"timestamp":1612992414,"path_taken":["M","?","M","?","?","E","R","$","T","?","R","?","R","E","R","BOSS","M","?","$","M","M","E"],"items_purchased_type":["Card"],"build_version":"2020-12-22","purchased_purges":1,"victory":false,"max_hp_per_floor":[82,82,82,82,82,82,82,82,82,87,87,87,87,87,87,87,87,87,87,87,87,87,87,87],"card_choices":[{"not_picked":["Reinforced Body","Beam Cell"],"picked":"Loop","floor":1},{"not_picked":["Ball Lightning","Go for the Eyes"],"picked":"Storm","floor":2},{"not_picked":["Redo","Coolheaded","Force Field"],"picked":"SKIP","floor":3},{"not_picked":["Beam Cell","Steam Power","Loop"],"picked":"SKIP","floor":6},{"not_picked":["Chill","Leap","Steam"],"picked":"SKIP","floor":14},{"not_picked":["Seek","Meteor Strike"],"picked":"Echo Form","floor":16},{"not_picked":["Redo","Streamline","Reinforced Body"],"picked":"SKIP","floor":18},{"not_picked":["Stack+1","Redo","Barrage"],"picked":"SKIP","floor":21},{"not_picked":["Steam Power","Steam","Barrage+1"],"picked":"SKIP","floor":22}],"player_experience":105419,"relics_obtained":[{"floor":6,"key":"Dream Catcher"},{"floor":9,"key":"Bronze Scales"},{"floor":14,"key":"HornCleat"}],"event_choices":[{"cards_removed":["Dualcast"],"damage_healed":0,"gold_gain":0,"player_choice":"Card Removal","damage_taken":0,"max_hp_gain":0,"max_hp_loss":0,"event_name":"The Cleric","floor":4,"gold_loss":50},{"damage_healed":0,"gold_gain":0,"player_choice":"Success","damage_taken":3,"relics_obtained":["Regal Pillow"],"max_hp_gain":0,"max_hp_loss":0,"event_name":"Scrap Ooze","floor":5,"gold_loss":0},{"damage_healed":0,"gold_gain":0,"player_choice":"Donut","damage_taken":0,"max_hp_gain":5,"max_hp_loss":0,"event_name":"Big Fish","floor":10,"gold_loss":0},{"damage_healed":0,"gold_gain":0,"player_choice":"Opened","damage_taken":0,"relics_obtained":["Tiny Chest"],"max_hp_gain":0,"max_hp_loss":0,"event_name":"The Mausoleum","floor":19,"gold_loss":0,"cards_obtained":["Writhe"]}],"is_beta":false,"boss_relics":[{"not_picked":["Coffee Dripper","Empty Cage","energizedSpire:CursedPentagram"]}],"items_purged_floors":[8],"is_endless":false,"potions_floor_spawned":[2,3,14,16],"killed_by":"Gremlin Leader","ascension_level":1}}