{"host":"0mk07bycsqo1qk03","time":1612982192,"event":{"mods":["BaseMod","Downfall","Hermit","Hubris","Minty Spire (QoL Compilation)","Reliquary","Replay The Spire","StSLib","The Cursed"],"gold_per_floor":[111,130,130,130,130,130,130,130,150,150,150,150,179,227,244,278,290,404,416,442,454,466,498,529,581,623,635,647,700,712,763,775,787,799,922,934,971,983,1025,1061,25,69,69,69,69,91,91,91,128,156,156,156],"floor_reached":53,"language":"ENG","playtime":2138,"items_purged":["Writhe"],"score":1062,"play_id":"2a27bc73-785e-463f-95f3-69591433e088","local_time":"20210210193632","is_ascension_mode":true,"campfire_choices":[{"data":"TheCursedMod:CleanUpWorkshop","floor":8,"key":"SMITH"},{"data":"TheCursedMod:CursedWand","floor":10,"key":"SMITH"},{"data":"TheCursedMod:CursedBlade","floor":12,"key":"SMITH"},{"data":"TheCursedMod:Grudge","floor":17,"key":"SMITH"},{"data":"TheCursedMod:VoidForm","floor":27,"key":"SMITH"},{"data":"TheCursedMod:CollectTribute","floor":30,"key":"SMITH"},{"data":"TheCursedMod:SpitefulPlan","floor":32,"key":"SMITH"},{"data":"TheCursedMod:LuckyCharm","floor":34,"key":"SMITH"},{"data":"TheCursedMod:SurpriseAttack","floor":43,"key":"SMITH"},{"data":"TheCursedMod:DarkBarrier","floor":48,"key":"SMITH"},{"data":"TheCursedMod:Obscuration","floor":51,"key":"SMITH"}],"circlet_count":0,"master_deck":["TheCursedMod:Strike_TheCursed","TheCursedMod:Strike_TheCursed","TheCursedMod:Strike_TheCursed","TheCursedMod:Strike_TheCursed","TheCursedMod:Defend_TheCursed","TheCursedMod:Defend_TheCursed","TheCursedMod:Defend_TheCursed","TheCursedMod:Defend_TheCursed","TheCursedMod:CursedWand+1","TheCursedMod:CleanUpWorkshop+1","TheCursedMod:Dregs","TheCursedMod:DarkBarrier+1","TheCursedMod:CursedBlade+1","TheCursedMod:CursedStaff+1","TheCursedMod:Grudge+1","TheCursedMod:CollectTribute+1","TheCursedMod:SurpriseAttack","TheCursedMod:LuckyCharm+1","TheCursedMod:VoidForm+1","TheCursedMod:RavingStaff","hubris:Greed","TheCursedMod:Obscuration+1","TheCursedMod:SurpriseAttack+1","hubris:Greed","TheCursedMod:CircleOfBlood+1","TheCursedMod:CursedBoomerang+1","TheCursedMod:SpitefulPlan+1","TheCursedMod:FleshFromBone+1","TheCursedMod:SurpriseAttack+1","TheCursedMod:SurpriseAttack+1","TheCursedMod:DarkBarrier+1","TheCursedMod:RapidMovement","TheCursedMod:Grudge+1","TheCursedMod:FleshFromBone+1","TheCursedMod:LuckyCharm+1","hubris:Greed"],"relics":["TheCursedMod:BlackMagic101","Shuriken","hubris:TenFootPole","reliquary:SharkskinSheath","MawBank","hubris:Backtick","TheCursedMod:CrystalBall","NlothsMask","Torii","Gambling Chip","hubris:BottledRain","SlaversCollar","Durian","hubris:CuriousFeather","hubris:HerbalPaste","Eternal Feather","Frozen Egg 2","hubris:Icosahedron","reliquary:BoilingFlask"],"acts_visited":["Exordium","TheCity","TheBeyond"],"potions_floor_usage":[20,23,23,29,46,52],"damage_taken":[{"damage":2,"enemies":"Cultist","floor":1,"turns":5},{"damage":0,"enemies":"Small Slimes","floor":2,"turns":3},{"damage":5,"enemies":"2 Louse","floor":9,"turns":2},{"damage":16,"enemies":"Lagavulin","floor":13,"turns":5},{"damage":1,"enemies":"Looter","floor":15,"turns":3},{"damage":8,"enemies":"Gremlin Nob","floor":16,"turns":3},{"damage":11,"enemies":"The Guardian","floor":18,"turns":11},{"damage":1,"enemies":"Chosen","floor":20,"turns":4},{"damage":16,"enemies":"3 Byrds","floor":23,"turns":4},{"damage":24,"enemies":"Centurion and Healer","floor":24,"turns":6},{"damage":1,"enemies":"Gremlin Leader","floor":25,"turns":6},{"damage":2,"enemies":"Sentry and Sphere","floor":26,"turns":4},{"damage":5,"enemies":"Book of Stabbing","floor":29,"turns":6},{"damage":0,"enemies":"Gremlin Leader","floor":31,"turns":4},{"damage":28,"enemies":"Collector","floor":35,"turns":6},{"damage":17,"enemies":"Orb Walker","floor":37,"turns":3},{"damage":18,"enemies":"3 Shapes","floor":39,"turns":4},{"damage":18,"enemies":"Transient","floor":40,"turns":5},{"damage":0,"enemies":"Giant Head","floor":42,"turns":5},{"damage":40,"enemies":"3 Darklings","floor":46,"turns":4},{"damage":21,"enemies":"Nemesis","floor":49,"turns":5},{"damage":1,"enemies":"Jaw Worm Horde","floor":50,"turns":4},{"damage":59,"enemies":"Donu and Deca","floor":52,"turns":6}],"seed_played":"5283705103811617012","potions_obtained":[{"floor":2,"key":"Explosive Potion"},{"floor":13,"key":"Languid Potion"},{"floor":18,"key":"DistilledChaos"},{"floor":20,"key":"Swift Potion"},{"floor":29,"key":"Dexterity Potion"},{"floor":31,"key":"DuplicationPotion"},{"floor":39,"key":"SpeedPotion"},{"floor":46,"key":"FearPotion"}],"is_trial":false,"path_per_floor":["M","M","$","?","PTL","PTL","?","R","M","R","T","R","E","T","M","E","R","B",null,"M","?","$","M","M","E","M","R","T","E","R","E","R","?","R","B",null,"M","?","M","M","$","E","R","$","T","M","?","R","E","M","R","B",null],"character_chosen":"THE_CURSED","items_purchased":["TheCursedMod:SurpriseAttack","Durian","hubris:CuriousFeather","hubris:HerbalPaste","TheCursedMod:DarkBarrier"],"campfire_rested":0,"item_purchase_floors":[41,41,41,41,41],"current_hp_per_floor":[73,73,73,73,73,73,73,73,68,68,68,68,52,52,51,43,43,32,75,74,74,74,58,34,33,47,47,47,46,46,66,66,66,66,47,75,58,75,61,47,52,62,80,80,80,51,51,69,58,63,80,28],"gold":156,"neow_bonus":"ONE_RANDOM_RARE_CARD","is_daily":false,"chose_seed":false,"campfire_upgraded":11,"win_rate":0.0,"timestamp":1612982192,"path_taken":["M","?","?","?","PTL","PTL","?","R","M","R","T","R","E","?","M","E","R","BOSS","M","?","$","?","M","E","M","R","T","E","R","E","R","?","R","BOSS","M","?","M","M","$","E","R","$","T","M","?","R","E","M","R","BOSS"],"items_purchased_type":["Card","Relic","Relic","Relic","Card"],"build_version":"2020-12-22","purchased_purges":1,"victory":true,"max_hp_per_floor":[75,75,75,75,75,75,75,75,75,75,75,75,75,75,75,75,75,75,75,75,75,75,75,75,75,75,75,75,75,75,75,75,75,75,75,75,75,75,75,75,80,80,80,80,80,80,80,80,80,80,80,80],"card_choices":[{"not_picked":["TheCursedMod:RapidMovement","TheCursedMod:CursedShiv"],"picked":"TheCursedMod:CursedBlade","floor":1},{"not_picked":["TheCursedMod:Torture","TheCursedMod:Stigma"],"picked":"TheCursedMod:CursedStaff","floor":2},{"not_picked":["TheCursedMod:LuckyCharm","TheCursedMod:HellsGateOpen"],"picked":"TheCursedMod:Grudge","floor":9},{"not_picked":["TheCursedMod:SurpriseAttack","TheCursedMod:CircleOfCorruption"],"picked":"TheCursedMod:CollectTribute","floor":13},{"not_picked":["TheCursedMod:SpitefulPray","TheCursedMod:TroublousMinions"],"picked":"TheCursedMod:SurpriseAttack","floor":15},{"not_picked":["TheCursedMod:TroublousMinions","TheCursedMod:CursedBoomerang"],"picked":"TheCursedMod:LuckyCharm","floor":16},{"not_picked":["TheCursedMod:UltimatePain","TheCursedMod:Neurasthenia"],"picked":"TheCursedMod:VoidForm","floor":18},{"not_picked":["TheCursedMod:CircleOfFlame+1","TheCursedMod:RavingStaff","TheCursedMod:VitalStrike+1"],"picked":"SKIP","floor":20},{"not_picked":["TheCursedMod:CircleOfFlame+1","TheCursedMod:VitalStrike+1"],"picked":"TheCursedMod:RavingStaff","floor":20},{"not_picked":["TheCursedMod:TroublousMinions","TheCursedMod:CircleOfCorruption"],"picked":"TheCursedMod:Obscuration","floor":23},{"not_picked":["TheCursedMod:CursedBoomerang","TheCursedMod:AbyssShockwave+1"],"picked":"TheCursedMod:SurpriseAttack+1","floor":24},{"not_picked":["TheCursedMod:CursedShiv","TheCursedMod:RavingStaff"],"picked":"TheCursedMod:CircleOfBlood+1","floor":25},{"not_picked":["TheCursedMod:CircleOfAmplification","TheCursedMod:DemonicPact","TheCursedMod:AshesToAshes"],"picked":"SKIP","floor":26},{"not_picked":["TheCursedMod:RavingStaff","TheCursedMod:CircleOfAbyss"],"picked":"TheCursedMod:CursedBoomerang+1","floor":29},{"not_picked":["TheCursedMod:CursedAmulet","TheCursedMod:CircleOfAmplification+1"],"picked":"TheCursedMod:SpitefulPlan","floor":31},{"not_picked":["TheCursedMod:Stretching","TheCursedMod:HellfireBreathing+1"],"picked":"TheCursedMod:FleshFromBone+1","floor":37},{"not_picked":["TheCursedMod:SoulReap+1","TheCursedMod:CursedMace"],"picked":"TheCursedMod:SurpriseAttack+1","floor":39},{"not_picked":["TheCursedMod:CircleOfWindfury+1","TheCursedMod:CursedBlade+1","TheCursedMod:CircleOfCorruption+1"],"picked":"SKIP","floor":40},{"not_picked":["TheCursedMod:CursedAmulet+1","TheCursedMod:CursedSpellbook+1"],"picked":"TheCursedMod:RapidMovement","floor":42},{"not_picked":["TheCursedMod:VitalStrike","TheCursedMod:HellsGateOpen+1"],"picked":"TheCursedMod:Grudge+1","floor":46},{"not_picked":["TheCursedMod:VitalStrike","TheCursedMod:DemonicPact+1"],"picked":"TheCursedMod:FleshFromBone+1","floor":49},{"not_picked":["TheCursedMod:Stigma+1","TheCursedMod:SmokeScreen"],"picked":"TheCursedMod:LuckyCharm+1","floor":50}],"player_experience":1040505,"relics_obtained":[{"floor":11,"key":"Shuriken"},{"floor":13,"key":"hubris:TenFootPole"},{"floor":14,"key":"reliquary:SharkskinSheath"},{"floor":16,"key":"MawBank"},{"floor":25,"key":"Torii"},{"floor":29,"key":"Gambling Chip"},{"floor":31,"key":"hubris:BottledRain"},{"floor":42,"key":"Eternal Feather"},{"floor":45,"key":"Frozen Egg 2"},{"floor":49,"key":"reliquary:BoilingFlask"}],"event_choices":[{"damage_healed":0,"gold_gain":0,"player_choice":"Grow","damage_taken":0,"max_hp_gain":0,"max_hp_loss":0,"event_name":"Living Wall","floor":4,"gold_loss":0,"cards_upgraded":["TheCursedMod:DarkBarrier"]},{"damage_healed":0,"gold_gain":0,"player_choice":"Trade","damage_taken":0,"relics_obtained":["NlothsMask"],"max_hp_gain":0,"max_hp_loss":0,"event_name":"FaceTrader","floor":21,"gold_loss":0},{"damage_healed":19,"gold_gain":0,"player_choice":"Writhe","damage_taken":0,"max_hp_gain":0,"max_hp_loss":0,"event_name":"Winding Halls","floor":38,"gold_loss":0,"cards_obtained":["Writhe"]}],"is_beta":false,"boss_relics":[{"not_picked":["Replay:Grab Bag","hubris:GrandSneckoEye"],"picked":"hubris:Backtick"},{"not_picked":["hubris:VirtuousBlindfold","Runic Dome"],"picked":"SlaversCollar"}],"items_purged_floors":[41],"is_endless":false,"potions_floor_spawned":[2,13,18,20,29,31,39,40,46],"ascension_level":4}}