{"host":"amyouew1jj5rel7b","time":1612984795,"event":{"mods":["AchievementEnabler","BaseMod","Better Altar","Better Match","Better Note","Better Skull","Better Third Choice","CapriCore","Curses Come First","Minty Spire (QoL Compilation)","Permanent Neow","Quick Restart","Spicy Shops","StSLib","SuperFastMode"],"gold_per_floor":[117,192,267,38,57,67,85,85,111,143,160,179,179,198,198,295,295,309,289,289,489,237,217,217,217,217,142,161,179,210,220,220,318,318,332,344,72,122,122,122,138,138,162,197,197,223,241,98,98,98],"floor_reached":51,"language":"KOR","playtime":1912,"items_purged":["Strike_B","Defend_B","Defend_B"],"score":827,"play_id":"bf2bf692-0e0e-4525-b6f4-808bea9c8b44","local_time":"20210211041955","is_ascension_mode":false,"campfire_choices":[{"data":"Zap","floor":8,"key":"SMITH"},{"floor":13,"key":"REST"},{"data":"Redo","floor":15,"key":"SMITH"},{"data":"Dualcast","floor":24,"key":"SMITH"},{"data":"Loop","floor":32,"key":"SMITH"},{"data":"Storm","floor":40,"key":"SMITH"},{"data":"Defragment","floor":42,"key":"SMITH"},{"floor":45,"key":"REST"},{"data":"Echo Form","floor":49,"key":"SMITH"}],"circlet_count":0,"master_deck":["Strike_B","Defend_B","Zap+1","Dualcast+1","Consume","Reboot","Gash","Conserve Battery","Rainbow","Redo+1","Glacier","Loop+1","Core Surge","Coolheaded","Biased Cognition","Storm+1","White Noise","Echo Form+1","Chill","Defragment+1","Defragment","Ball Lightning+1","Self Repair+1","Static Discharge+1","White Noise+1"],"relics":["Cracked Core","Runic Capacitor","Pen Nib","Dream Catcher","Nuclear Battery","TheAbacus","HornCleat","Runic Pyramid","DollysMirror","StoneCalendar","Centennial Puzzle","Anchor","Boot","Happy Flower"],"acts_visited":["Exordium","TheCity","TheBeyond"],"potions_floor_usage":[10,14,30,33,44,50,50],"damage_taken":[{"damage":0,"enemies":"Small Slimes","floor":1,"turns":3},{"damage":0,"enemies":"2 Louse","floor":5,"turns":2},{"damage":0,"enemies":"Cultist","floor":6,"turns":3},{"damage":9,"enemies":"2 Fungi Beasts","floor":7,"turns":3},{"damage":21,"enemies":"Lagavulin","floor":10,"turns":5},{"damage":17,"enemies":"3 Louse","floor":11,"turns":3},{"damage":0,"enemies":"Large Slime","floor":12,"turns":5},{"damage":0,"enemies":"Looter","floor":14,"turns":4},{"damage":12,"enemies":"Slime Boss","floor":16,"turns":12},{"damage":5,"enemies":"Chosen","floor":18,"turns":4},{"damage":20,"enemies":"2 Thieves","floor":23,"turns":4},{"damage":0,"enemies":"Snecko","floor":28,"turns":4},{"damage":14,"enemies":"Chosen and Byrds","floor":29,"turns":10},{"damage":6,"enemies":"Gremlin Leader","floor":30,"turns":5},{"damage":0,"enemies":"3 Cultists","floor":31,"turns":7},{"damage":0,"enemies":"Automaton","floor":33,"turns":10},{"damage":12,"enemies":"3 Darklings","floor":35,"turns":3},{"damage":16,"enemies":"3 Shapes","floor":36,"turns":4},{"damage":0,"enemies":"Mind Bloom Boss Battle","floor":38,"turns":7},{"damage":9,"enemies":"Sphere and 2 Shapes","floor":41,"turns":4},{"damage":18,"enemies":"Reptomancer","floor":44,"turns":4},{"damage":0,"enemies":"Giant Head","floor":46,"turns":6},{"damage":0,"enemies":"Maw","floor":47,"turns":4},{"damage":8,"enemies":"Donu and Deca","floor":50,"turns":6}],"seed_played":"-6454765996426686546","potions_obtained":[{"floor":1,"key":"PowerPotion"},{"floor":7,"key":"LiquidMemories"},{"floor":11,"key":"ColorlessPotion"},{"floor":14,"key":"Fruit Juice"},{"floor":19,"key":"FocusPotion"},{"floor":30,"key":"PotionOfCapacity"},{"floor":36,"key":"AttackPotion"},{"floor":46,"key":"DistilledChaos"}],"is_trial":false,"path_per_floor":["M","?","?","$","M","M","M","R","T","E","M","M","R","M","R","B",null,"M","?","?","?","$","M","R","?","T","?","M","M","E","M","R","B",null,"M","M","$","?","?","R","M","R","T","E","R","E","M","$","R","B",null],"character_chosen":"DEFECT","items_purchased":["Runic Capacitor","TheAbacus","Defragment","DollysMirror","Happy Flower"],"campfire_rested":2,"item_purchase_floors":[4,22,37,37,48],"current_hp_per_floor":[68,57,51,51,51,51,42,42,42,21,4,4,24,29,29,17,73,68,68,68,68,68,48,48,48,48,48,48,34,28,28,28,28,73,61,45,45,45,45,45,36,36,36,18,39,49,59,59,59,61],"gold":98,"neow_bonus":"TRANSFORM_TWO_CARDS","is_daily":false,"chose_seed":false,"campfire_upgraded":7,"win_rate":0.0,"timestamp":1612984795,"path_taken":["M","?","?","$","M","M","M","R","T","E","M","?","R","M","R","BOSS","M","?","?","?","$","M","R","?","T","?","M","M","E","M","R","BOSS","M","M","$","?","?","R","M","R","T","E","R","E","M","$","R","BOSS"],"items_purchased_type":["Relic","Relic","Card","Relic","Relic"],"build_version":"2020-12-22","purchased_purges":3,"victory":true,"max_hp_per_floor":[68,68,68,68,68,68,68,68,68,68,68,68,68,73,73,73,73,73,73,73,73,73,73,73,73,73,73,73,73,73,73,73,73,73,73,73,73,73,73,73,73,73,73,73,73,73,73,73,73,73],"card_choices":[{"not_picked":["Barrage","Steam"],"picked":"Gash","floor":1},{"not_picked":["Stack","Hello World"],"picked":"Conserve Battery","floor":5},{"not_picked":["Lockon","Darkness"],"picked":"Rainbow","floor":6},{"not_picked":["Steam","Auto Shields","Stack"],"picked":"SKIP","floor":7},{"not_picked":["Barrage","Compile Driver"],"picked":"Redo","floor":10},{"not_picked":["Darkness","Redo"],"picked":"Glacier","floor":11},{"not_picked":["Barrage","Hello World"],"picked":"Loop","floor":12},{"not_picked":["Go for the Eyes","Compile Driver","Redo"],"picked":"SKIP","floor":14},{"not_picked":["Buffer","Creative AI"],"picked":"Core Surge","floor":16},{"not_picked":["Streamline","Rebound+1","Aggregate+1"],"picked":"SKIP","floor":18},{"not_picked":["Blizzard+1","Rebound"],"picked":"Coolheaded","floor":23},{"not_picked":["Rebound","Cold Snap"],"picked":"Turbo+1","floor":28},{"not_picked":["Recycle+1","Streamline"],"picked":"Storm","floor":29},{"not_picked":["Ball Lightning","Go for the Eyes+1","Rainbow"],"picked":"SKIP","floor":30},{"not_picked":["Steam","Streamline"],"picked":"White Noise","floor":31},{"not_picked":["Reboot","Amplify"],"picked":"Echo Form","floor":33},{"not_picked":["Rebound+1","Hologram+1"],"picked":"Chill","floor":35},{"not_picked":["Recycle","Go for the Eyes","Rebound"],"picked":"SKIP","floor":36},{"not_picked":["Melter","Steam Power+1"],"picked":"Ball Lightning+1","floor":41},{"not_picked":["Rebound","Conserve Battery+1"],"picked":"Self Repair+1","floor":44},{"not_picked":["Leap","Hello World+1"],"picked":"Static Discharge+1","floor":45},{"not_picked":["Buffer","Multi-Cast"],"picked":"White Noise+1","floor":46},{"not_picked":["Stack","Glacier+1","Sweeping Beam+1"],"picked":"SKIP","floor":47}],"player_experience":164078,"relics_obtained":[{"floor":9,"key":"Pen Nib"},{"floor":10,"key":"Dream Catcher"},{"floor":30,"key":"HornCleat"},{"floor":38,"key":"StoneCalendar"},{"floor":43,"key":"Centennial Puzzle"},{"floor":44,"key":"Anchor"},{"floor":46,"key":"Boot"}],"event_choices":[{"damage_healed":0,"gold_gain":75,"player_choice":"Gold","damage_taken":11,"max_hp_gain":0,"max_hp_loss":0,"event_name":"betterThird:BetterGoop","floor":2,"gold_loss":0},{"damage_healed":0,"gold_gain":75,"player_choice":"Touch","damage_taken":6,"max_hp_gain":0,"max_hp_loss":0,"event_name":"FaceTrader","floor":3,"gold_loss":0},{"damage_healed":0,"gold_gain":0,"player_choice":"Bought 1 Potion","damage_taken":0,"max_hp_gain":0,"max_hp_loss":0,"event_name":"The Woman in Blue","floor":19,"gold_loss":0},{"damage_healed":0,"gold_gain":0,"player_choice":"Ignored","damage_taken":0,"max_hp_gain":0,"max_hp_loss":0,"event_name":"N\u0027loth","floor":20,"gold_loss":0},{"damage_healed":0,"gold_gain":200,"player_choice":"Gold","damage_taken":0,"max_hp_gain":0,"max_hp_loss":0,"event_name":"Wheel of Change","floor":21,"gold_loss":0},{"damage_healed":0,"gold_gain":0,"player_choice":"Read","damage_taken":0,"max_hp_gain":0,"max_hp_loss":0,"event_name":"The Library","floor":25,"gold_loss":0,"cards_obtained":["Biased Cognition"]},{"cards_removed":["Strike_B"],"damage_healed":0,"gold_gain":0,"player_choice":"Gave Gold","damage_taken":0,"max_hp_gain":0,"max_hp_loss":0,"event_name":"Beggar","floor":27,"gold_loss":75},{"damage_healed":0,"gold_gain":0,"player_choice":"Fight","damage_taken":0,"max_hp_gain":0,"max_hp_loss":0,"event_name":"MindBloom","floor":38,"gold_loss":0},{"cards_removed":["Turbo"],"damage_healed":0,"gold_gain":0,"player_choice":"Purged","damage_taken":0,"max_hp_gain":0,"max_hp_loss":0,"event_name":"Purifier","floor":39,"gold_loss":0}],"is_beta":false,"boss_relics":[{"not_picked":["Philosopher\u0027s Stone","Ectoplasm"],"picked":"Nuclear Battery"},{"not_picked":["Busted Crown","Cursed Key"],"picked":"Runic Pyramid"}],"items_purged_floors":[4,22,37],"is_endless":false,"potions_floor_spawned":[1,7,11,14,29,30,31,36,46],"ascension_level":0}}