{"host":"37ccm3d17clopct7","time":1612945109,"event":{"mods":["BaseMod","GungeonMod","Hermit","Lobotomy","Minty Spire (QoL Compilation)","StSLib","The Bug Knight","The Cursed","The Hierophant","The Jungle","The Runesmith"],"gold_per_floor":[117,137,137,154,154,154,185,204,204,221,236,236,253,283,283,283,283],"floor_reached":16,"language":"KOR","playtime":640,"items_purged":[],"score":104,"play_id":"79ffcd58-d122-4a5d-b0b6-41543be8e17e","local_time":"20210210171829","is_ascension_mode":false,"campfire_choices":[{"floor":6,"key":"RECALL"},{"floor":12,"key":"REST"},{"floor":15,"key":"REST"}],"circlet_count":0,"master_deck":["Strike_P","Strike_P","Strike_P","Strike_P","Defend_P","Defend_P","Defend_P","Eruption","Vigilance","PathToVictory","Halt","Weave","ThirdEye","FollowUp","Protect","EmptyMind","FollowUp"],"relics":["PureWater","NeowsBlessing","Blood Vial"],"acts_visited":["Exordium"],"potions_floor_usage":[16],"damage_taken":[{"damage":0,"enemies":"Jaw Worm","floor":1,"turns":1},{"damage":0,"enemies":"Cultist","floor":2,"turns":1},{"damage":0,"enemies":"Small Slimes","floor":4,"turns":2},{"damage":47,"enemies":"Gremlin Nob","floor":7,"turns":5},{"damage":4,"enemies":"3 Louse","floor":8,"turns":4},{"damage":15,"enemies":"Exordium Thugs","floor":10,"turns":5},{"damage":6,"enemies":"Blue Slaver","floor":11,"turns":4},{"damage":11,"enemies":"3 Louse","floor":13,"turns":3},{"damage":53,"enemies":"The Guardian","floor":16,"turns":8}],"seed_played":"-9044794979681949556","potions_obtained":[{"floor":2,"key":"BottledMiracle"},{"floor":4,"key":"SpeedPotion"},{"floor":11,"key":"LiquidBronze"},{"floor":13,"key":"PowerPotion"}],"is_trial":false,"path_per_floor":["M","M","?","M","?","R","E","M","T","M","M","R","M","?","R","B"],"character_chosen":"WATCHER","items_purchased":[],"campfire_rested":2,"item_purchase_floors":[],"current_hp_per_floor":[72,72,72,72,72,72,25,23,23,10,6,27,18,18,39,0,0],"gold":283,"neow_bonus":"THREE_ENEMY_KILL","is_daily":false,"chose_seed":false,"campfire_upgraded":0,"win_rate":0.0,"timestamp":1612945109,"path_taken":["M","M","?","?","?","R","E","M","T","M","M","R","M","?","R","BOSS"],"items_purchased_type":[],"build_version":"2020-12-22","purchased_purges":0,"victory":false,"max_hp_per_floor":[72,72,72,72,72,72,72,72,72,72,72,72,72,72,72,72,72],"card_choices":[{"not_picked":["Halt","Weave"],"picked":"PathToVictory","floor":1},{"not_picked":["Pray","CrushJoints"],"picked":"Halt","floor":2},{"not_picked":["Fasting2","WreathOfFlame"],"picked":"Weave","floor":4},{"not_picked":["Halt","Protect"],"picked":"ThirdEye","floor":7},{"not_picked":["Vengeance","Protect"],"picked":"FollowUp","floor":8},{"not_picked":["SashWhip","CutThroughFate"],"picked":"Protect","floor":10},{"not_picked":["Establishment","Fasting2"],"picked":"EmptyMind","floor":11},{"not_picked":["BowlingBash","Collect"],"picked":"FollowUp","floor":13}],"player_experience":160418,"relics_obtained":[{"floor":7,"key":"Blood Vial"}],"event_choices":[{"cards_removed":["Defend_P"],"damage_healed":0,"gold_gain":0,"player_choice":"Offered Basic","damage_taken":0,"max_hp_gain":0,"max_hp_loss":0,"event_name":"Bonfire Elementals","floor":3,"gold_loss":0},{"damage_healed":0,"gold_gain":0,"player_choice":"Ignored","damage_taken":0,"max_hp_gain":0,"max_hp_loss":0,"event_name":"Liars Game","floor":5,"gold_loss":0},{"damage_healed":0,"gold_gain":30,"player_choice":"Searched \u00272\u0027 times","damage_taken":0,"max_hp_gain":0,"max_hp_loss":0,"event_name":"Dead Adventurer","floor":14,"gold_loss":0}],"is_beta":false,"boss_relics":[],"items_purged_floors":[],"is_endless":false,"potions_floor_spawned":[2,4,11,13],"killed_by":"The Guardian","ascension_level":0}}