{"host":"vl29iwkwnyytuw8q","time":1612915420,"event":{"mods":["BaseMod","Minty Spire (QoL Compilation)","Permanent Neow","Relic Stats","StSLib"],"gold_per_floor":[109,126,136,136,136,170,170,187,187,200,118,118,133,145,145,217,217,231,281,39,39,39,66,66,93,93,108,108,158,158,83,83,83,83],"floor_reached":33,"language":"ENG","playtime":959,"items_purged":[],"score":588,"play_id":"bf8a223a-e01c-46fa-889c-7b2fbfd31a53","local_time":"20210210010340","is_ascension_mode":true,"campfire_choices":[{"data":"Feed","floor":7.0,"key":"SMITH"},{"floor":12.0,"key":"REST"},{"data":"Flame Barrier","floor":15.0,"key":"SMITH"},{"floor":24.0,"key":"REST"},{"data":"Berserk","floor":28,"key":"SMITH"},{"data":"Inflame","floor":30,"key":"SMITH"},{"data":"Disarm","floor":32,"key":"SMITH"}],"circlet_count":0,"master_deck":["AscendersBane","Strike_R+1","Strike_R","Defend_R","Defend_R","Defend_R+1","Defend_R","Bash+1","Feed+1","Dual Wield+1","Whirlwind","Flame Barrier+1","Shrug It Off","Fiend Fire","Headbutt","Feel No Pain","Disarm+1","Berserk+1","Anger","Battle Trance","Sentinel","Shockwave","Pommel Strike","Inflame+1"],"relics":["Burning Blood","MealTicket","Calipers","Paper Frog","Meat on the Bone","SlaversCollar","War Paint","Whetstone","Singing Bowl","Dream Catcher","Nunchaku"],"acts_visited":["Exordium","TheCity"],"potions_floor_usage":[],"damage_taken":[{"damage":8.0,"enemies":"Small Slimes","floor":1.0,"turns":4.0},{"damage":3.0,"enemies":"2 Louse","floor":2.0,"turns":4.0},{"damage":7.0,"enemies":"Cultist","floor":3.0,"turns":4.0},{"damage":32.0,"enemies":"Gremlin Nob","floor":6.0,"turns":4.0},{"damage":51.0,"enemies":"Exordium Thugs","floor":8.0,"turns":9.0},{"damage":4.0,"enemies":"Looter","floor":10.0,"turns":5.0},{"damage":15.0,"enemies":"2 Fungi Beasts","floor":13.0,"turns":5.0},{"damage":17.0,"enemies":"3 Louse","floor":14.0,"turns":4.0},{"damage":43.0,"enemies":"The Guardian","floor":16.0,"turns":19.0},{"damage":74.0,"enemies":"Chosen","floor":18.0,"turns":10.0},{"damage":18.0,"enemies":"Gremlin Leader","floor":23.0,"turns":6.0},{"damage":20,"enemies":"Book of Stabbing","floor":25,"turns":6},{"damage":1,"enemies":"3 Byrds","floor":27,"turns":5},{"damage":81,"enemies":"Automaton","floor":33,"turns":6}],"seed_played":"4945822317266141263","potions_obtained":[{"floor":1.0,"key":"GamblersBrew"},{"floor":2.0,"key":"LiquidMemories"},{"floor":8.0,"key":"SpeedPotion"},{"floor":13.0,"key":"DistilledChaos"},{"floor":14.0,"key":"Dexterity Potion"},{"floor":25,"key":"Fire Potion"}],"is_trial":false,"path_per_floor":["M","M","M","?","?","E","R","M","T","M","?","R","M","M","R","B",null,"M","?","$","T","?","E","R","E","T","M","R","?","R","?","R","B"],"character_chosen":"IRONCLAD","items_purchased":["Battle Trance","War Paint"],"campfire_rested":2,"item_purchase_floors":[20,20],"current_hp_per_floor":[69,77,79,74,74,48,48,7,7,13,13,39,46,51,51,30,83,31,31,46,46,46,46,77,67,67,78,78,78,78,78,78,0,0],"gold":83,"neow_bonus":"THREE_RARE_CARDS","is_daily":false,"chose_seed":false,"campfire_upgraded":5,"win_rate":0.0,"timestamp":1612915420,"path_taken":["M","M","M","?","?","E","R","M","T","M","?","R","M","M","R","BOSS","M","?","$","?","?","E","R","E","T","M","R","?","R","?","R","BOSS"],"items_purchased_type":["Card","Relic"],"build_version":"2020-12-22","purchased_purges":0,"victory":false,"max_hp_per_floor":[71,77,80,80,80,80,80,84,84,88,88,88,92,96,96,100,100,104,104,104,104,104,104,104,108,108,114,114,114,114,114,114,114,114],"relic_stats":{"Dream Catcher":0,"Nunchaku":[1],"Singing Bowl":2,"counters":[14,91],"MealTicket":15,"Whetstone":["Bash","Strike_R"],"War Paint":["Dual Wield","Defend_R"],"obtain_stats":[{"SlaversCollar":17,"Dream Catcher":25,"Nunchaku":26,"Calipers":6,"Singing Bowl":23,"MealTicket":4,"Whetstone":21,"War Paint":20,"Burning Blood":0,"Paper Frog":9,"Meat on the Bone":11},{"SlaversCollar":9,"Dream Catcher":12,"Nunchaku":12,"Calipers":4,"Singing Bowl":11,"MealTicket":3,"Whetstone":10,"War Paint":10,"Burning Blood":0,"Paper Frog":5,"Meat on the Bone":6},{"SlaversCollar":58,"Dream Catcher":80,"Nunchaku":80,"Calipers":16,"Singing Bowl":74,"MealTicket":12,"Whetstone":68,"War Paint":68,"Burning Blood":0,"Paper Frog":25,"Meat on the Bone":30}],"Burning Blood":77,"Meat on the Bone":60},"card_choices":[{"not_picked":["Berserk","Fiend Fire"],"picked":"Feed","floor":0.0},{"not_picked":["Armaments","Perfected Strike"],"picked":"Dual Wield","floor":1.0},{"not_picked":["Iron Wave","Disarm"],"picked":"Whirlwind","floor":2.0},{"not_picked":["Warcry","Headbutt"],"picked":"Flame Barrier","floor":3.0},{"not_picked":["Hemokinesis","Searing Blow"],"picked":"Shrug It Off","floor":6.0},{"not_picked":["Cleave","Body Slam"],"picked":"Fiend Fire","floor":8.0},{"not_picked":["Sword Boomerang","Body Slam"],"picked":"Headbutt","floor":10.0},{"not_picked":["Rampage","Entrench"],"picked":"Feel No Pain","floor":13.0},{"not_picked":["Perfected Strike","Wild Strike"],"picked":"Disarm","floor":14.0},{"not_picked":["Limit Break","Barricade"],"picked":"Berserk","floor":16.0},{"not_picked":["Thunderclap","Body Slam+1"],"picked":"Anger","floor":18.0},{"not_picked":["Warcry","Flex"],"picked":"Pommel Strike","floor":23.0},{"not_picked":["Twin Strike","Bloodletting"],"picked":"Inflame","floor":25},{"not_picked":["Dual Wield","Iron Wave","Headbutt"],"picked":"Singing Bowl","floor":27}],"player_experience":675090,"relics_obtained":[{"floor":6.0,"key":"Calipers"},{"floor":9.0,"key":"Paper Frog"},{"floor":21.0,"key":"Whetstone"},{"floor":23.0,"key":"Singing Bowl"},{"floor":25,"key":"Dream Catcher"},{"floor":26,"key":"Nunchaku"}],"event_choices":[{"damage_healed":0.0,"max_hp_gain":0.0,"max_hp_loss":0.0,"gold_gain":0.0,"event_name":"Scrap Ooze","player_choice":"Success","floor":4.0,"gold_loss":0.0,"damage_taken":5.0,"relics_obtained":["MealTicket"]},{"damage_healed":0.0,"max_hp_gain":0.0,"max_hp_loss":0.0,"gold_gain":0.0,"event_name":"Liars Game","player_choice":"Ignored","floor":5.0,"gold_loss":0.0,"damage_taken":0.0},{"damage_healed":0.0,"max_hp_gain":0.0,"max_hp_loss":0.0,"gold_gain":0.0,"event_name":"WeMeetAgain","player_choice":"Paid Gold","floor":11.0,"gold_loss":82.0,"damage_taken":0.0,"relics_obtained":["Meat on the Bone"]},{"damage_healed":0.0,"max_hp_gain":0.0,"max_hp_loss":0.0,"gold_gain":100.0,"event_name":"The Joust","player_choice":"Bet on Murderer","floor":19.0,"gold_loss":50.0,"damage_taken":0.0},{"damage_healed":0.0,"max_hp_gain":0.0,"max_hp_loss":0.0,"gold_gain":0.0,"cards_transformed":["Strike_R","Strike_R"],"event_name":"Drug Dealer","player_choice":"Became Test Subject","floor":22.0,"gold_loss":0.0,"damage_taken":0.0,"cards_obtained":["Sentinel","Shockwave"]},{"damage_healed":0,"gold_gain":50,"player_choice":"Stole From Cult","damage_taken":0,"max_hp_gain":0,"max_hp_loss":0,"event_name":"Nest","floor":29,"gold_loss":0},{"cards_removed":["Strike_R"],"damage_healed":0,"gold_gain":0,"player_choice":"Gave Gold","damage_taken":0,"max_hp_gain":0,"max_hp_loss":0,"event_name":"Beggar","floor":31,"gold_loss":75}],"is_beta":false,"boss_relics":[{"not_picked":["Pandora\u0027s Box","Fusion Hammer"],"picked":"SlaversCollar"}],"items_purged_floors":[],"is_endless":false,"potions_floor_spawned":[1,2,8,13,14,25],"killed_by":"Automaton","ascension_level":18}}