{"host":"og21o26alpnbwmz8","time":1612994818,"event":{"mods":["Act Like it!","Aspiration","BaseMod","Conspire","Downfall","Gensokyo","Halation","Hubris","Jedi Mod","Mimic Mod","Minty Spire (QoL Compilation)","Pale of the Ancients","Reliquary","Replay The Spire","Shop Mod","Spikes Relics","StSLib","The Alterego","The Blue Laboratory","The Poker Player","Waifu the Spire","Yuri Mod"],"gold_per_floor":[113,16,16,36,36,36,48,58,129,129,129,129,146,156,156,253,253,264,264,264,276,30,30,30,30,56,56,56,90,105,115,115,217,217,236,263,263,273,273,273,290,290,290],"floor_reached":42,"language":"ENG","playtime":1233,"items_purged":["Intolerance"],"score":481,"play_id":"e124e3e3-f738-4f44-bd07-98adf66df92c","local_time":"20210210170658","is_ascension_mode":false,"campfire_choices":[{"data":"yuri:MagneticKnives","floor":6,"key":"SMITH"},{"data":"yuri:MPose","floor":10,"key":"SMITH"},{"data":"yuri:GlitchRemove","floor":12,"key":"SMITH"},{"data":"yuri:Stalk","floor":15,"key":"SMITH"},{"data":"yuri:yuriDefend","floor":23,"key":"SMITH"},{"data":"yuri:BlackTea","floor":25,"key":"SMITH"},{"data":"yuri:yuriDefend","floor":32,"key":"SMITH"}],"circlet_count":0,"master_deck":["yuri:yuriStrike","yuri:yuriStrike","yuri:yuriStrike","yuri:yuriDefend+1","yuri:yuriDefend","yuri:yuriDefend","yuri:yuriDefend","yuri:yuriDefend+1","yuri:MagneticKnives+1","yuri:MPose+1","Injury","yuri:ThrowingKnives+1","yuri:Stalk+1","yuri:HeavierStrike+1","yuri:BlackTea+1","yuri:MultiDip+1","yuri:WickedSlash+1","yuri:BookPurple","yuri:DuplicateCode","yuri:ThrowingKnives+1"],"relics":["yuri:yuriKnife","Molten Egg 2","conspire:DeflatedDodgeball","Pear","ChewingGum","hubris:BottledHeart","reliquary:FeatherDuster","alterego_mod:SomeoneToFightFor","Lantern","aspiration:SecretTechniqueScroll","Toy Ornithopter","halation:PapillonHeart"],"acts_visited":["Exordium","TheCity","TheBeyond"],"potions_floor_usage":[29],"damage_taken":[{"damage":1,"enemies":"Cultist","floor":1,"turns":3},{"damage":0,"enemies":"Small Slimes","floor":4,"turns":6},{"damage":6,"enemies":"conspire:RoseBush","floor":7,"turns":3},{"damage":11,"enemies":"Large Slime","floor":8,"turns":8},{"damage":4,"enemies":"Blue Slaver","floor":13,"turns":4},{"damage":1,"enemies":"Red Slaver","floor":14,"turns":3},{"damage":14,"enemies":"The Guardian","floor":16,"turns":6},{"damage":4,"enemies":"Chosen","floor":18,"turns":4},{"damage":0,"enemies":"Shell Parasite","floor":21,"turns":3},{"damage":0,"enemies":"Slavers","floor":29,"turns":5},{"damage":0,"enemies":"Cultist and Chosen","floor":30,"turns":3},{"damage":0,"enemies":"Snecko","floor":31,"turns":3},{"damage":0,"enemies":"Automaton","floor":33,"turns":6},{"damage":0,"enemies":"3 Shapes","floor":35,"turns":3},{"damage":0,"enemies":"conspire:MimicChest","floor":36,"turns":4},{"damage":0,"enemies":"Orb Walker","floor":38,"turns":2},{"damage":0,"enemies":"Jaw Worm Horde","floor":41,"turns":3},{"damage":16,"enemies":"R_Hoarder","floor":42,"turns":5}],"seed_played":"6712442397195368550","potions_obtained":[{"floor":4,"key":"Fire Potion"},{"floor":7,"key":"BlessingOfTheForge"},{"floor":13,"key":"blueLaboratory:LouseDecoction"},{"floor":29,"key":"ColorlessPotion"},{"floor":31,"key":"blueLaboratory:Moonshine"}],"is_trial":false,"path_per_floor":["M","$","?","M","$","R","M","M","T","R","?","R","M","M","R","B",null,"M","?","?","M","$","R","$","R","T","?","$","E","M","M","R","B",null,"M","?","?","M","PTL","PTL","M","E"],"character_chosen":"YURI","items_purchased":["yuri:MPose","reliquary:FeatherDuster"],"campfire_rested":0,"item_purchase_floors":[2,22],"current_hp_per_floor":[80,80,80,80,80,80,77,70,70,70,80,80,80,83,83,73,90,86,1,1,1,1,1,1,1,1,1,1,1,1,1,1,1,1,1,1,1,1,1,1,1,0,0],"gold":290,"neow_bonus":"TRANSFORM_TWO_CARDS","is_daily":false,"chose_seed":false,"campfire_upgraded":7,"win_rate":0.0,"timestamp":1612994818,"path_taken":["M","$","?","M","$","R","M","M","T","R","?","R","M","?","R","BOSS","M","?","?","?","$","R","?","R","T","?","$","E","M","M","R","BOSS","M","?","?","M","PTL","PTL","M","E"],"items_purchased_type":["Card","Relic"],"build_version":"2020-12-22","purchased_purges":1,"victory":false,"max_hp_per_floor":[80,80,80,80,80,80,80,80,80,80,90,90,90,90,90,90,90,90,1,1,1,1,1,1,1,1,1,1,1,1,1,1,1,1,1,1,1,1,1,1,1,1,1],"card_choices":[{"not_picked":["yuri:GreenTea","yuri:ThrowBook","yuri:Spin"],"picked":"SKIP","floor":1},{"not_picked":["yuri:MPose","yuri:CalmingAura"],"picked":"yuri:UntestedCode","floor":4},{"not_picked":["yuri:yuriQuickStrike+1","yuri:MPose","yuri:TPose"],"picked":"SKIP","floor":7},{"not_picked":["yuri:Skip","yuri:Stalk"],"picked":"yuri:ThrowingKnives+1","floor":8},{"not_picked":["yuri:RecklessStrike+1","yuri:NerfBat+1"],"picked":"yuri:Stalk","floor":13},{"not_picked":["yuri:MPose","yuri:Stare"],"picked":"yuri:HeavierStrike+1","floor":14},{"not_picked":["yuri:Suicide","yuri:GlitchRemove"],"picked":"yuri:BlackTea","floor":16},{"not_picked":["yuri:MPose","yuri:Skip"],"picked":"yuri:MultiDip+1","floor":18},{"not_picked":["yuri:Spin+1","yuri:TPose","yuri:Skip"],"picked":"SKIP","floor":21},{"not_picked":["yuri:MirrorInsanity","yuri:ThrowBook+1"],"picked":"yuri:WickedSlash+1","floor":29},{"not_picked":["yuri:CalmingAura","yuri:NerfBat+1"],"picked":"yuri:BookPurple","floor":30},{"not_picked":["yuri:TPose+1","yuri:Stare","yuri:InduceGlitch"],"picked":"SKIP","floor":31},{"not_picked":["yuri:Suicide","yuri:RemoveSafetyChecks"],"picked":"yuri:DuplicateCode","floor":33},{"not_picked":["yuri:MultiDip+1","yuri:NerfBat+1","yuri:TeaSet"],"picked":"SKIP","floor":35},{"not_picked":["yuri:DeepBreathing","yuri:MPose+1"],"picked":"yuri:ThrowingKnives+1","floor":36},{"not_picked":["yuri:Stalk","yuri:NerfBat+1","yuri:Skip"],"picked":"SKIP","floor":38},{"not_picked":["yuri:UntestedCode","yuri:Skip","yuri:GrowingInsanity+1"],"picked":"SKIP","floor":41}],"player_experience":239941,"relics_obtained":[{"floor":9,"key":"conspire:DeflatedDodgeball"},{"floor":29,"key":"Lantern"},{"floor":36,"key":"Toy Ornithopter"}],"event_choices":[{"damage_healed":0,"gold_gain":0,"player_choice":"Gave Potion","damage_taken":0,"relics_obtained":["Pear"],"max_hp_gain":0,"max_hp_loss":0,"event_name":"WeMeetAgain","floor":11,"gold_loss":0},{"damage_healed":0,"gold_gain":0,"player_choice":"Damaged","damage_taken":0,"max_hp_gain":0,"max_hp_loss":0,"event_name":"Wheel of Change","floor":20,"gold_loss":0},{"damage_healed":0,"gold_gain":0,"player_choice":"Choice 2","damage_taken":0,"relics_obtained":["alterego_mod:SomeoneToFightFor"],"max_hp_gain":0,"max_hp_loss":0,"event_name":"Secret Garden","floor":27,"gold_loss":0}],"is_beta":false,"boss_relics":[{"not_picked":["halation:Risk","Replay:Wanted Poster"],"picked":"ChewingGum"},{"not_picked":["reliquary:WritOfMandamus","Runic Pyramid"],"picked":"aspiration:SecretTechniqueScroll"}],"items_purged_floors":[2],"is_endless":false,"potions_floor_spawned":[4,7,13,29,31,35],"killed_by":"R_Hoarder","ascension_level":0}}