{"host":"dscols65uipasqd2","time":1612915922,"event":{"mods":["2.2 Compatiblity","AchievementEnabler","Aspiration","BaseMod","Colored Powertips","Downfall","Energized Spire","GifTheSpireLib","Hermit","Hubris","Infinite Spire","JesterMod","Jorbs\u0027s Wanderer Trilogy","Marisa????????","Minty Spire (QoL Compilation)","Rare Cards Sparkle","Replay The Spire","StSLib","Stuff the Spire","The Cursed","The Disciple","The Hierophant","The Judge","The Jungle","The Runesmith","TheFirefly"],"gold_per_floor":[99,111,124,38,50,75,75,75,89,74,249,234,234,254,268,268,268,268],"floor_reached":16,"language":"ENG","playtime":811,"items_purged":[],"score":122,"play_id":"6b44e623-03cb-4ae9-8eba-fe7ddd4fd31a","local_time":"20210209191202","is_ascension_mode":true,"campfire_choices":[{"floor":8,"key":"RECALL"}],"circlet_count":0,"master_deck":["sneckomod:Strike","sneckomod:Strike","sneckomod:Strike","sneckomod:Defend","sneckomod:Defend","sneckomod:Defend","sneckomod:TailWhip","sneckomod:SnekBite","sneckomod:Unknown","Deep Breath","MentalFortress","sneckomod:ImprovisedAttack","sneckomod:QuickBite","sneckomod:Unknown1Cost","sneckomod:UnendingSupply","sneckomod:QuickMove","sneckomod:CheapStock","sneckomod:RainOfDice","Doubt","sneckomod:IronFang","Sickly","Replay:Sluggish","infinitespire:SevenWalls","sneckomod:WideSting","sneckomod:SnakeSap"],"relics":["sneckomod:SneckoSoul","Toy Ornithopter"],"acts_visited":["Exordium"],"potions_floor_usage":[6,6,12,15],"damage_taken":[{"damage":6,"enemies":"Cultist","floor":2,"turns":4},{"damage":4,"enemies":"2 Louse","floor":3,"turns":2},{"damage":0,"enemies":"downfall:FleeingMerchant","floor":4,"turns":4},{"damage":12,"enemies":"Small Slimes","floor":5,"turns":2},{"damage":17,"enemies":"3 Sentries","floor":6,"turns":5},{"damage":0,"enemies":"Blue Slaver","floor":9,"turns":3},{"damage":0,"enemies":"downfall:FleeingMerchant","floor":10,"turns":4},{"damage":10,"enemies":"downfall:FleeingMerchant","floor":12,"turns":4},{"damage":13,"enemies":"Large Slime","floor":14,"turns":3},{"damage":10,"enemies":"2 Fungi Beasts","floor":15,"turns":4},{"damage":30,"enemies":"WA_ARCHETYPE_RETAIN","floor":16,"turns":4}],"seed_played":"2661255732254528752","potions_obtained":[{"floor":3,"key":"Energy Potion"},{"floor":5,"key":"ColorlessPotion"},{"floor":6,"key":"Energy Potion"},{"floor":14,"key":"Block Potion"}],"is_trial":false,"path_per_floor":["R","M","M","$","M","E","T","R","M","$","?","$","?","M","M","B"],"character_chosen":"THE_SNECKO","items_purchased":["sneckomod:UnendingSupply"],"campfire_rested":0,"item_purchase_floors":[4],"current_hp_per_floor":[90,84,80,80,68,51,51,51,51,51,51,46,46,33,28,0,0,0],"gold":268,"neow_bonus":"RANDOM_COLORLESS","is_daily":false,"chose_seed":false,"campfire_upgraded":0,"win_rate":0.0,"timestamp":1612915922,"path_taken":["R","M","M","$","?","E","T","R","M","?","?","$","?","M","M","BOSS"],"items_purchased_type":["Card"],"build_version":"2020-12-22","purchased_purges":0,"victory":false,"max_hp_per_floor":[90,90,90,90,90,90,90,90,90,90,90,90,90,90,90,90,90,90],"card_choices":[{"not_picked":["StuffTheSpire:PlasmaPulse","Purity"],"picked":"Deep Breath","floor":0},{"not_picked":["sneckomod:QuickBite","sneckomod:UnknownDexterity"],"picked":"sneckomod:ImprovisedAttack","floor":2},{"not_picked":["sneckomod:IronFang","sneckomod:UnknownDexterity"],"picked":"sneckomod:QuickBite","floor":3},{"not_picked":["sneckomod:UnknownStrike","sneckomod:UnknownVulnerable"],"picked":"sneckomod:Unknown1Cost","floor":4},{"not_picked":["sneckomod:DiceBlock","sneckomod:SoulDraw"],"picked":"sneckomod:QuickMove","floor":5},{"not_picked":["sneckomod:UnknownX","sneckomod:Rotation"],"picked":"sneckomod:CheapStock","floor":6},{"not_picked":["sneckomod:ImprovisedGuard","sneckomod:UnknownCommonSkill"],"picked":"sneckomod:RainOfDice","floor":9},{"not_picked":["sneckomod:RainOfDice","sneckomod:PureSnecko","sneckomod:MorePower"],"picked":"SKIP","floor":10},{"not_picked":["sneckomod:QuickBite","sneckomod:SoulDraw"],"picked":"sneckomod:IronFang","floor":12},{"not_picked":["hubris:Rewind","infinitespire:FinalStrike"],"picked":"infinitespire:SevenWalls","floor":13},{"not_picked":["sneckomod:DiceBlock","sneckomod:Rotation"],"picked":"sneckomod:WideSting","floor":14},{"not_picked":["sneckomod:DiceBlock","sneckomod:RainOfDice"],"picked":"sneckomod:SnakeSap","floor":15}],"player_experience":618668,"relics_obtained":[{"floor":6,"key":"Toy Ornithopter"}],"event_choices":[],"is_beta":false,"boss_relics":[],"items_purged_floors":[],"is_endless":false,"potions_floor_spawned":[3,5,6,14],"killed_by":"WA_ARCHETYPE_RETAIN","ascension_level":4}}