{"host":"03szyvia947otbw5","time":1612974938,"event":{"mods":["Act Like it!","BaseMod","Better Note","Dota2Spire","Hallownest","Marisa£®ÏF”Í°°ƒß¿Ì…≥£©","Minty Spire (QoL Compilation)","Replay The Spire","Ryuuou¡˙Õı","Shop Mod","StSLib","The Blue Laboratory","The Bug Knight","The Runesmith","Thieving Mod","°æ“≈ŒÔø®≈∆°øREMEMod"],"gold_per_floor":[112,112,140,140,140,140,140,140,140,140,140,151,151,168,168,168,168],"floor_reached":16,"language":"ZHS","playtime":760,"items_purged":[],"score":86,"play_id":"d4993405-104b-44ca-afd1-cbdb29008ba7","local_time":"20210211003538","daily_mods":["SealedDeck","Colorless Cards","Heirloom","Time Dilation","Flight"],"is_ascension_mode":false,"campfire_choices":[{"floor":6,"key":"REST"},{"data":"Echo Form","floor":8,"key":"SMITH"},{"data":"Demon Form","floor":10,"key":"SMITH"},{"data":"Wraith Form v2","floor":11,"key":"SMITH"},{"data":"Runesmith:CreatorForm","floor":13,"key":"SMITH"},{"data":"Heavy Blade","floor":15,"key":"SMITH"}],"circlet_count":0,"master_deck":["Demon Form+1","Wraith Form v2+1","Echo Form+1","DevaForm+1","Runesmith:CreatorForm+1","Double Tap","Sentinel","Spot Weakness","Body Slam","Clothesline","Flame Barrier","Flex","Flame Barrier","Shrug It Off","Entrench","Flex","Anger","Self Repair+1","Pommel Strike","Heavy Blade+1"],"relics":["REME_ComplimentaryCards","HollowMod:QueensCombRelic","Iron Core","Replay:Kaleidoscope","Lantern","Replay:Bottled Steam"],"acts_visited":["Exordium"],"potions_floor_usage":[14,16],"damage_taken":[{"damage":9,"enemies":"Small Slimes","floor":1,"turns":6},{"damage":1,"enemies":"2 Louse","floor":12,"turns":5},{"damage":7,"enemies":"Jaw Worm","floor":14,"turns":5},{"damage":53,"enemies":"Slime Boss","floor":16,"turns":6}],"seed_played":"8502252208386601806","potions_obtained":[{"floor":1,"key":"blueLaboratory:PolymorphPotion"},{"floor":14,"key":"Dota2Spire:Clarity"}],"is_trial":true,"path_per_floor":["M","?","?","$","?","R","$","R","T","R","R","M","R","M","R","B"],"character_chosen":"IRONCLAD","items_purchased":[],"campfire_rested":1,"item_purchase_floors":[],"current_hp_per_floor":[49,49,36,16,16,31,31,31,31,31,31,34,34,41,41,0,0],"gold":168,"neow_bonus":"","is_daily":false,"chose_seed":false,"campfire_upgraded":5,"win_rate":0.0,"timestamp":1612974938,"path_taken":["M","?","?","$","?","R","$","R","T","R","R","?","R","M","R","BOSS"],"items_purchased_type":[],"build_version":"2020-12-22","purchased_purges":0,"victory":false,"max_hp_per_floor":[52,52,52,52,52,52,52,52,52,52,52,52,52,52,52,52,52],"card_choices":[{"not_picked":["Replay:Parry","Reckless Charge"],"picked":"Anger","floor":1},{"not_picked":["REME_SingleHolding","WeaponsOverheat"],"picked":"Pommel Strike","floor":3},{"not_picked":["Sword Boomerang","ReplayTheSpireMod:Limb From Limb","Thinking Ahead"],"picked":"SKIP","floor":12},{"not_picked":["Disarm","Cleave"],"picked":"Heavy Blade","floor":14}],"player_experience":226942,"relics_obtained":[{"floor":3,"key":"Replay:Kaleidoscope"},{"floor":9,"key":"Replay:Bottled Steam"}],"event_choices":[{"damage_healed":0,"gold_gain":0,"player_choice":"Forge","damage_taken":0,"max_hp_gain":0,"max_hp_loss":0,"event_name":"Accursed Blacksmith","floor":5,"gold_loss":0,"cards_upgraded":["DevaForm"]}],"is_beta":false,"boss_relics":[],"items_purged_floors":[],"is_endless":true,"potions_floor_spawned":[1,14],"killed_by":"Slime Boss","ascension_level":0}}