{"host":"bg4zdvygm46ags0b","time":1612924193,"event":{"mods":["BaseMod","GifTheSpireLib","Koishi","Marisa????????","Minty Spire (QoL Compilation)","Remilia??????","StSLib","SuperFastMode","The Bladedancer","The Disciple","The Mystic","The Servant 0.9.4","Yuri Mod"],"gold_per_floor":[114,124,138,149,167,167,222,222,268,288,308,308,325,341,341,437,437,455,465,465,465],"floor_reached":20,"language":"ENG","playtime":878,"items_purged":[],"score":172,"play_id":"2617d3e9-2a31-4788-99d1-5f9c0a4f6568","local_time":"20210210122953","is_ascension_mode":false,"campfire_choices":[{"data":"Koishi:SpiritedAway","floor":6,"key":"SMITH"},{"data":"Koishi:TraumaticStroke","floor":12,"key":"SMITH"},{"floor":15,"key":"REST"}],"circlet_count":0,"master_deck":["Koishi:BasicStrike","Koishi:BasicStrike","Koishi:BasicStrike","Koishi:BasicStrike","Koishi:BasicDefend","Koishi:BasicDefend","Koishi:BasicDefend","Koishi:BasicDefend","Koishi:Provoke","Koishi:HauntingSlash","Koishi:SubconsciousSweep","Koishi:FreudianInstinct","Koishi:SubterraneanRose","Koishi:SubconsciousSweep","Koishi:SpiritedAway+1","Koishi:PhantomStrike","Koishi:TraumaticStroke+1","Koishi:FleetingPhantom","Koishi:FleetingPhantom","Koishi:ImGoingToCallYouNow","Koishi:EmbryosDream","Koishi:Jaunt"],"relics":["Koishi:ImaginaryFriend","NeowsBlessing","Meat on the Bone","Art of War","Philosopher\u0027s Stone"],"acts_visited":["Exordium","TheCity"],"potions_floor_usage":[16,16,20],"damage_taken":[{"damage":0,"enemies":"2 Louse","floor":1,"turns":1},{"damage":0,"enemies":"Jaw Worm","floor":2,"turns":1},{"damage":0,"enemies":"Cultist","floor":3,"turns":1},{"damage":7,"enemies":"Large Slime","floor":4,"turns":7},{"damage":13,"enemies":"Looter","floor":5,"turns":3},{"damage":6,"enemies":"3 Louse","floor":10,"turns":2},{"damage":13,"enemies":"Large Slime","floor":11,"turns":4},{"damage":0,"enemies":"Red Slaver","floor":13,"turns":3},{"damage":0,"enemies":"3 Louse","floor":14,"turns":2},{"damage":51,"enemies":"Slime Boss","floor":16,"turns":11},{"damage":39,"enemies":"Shell Parasite","floor":18,"turns":7},{"damage":25,"enemies":"2 Thieves","floor":19,"turns":4},{"damage":29,"enemies":"Centurion and Healer","floor":20,"turns":6}],"seed_played":"-5320458415993502624","potions_obtained":[{"floor":1,"key":"SteroidPotion"},{"floor":3,"key":"SteroidPotion"},{"floor":4,"key":"Weak Potion"},{"floor":11,"key":"Swift Potion"},{"floor":16,"key":"Weak Potion"},{"floor":18,"key":"Ancient Potion"}],"is_trial":false,"path_per_floor":["M","M","M","M","M","R","?","?","T","M","M","R","M","M","R","B",null,"M","M","M"],"character_chosen":"KOISHI","items_purchased":[],"campfire_rested":1,"item_purchase_floors":[],"current_hp_per_floor":[60,60,60,53,41,41,41,41,41,36,36,36,36,36,54,16,60,31,24,0,0],"gold":465,"neow_bonus":"THREE_ENEMY_KILL","is_daily":false,"chose_seed":false,"campfire_upgraded":2,"win_rate":0.0,"timestamp":1612924193,"path_taken":["M","M","M","M","M","R","?","?","T","M","M","R","M","?","R","BOSS","M","M","M"],"items_purchased_type":[],"build_version":"2020-12-22","purchased_purges":0,"victory":false,"max_hp_per_floor":[60,60,60,60,60,60,60,60,60,60,60,60,60,60,60,60,60,60,60,60,60],"card_choices":[{"not_picked":["Koishi:HeartAttack","Koishi:FreudianInstinct"],"picked":"Koishi:SubconsciousSweep","floor":1},{"not_picked":["Koishi:VengefulSpirit","Koishi:TraumaticStroke"],"picked":"Koishi:FreudianInstinct","floor":2},{"not_picked":["Koishi:MindNumbingTerror","Koishi:HeartfeltFancy"],"picked":"Koishi:SubterraneanRose","floor":3},{"not_picked":["Koishi:Prune","Koishi:RacingHeart"],"picked":"Koishi:SubconsciousSweep","floor":4},{"not_picked":["Koishi:UnconsciousUrges","Koishi:BramblyRoseGarden"],"picked":"Koishi:SpiritedAway","floor":5},{"not_picked":["Koishi:FadingMemory","Koishi:PhantomBarrier"],"picked":"Koishi:PhantomStrike","floor":10},{"not_picked":["Koishi:FourthEye","Koishi:VengefulSpirit"],"picked":"Koishi:TraumaticStroke","floor":11},{"not_picked":["Koishi:HeartfeltFancy","Koishi:StingingMind"],"picked":"Koishi:FleetingPhantom","floor":13},{"not_picked":["Koishi:VengefulSpirit","Koishi:DreadfulBlow"],"picked":"Koishi:FleetingPhantom","floor":14},{"not_picked":["Koishi:TerrifyingSpectre","Koishi:SuperEgo"],"picked":"Koishi:ImGoingToCallYouNow","floor":16},{"not_picked":["Koishi:BloodcurdlingScream+1","Koishi:FleetingPhantom"],"picked":"Koishi:EmbryosDream","floor":18},{"not_picked":["Koishi:ReflexRadar","Koishi:SpiritedAway"],"picked":"Koishi:Jaunt","floor":19}],"player_experience":98948,"relics_obtained":[{"floor":9,"key":"Art of War"}],"event_choices":[{"damage_healed":0,"gold_gain":55,"player_choice":"Gained Gold","damage_taken":0,"max_hp_gain":0,"max_hp_loss":0,"event_name":"Golden Wing","floor":7,"gold_loss":0},{"damage_healed":0,"gold_gain":0,"player_choice":"Gave Potion","damage_taken":0,"relics_obtained":["Meat on the Bone"],"max_hp_gain":0,"max_hp_loss":0,"event_name":"WeMeetAgain","floor":8,"gold_loss":0}],"is_beta":false,"boss_relics":[{"not_picked":["Coffee Dripper","Koishi:ColorfulDays"],"picked":"Philosopher\u0027s Stone"}],"items_purged_floors":[],"is_endless":false,"potions_floor_spawned":[1,3,4,11,16,18],"killed_by":"Centurion and Healer","ascension_level":0}}