{"host":"zjc1tzo4ovig5lll","time":1612969605,"event":{"mods":["AchievementEnabler","Aspiration","BaseMod","Beaked The Cultist","Better Altar","Better Match","Better Note","Better Sensory Stone","Colored Map","Colored Powertips","Conspire","Energized Spire","Friendly Minions","GifTheSpireLib","Halation","Hermit","Hubris","Minty Spire (QoL Compilation)","Rare Cards Sparkle","Reliquary","Replay The Spire","StSLib","The Blue Laboratory","The Bug Knight","The Construct","The Jungle","everything is the same but u backflip on backflip"],"gold_per_floor":[112,112,179,195,23,57,57,57,57,57,68,68,68,85,85,185,185,196,196,214,230,78,78,78,108,108,108,122,122,122,122,122],"floor_reached":31,"language":"ENG","playtime":1132,"items_purged":[],"score":294,"play_id":"d2cf9a43-722a-4d54-8fec-42072e2a103b","local_time":"20210210170645","is_ascension_mode":true,"campfire_choices":[{"data":"conspire:Banana","floor":7,"key":"SMITH"},{"data":"DeceiveReality","floor":13,"key":"SMITH"},{"data":"BowlingBash","floor":15,"key":"SMITH"},{"floor":23,"key":"REST"},{"floor":27,"key":"REST"},{"data":"Adaptation","floor":30,"key":"SMITH"}],"circlet_count":0,"master_deck":["Strike_P","Strike_P","Strike_P","Strike_P+1","Defend_P","Defend_P","Defend_P","Defend_P","Eruption+1","Vigilance","BowlingBash+1","FearNoEvil+1","conspire:Banana+1","DeceiveReality+1","Replay:Cycle","FollowUp","Vengeance","Adaptation+1","Prostrate+1","FearNoEvil"],"relics":["PureWater","NeowsBlessing","hubris:Towel","Quantum Egg","halation:LettersToHer","reliquary:MudwinsCradle","Whetstone","halation:PinkSoulGem","energizedSpire:OgreHead","halation:AfternoonTea"],"acts_visited":["Exordium","TheCity"],"potions_floor_usage":[25,25],"damage_taken":[{"damage":0,"enemies":"Jaw Worm","floor":1,"turns":1},{"damage":0,"enemies":"Small Slimes","floor":4,"turns":1},{"damage":0,"enemies":"Gremlin Nob","floor":6,"turns":1},{"damage":0,"enemies":"2 Louse","floor":11,"turns":2},{"damage":0,"enemies":"Lots of Slimes","floor":14,"turns":3},{"damage":15,"enemies":"Slime Boss","floor":16,"turns":4},{"damage":0,"enemies":"Spheric Guardian","floor":18,"turns":1},{"damage":10,"enemies":"Chosen","floor":20,"turns":5},{"damage":24,"enemies":"Snecko","floor":21,"turns":9},{"damage":36,"enemies":"conspire:MimicChest","floor":25,"turns":6},{"damage":29,"enemies":"Sentry and Sphere","floor":28,"turns":6},{"damage":64,"enemies":"Gremlin Leader","floor":31,"turns":4}],"seed_played":"-8817959126221911191","potions_obtained":[{"floor":3,"key":"blueLaboratory:MidnightOil"},{"floor":4,"key":"Adrenaline Potion"},{"floor":16,"key":"blueLaboratory:FruitPunch"},{"floor":28,"key":"blueLaboratory:FrostheartPotion"}],"is_trial":false,"path_per_floor":["M","?","?","M","$","E","R","?","T","?","M","$","R","M","R","B",null,"M","?","M","M","$","R","?","?","T","R","M","?","R","E"],"character_chosen":"WATCHER","items_purchased":["FearNoEvil","conspire:Banana","Vengeance","Adaptation"],"campfire_rested":2,"item_purchase_floors":[5,5,22,22],"current_hp_per_floor":[72,72,54,54,54,54,54,54,54,54,56,56,56,58,58,45,78,78,78,70,48,48,72,72,40,40,65,53,53,53,0,0],"gold":122,"neow_bonus":"THREE_ENEMY_KILL","is_daily":false,"chose_seed":false,"campfire_upgraded":4,"win_rate":0.0,"timestamp":1612969605,"path_taken":["M","?","?","?","$","E","R","?","T","?","M","?","R","M","R","BOSS","M","?","M","M","$","R","?","?","T","R","?","?","R","E"],"items_purchased_type":["Card","Card","Card","Card"],"build_version":"2020-12-22","purchased_purges":0,"victory":false,"max_hp_per_floor":[72,72,72,72,72,72,72,72,72,72,74,74,74,76,76,78,78,78,78,80,82,82,82,82,86,86,86,88,88,88,90,90],"card_choices":[{"not_picked":["Protect","Replay:AtTheReady","Halt"],"picked":"SKIP","floor":1},{"not_picked":["Weave","Collect"],"picked":"BowlingBash","floor":3},{"not_picked":["ThirdEye","Halt","Replay:AtTheReady"],"picked":"SKIP","floor":4},{"not_picked":["SashWhip","EmptyBody","Replay:BluntJabs"],"picked":"SKIP","floor":6},{"not_picked":["Replay:Anticipation","Nirvana"],"picked":"DeceiveReality","floor":11},{"not_picked":["EmptyBody","Collect"],"picked":"Replay:Cycle","floor":14},{"not_picked":["Protect","Evaluate+1"],"picked":"FollowUp","floor":18},{"not_picked":["EmptyMind+1","FlurryOfBlows","BowlingBash"],"picked":"SKIP","floor":20},{"not_picked":["Nirvana","Collect","CrushJoints"],"picked":"SKIP","floor":21},{"not_picked":["Evaluate+1","Consecrate"],"picked":"Prostrate+1","floor":25},{"not_picked":["ClearTheMind","Protect+1","FearNoEvil"],"picked":"SKIP","floor":28},{"not_picked":["ClearTheMind","Protect+1"],"picked":"FearNoEvil","floor":28}],"player_experience":711985,"relics_obtained":[{"floor":3,"key":"Quantum Egg"},{"floor":6,"key":"halation:LettersToHer"},{"floor":9,"key":"reliquary:MudwinsCradle"},{"floor":9,"key":"Whetstone"},{"floor":25,"key":"halation:AfternoonTea"},{"floor":26,"key":"halation:LettersToHer"}],"event_choices":[{"damage_healed":0,"gold_gain":0,"player_choice":"Grow","damage_taken":0,"max_hp_gain":0,"max_hp_loss":0,"event_name":"Living Wall","floor":8,"gold_loss":0,"cards_upgraded":["Eruption"]},{"damage_healed":0,"gold_gain":0,"player_choice":"Ignored","damage_taken":0,"max_hp_gain":0,"max_hp_loss":0,"event_name":"Cursed Tome","floor":24,"gold_loss":0}],"is_beta":false,"boss_relics":[{"not_picked":["hubris:CrackedHourglass","Abe\u0027s Treasure"],"picked":"energizedSpire:OgreHead"}],"items_purged_floors":[],"is_endless":false,"potions_floor_spawned":[4,11,16,25,28],"killed_by":"Gremlin Leader","ascension_level":1}}