{"host":"kh6fvhxn285ncg0o","time":1612968689,"event":{"mods":["Act Like it!","BaseMod","Colored Map","Friendly Minions","Keyboard Shortcuts","Minty Spire (QoL Compilation)","Quick Restart","Relic Stats","StSLib","SuperFastMode","UnlockEverythingMod"],"gold_per_floor":[118,118,128,128,128,128,156,156,238,238,254,269,280,302,302,378,378,391,391,410,285,297,331,331,341,365,395,201,228,239,250,250,321,321,334,334,352,371,371,402,421,448,448,473,501,501,501,534,534,534,534,534,534,116,150,150],"floor_reached":57,"language":"KOR","playtime":1964,"items_purged":["Strike_R","Bash","Sever Soul+1"],"score":3610,"play_id":"ce1b5710-3c9a-40bd-9785-d98293e074d9","local_time":"20210210235129","is_ascension_mode":true,"campfire_choices":[{"data":"Entrench","floor":6.0,"key":"SMITH"},{"data":"Barricade","floor":8.0,"key":"SMITH"},{"data":"Sever Soul","floor":10.0,"key":"SMITH"},{"data":"Power Through","floor":15.0,"key":"SMITH"},{"data":"Body Slam","floor":24.0,"key":"SMITH"},{"data":"Pommel Strike","floor":32,"key":"SMITH"},{"floor":47,"key":"RECALL"},{"data":"Feel No Pain","floor":49,"key":"SMITH"},{"data":"Dark Embrace","floor":53,"key":"SMITH"}],"circlet_count":0,"master_deck":["AscendersBane","Defend_R","Defend_R+1","Defend_R","Defend_R","Barricade+1","Entrench+1","Power Through+1","Dark Embrace","Intimidate","Berserk","Power Through+1","Pommel Strike+1","Body Slam+1","Dark Embrace+1","Second Wind+1","Feel No Pain+1","Dark Shackles","Disarm+1","Evolve"],"relics":["Burning Blood","NeowsBlessing","Torii","FossilizedHelix","Mummified Hand","Odd Mushroom","Busted Crown","Nunchaku","White Beast Statue","Vajra","SlaversCollar","Incense Burner","Champion Belt","Darkstone Periapt","TungstenRod","War Paint","Akabeko","Frozen Eye","Centennial Puzzle"],"acts_visited":["Exordium","TheCity","TheBeyond","TheEnding"],"potions_floor_usage":[30,33,40,45,55,56,56],"damage_taken":[{"damage":0.0,"enemies":"Jaw Worm","floor":1.0,"turns":1.0},{"damage":0.0,"enemies":"Cultist","floor":3.0,"turns":1.0},{"damage":0.0,"enemies":"Gremlin Nob","floor":7.0,"turns":1.0},{"damage":1.0,"enemies":"2 Louse","floor":11.0,"turns":3.0},{"damage":0.0,"enemies":"Red Slaver","floor":12.0,"turns":5.0},{"damage":0.0,"enemies":"2 Fungi Beasts","floor":13.0,"turns":3.0},{"damage":18.0,"enemies":"The Mushroom Lair","floor":14.0,"turns":7.0},{"damage":0.0,"enemies":"The Guardian","floor":16.0,"turns":20.0},{"damage":0.0,"enemies":"Spheric Guardian","floor":18.0,"turns":9.0},{"damage":0.0,"enemies":"3 Byrds","floor":20.0,"turns":9.0},{"damage":0.0,"enemies":"Snake Plant","floor":22.0,"turns":6.0},{"damage":0.0,"enemies":"Gremlin Leader","floor":23.0,"turns":6.0},{"damage":0.0,"enemies":"Shelled Parasite and Fungi","floor":25.0,"turns":6.0},{"damage":56.0,"enemies":"Slavers","floor":27.0,"turns":15.0},{"damage":0,"enemies":"Book of Stabbing","floor":29,"turns":5},{"damage":0,"enemies":"Centurion and Healer","floor":30,"turns":5},{"damage":0,"enemies":"Snake Plant","floor":31,"turns":4},{"damage":0,"enemies":"Collector","floor":33,"turns":5},{"damage":0,"enemies":"Orb Walker","floor":35,"turns":4},{"damage":0,"enemies":"3 Shapes","floor":37,"turns":4},{"damage":0,"enemies":"Jaw Worm Horde","floor":38,"turns":3},{"damage":0,"enemies":"Reptomancer","floor":40,"turns":4},{"damage":9,"enemies":"3 Darklings","floor":41,"turns":4},{"damage":0,"enemies":"Nemesis","floor":42,"turns":7},{"damage":0,"enemies":"Mind Bloom Boss Battle","floor":44,"turns":6},{"damage":8,"enemies":"Reptomancer","floor":45,"turns":5},{"damage":0,"enemies":"Nemesis","floor":48,"turns":7},{"damage":26,"enemies":"Awakened One","floor":50,"turns":5},{"damage":0,"enemies":"Time Eater","floor":51,"turns":6},{"damage":0,"enemies":"Shield and Spear","floor":55,"turns":6},{"damage":0,"enemies":"The Heart","floor":56,"turns":8}],"seed_played":"6322013579646476255","potions_obtained":[{"floor":12.0,"key":"ElixirPotion"},{"floor":13.0,"key":"HeartOfIron"},{"floor":14.0,"key":"SteroidPotion"},{"floor":16.0,"key":"Block Potion"},{"floor":18.0,"key":"DuplicationPotion"},{"floor":29,"key":"Weak Potion"},{"floor":30,"key":"DuplicationPotion"},{"floor":33,"key":"Explosive Potion"},{"floor":35,"key":"DuplicationPotion"},{"floor":40,"key":"Explosive Potion"},{"floor":41,"key":"Weak Potion"},{"floor":42,"key":"BloodPotion"},{"floor":45,"key":"Strength Potion"},{"floor":48,"key":"Weak Potion"},{"floor":55,"key":"ElixirPotion"}],"is_trial":false,"path_per_floor":["M","?","M","?","?","R","E","R","T","R","M","M","M","?","R","B",null,"M","?","M","$","M","E","R","M","T","E","$","E","M","M","R","B",null,"M","?","M","M","?","E","M","E","T","?","E","?","R","E","R","B","B",null,"R","$","E","B",null],"character_chosen":"IRONCLAD","items_purchased":["Body Slam","Swift Potion","Dark Embrace","Frozen Eye","Evolve","ColorlessPotion"],"campfire_rested":0,"item_purchase_floors":[21,28,28,54,54,54],"current_hp_per_floor":[74,74,75,70,70,70,75,75,75,75,75,75,75,63,63,69,74,75,75,75,75,75,75,75,75,75,25,25,31,37,43,43,49,69,75,75,75,75,65,71,68,74,74,75,75,75,75,75,75,55,61,72,72,72,75,75],"gold":150,"neow_bonus":"THREE_ENEMY_KILL","is_daily":false,"chose_seed":false,"campfire_upgraded":8,"win_rate":0.0,"timestamp":1612968689,"path_taken":["M","?","?","?","?","R","E","R","T","R","?","M","M","?","R","BOSS","M","?","M","$","M","E","R","M","T","E","$","E","M","M","R","BOSS","M","?","M","M","?","E","M","E","T","?","E","?","R","E","R","BOSS","BOSS","R","$","E","BOSS"],"items_purchased_type":["Card","Potion","Card","Relic","Card","Potion"],"build_version":"2020-12-22","purchased_purges":3,"victory":true,"max_hp_per_floor":[75,75,75,75,75,75,75,75,75,75,75,75,75,75,75,75,75,75,75,75,75,75,75,75,75,75,75,75,75,75,75,75,75,75,75,75,75,75,75,75,75,75,75,75,75,75,75,75,75,75,75,75,75,75,75,75],"relic_stats":{"Darkstone Periapt":0,"Nunchaku":[14],"Centennial Puzzle":[0],"Busted Crown":46,"Torii":6,"counters":[31,180],"Mummified Hand":[101],"Champion Belt":[0],"War Paint":["Second Wind","Defend_R"],"obtain_stats":[{"Darkstone Periapt":43,"NeowsBlessing":0,"Torii":4,"Vajra":29,"Incense Burner":40,"Odd Mushroom":14,"War Paint":45,"Burning Blood":0,"White Beast Statue":27,"Akabeko":48,"SlaversCollar":34,"Frozen Eye":54,"Nunchaku":23,"Centennial Puzzle":55,"Busted Crown":17,"Mummified Hand":9,"Champion Belt":42,"FossilizedHelix":7,"TungstenRod":44},{"Darkstone Periapt":24,"NeowsBlessing":0,"Torii":2,"Vajra":15,"Incense Burner":22,"Odd Mushroom":7,"War Paint":26,"Burning Blood":0,"White Beast Statue":14,"Akabeko":27,"SlaversCollar":18,"Frozen Eye":29,"Nunchaku":12,"Centennial Puzzle":30,"Busted Crown":8,"Mummified Hand":3,"Champion Belt":24,"FossilizedHelix":3,"TungstenRod":25},{"Darkstone Periapt":137,"NeowsBlessing":0,"Torii":2,"Vajra":97,"Incense Burner":126,"Odd Mushroom":21,"War Paint":148,"Burning Blood":0,"White Beast Statue":92,"Akabeko":155,"SlaversCollar":111,"Frozen Eye":166,"Nunchaku":71,"Centennial Puzzle":172,"Busted Crown":41,"Mummified Hand":3,"Champion Belt":137,"FossilizedHelix":3,"TungstenRod":143}],"Burning Blood":102,"TungstenRod":4},"card_choices":[{"not_picked":["Pommel Strike","Wild Strike"],"picked":"Sever Soul","floor":1.0},{"not_picked":["Infernal Blade","Twin Strike"],"picked":"Entrench","floor":3.0},{"not_picked":["Whirlwind","Iron Wave","Double Tap"],"picked":"SKIP","floor":7.0},{"not_picked":["Whirlwind","Iron Wave","Double Tap"],"picked":"SKIP","floor":7.0},{"not_picked":["Heavy Blade","Body Slam"],"picked":"Power Through","floor":11.0},{"not_picked":["Burning Pact","Iron Wave"],"picked":"Dark Embrace","floor":12.0},{"not_picked":["Havoc","Iron Wave","Wild Strike"],"picked":"SKIP","floor":13.0},{"not_picked":["Perfected Strike","Flex"],"picked":"Intimidate","floor":14.0},{"not_picked":["Corruption","Juggernaut"],"picked":"Berserk","floor":16.0},{"not_picked":[],"picked":"Power Through+1","floor":18.0},{"not_picked":["Reckless Charge"],"picked":"SKIP","floor":20.0},{"not_picked":["Sword Boomerang"],"picked":"SKIP","floor":22.0},{"not_picked":["Havoc"],"picked":"SKIP","floor":23.0},{"not_picked":["Power Through"],"picked":"SKIP","floor":25.0},{"not_picked":["Twin Strike"],"picked":"SKIP","floor":27.0},{"not_picked":["Anger"],"picked":"SKIP","floor":29},{"not_picked":[],"picked":"Second Wind","floor":30},{"not_picked":[],"picked":"Feel No Pain","floor":31},{"not_picked":["Havoc"],"picked":"SKIP","floor":35},{"not_picked":["Sentinel+1"],"picked":"SKIP","floor":37},{"not_picked":["Body Slam"],"picked":"SKIP","floor":38},{"not_picked":[],"picked":"Dark Shackles","floor":39},{"not_picked":["Flex"],"picked":"SKIP","floor":40},{"not_picked":["Intimidate"],"picked":"SKIP","floor":41},{"not_picked":["Sever Soul"],"picked":"SKIP","floor":42},{"not_picked":[],"picked":"Disarm+1","floor":44},{"not_picked":["Searing Blow"],"picked":"SKIP","floor":45},{"not_picked":["Infernal Blade"],"picked":"SKIP","floor":48},{"not_picked":["Infernal Blade"],"picked":"SKIP","floor":48},{"not_picked":["Dropkick+1"],"picked":"SKIP","floor":55}],"player_experience":1359274,"relics_obtained":[{"floor":7.0,"key":"FossilizedHelix"},{"floor":9.0,"key":"Mummified Hand"},{"floor":14.0,"key":"Odd Mushroom"},{"floor":23.0,"key":"Nunchaku"},{"floor":27.0,"key":"White Beast Statue"},{"floor":29,"key":"Vajra"},{"floor":40,"key":"Incense Burner"},{"floor":42,"key":"Champion Belt"},{"floor":43,"key":"Darkstone Periapt"},{"floor":44,"key":"TungstenRod"},{"floor":45,"key":"War Paint"},{"floor":48,"key":"Akabeko"},{"floor":55,"key":"Centennial Puzzle"}],"event_choices":[{"damage_healed":0.0,"max_hp_gain":0.0,"max_hp_loss":0.0,"gold_gain":0.0,"cards_transformed":["Strike_R"],"event_name":"Transmorgrifier","player_choice":"Transformed","floor":2.0,"gold_loss":0.0,"damage_taken":0.0,"cards_obtained":["Barricade"]},{"damage_healed":0.0,"max_hp_gain":0.0,"max_hp_loss":0.0,"gold_gain":0.0,"event_name":"Scrap Ooze","player_choice":"Success","floor":4.0,"gold_loss":0.0,"damage_taken":5.0,"relics_obtained":["Torii"]},{"cards_removed":["Strike_R"],"damage_healed":0.0,"max_hp_gain":0.0,"max_hp_loss":0.0,"gold_gain":0.0,"event_name":"Bonfire Elementals","player_choice":"Offered Basic","floor":5.0,"gold_loss":0.0,"damage_taken":0.0},{"damage_healed":0.0,"max_hp_gain":0.0,"max_hp_loss":0.0,"gold_gain":0.0,"event_name":"Mushrooms","player_choice":"Fought Mushrooms","floor":14.0,"gold_loss":0.0,"damage_taken":0.0},{"damage_healed":0.0,"max_hp_gain":0.0,"max_hp_loss":0.0,"gold_gain":0.0,"cards_transformed":["Strike_R","Strike_R"],"event_name":"Drug Dealer","player_choice":"Became Test Subject","floor":19.0,"gold_loss":0.0,"damage_taken":0.0,"cards_obtained":["Spot Weakness","Pommel Strike"]},{"cards_removed":["Spot Weakness"],"damage_healed":0,"gold_gain":0,"player_choice":"Removed Skill","damage_taken":0,"max_hp_gain":0,"max_hp_loss":0,"event_name":"Falling","floor":36,"gold_loss":0},{"damage_healed":0,"gold_gain":0,"player_choice":"Memory 3","damage_taken":10,"max_hp_gain":0,"max_hp_loss":0,"event_name":"SensoryStone","floor":39,"gold_loss":0},{"damage_healed":0,"gold_gain":0,"player_choice":"Fight","damage_taken":0,"max_hp_gain":0,"max_hp_loss":0,"event_name":"MindBloom","floor":44,"gold_loss":0},{"damage_healed":0,"gold_gain":0,"player_choice":"Ignored","damage_taken":0,"max_hp_gain":0,"max_hp_loss":0,"event_name":"Tomb of Lord Red Mask","floor":46,"gold_loss":0}],"is_beta":false,"boss_relics":[{"not_picked":["Calling Bell","Snecko Eye"],"picked":"Busted Crown"},{"not_picked":["Black Star","Astrolabe"],"picked":"SlaversCollar"}],"items_purged_floors":[21,28,54],"is_endless":false,"potions_floor_spawned":[12,13,14,16,18,22,29,30,31,33,35,37,38,40,41,42,44,45,48,55],"ascension_level":20}}