{"host":"6gwm7y0tp7acoxay","time":1612941053,"event":{"mods":["BaseMod","Colored Map","Keyboard Shortcuts","Minty Spire (QoL Compilation)","Quick Restart","StSLib","SuperFastMode","everything is the same but u backflip on backflip"],"gold_per_floor":[112,131,131,182,198,223,242,269,269,303,338,371,406,434,434,508,508,518,518,538,159,185,219,252,285,285,285,335,370,389,421,421,494,494,507,507,183,201,226,253,280,280,280,308,208,240,142,184,196,208,220,232,244,131,164,164],"floor_reached":57,"language":"KOR","playtime":2064,"items_purged":["Heavy Blade","Clash","Thunderclap"],"score":3521,"play_id":"a28c4334-3b62-47a7-8901-9740fc612a47","local_time":"20210210161053","daily_mods":["SealedDeck","Heirloom","Flight"],"is_ascension_mode":true,"campfire_choices":[{"data":"Armaments","floor":15,"key":"SMITH"},{"data":"Master of Strategy","floor":32,"key":"SMITH"},{"floor":42,"key":"RECALL"},{"data":"Battle Trance","floor":49,"key":"SMITH"},{"data":"True Grit","floor":53,"key":"SMITH"}],"circlet_count":0,"master_deck":["AscendersBane","Body Slam","Sever Soul","True Grit+1","Pommel Strike","Armaments+1","Shrug It Off","Sword Boomerang","Battle Trance+1","Demon Form+1","Reaper+1","Master of Strategy+1","Uppercut","Fire Breathing+1","Reaper","Feel No Pain+1"],"relics":["Burning Blood","Thread and Needle","Bag of Marbles","InkBottle","Self Forming Clay","Frozen Egg 2","HornCleat","Ornamental Fan","Pocketwatch","Paper Frog","Omamori","Busted Crown","Orrery","Red Mask","Mummified Hand","Potion Belt","Charon\u0027s Ashes","White Beast Statue","Shuriken","Ginger","Black Star","Anchor","Medical Kit","Prayer Wheel","Mercury Hourglass","Gambling Chip","Juzu Bracelet","Dead Branch","Pantograph","CeramicFish","Oddly Smooth Stone","MawBank","Sundial","Bottled Tornado","Centennial Puzzle","Letter Opener"],"acts_visited":["Exordium","TheCity","TheBeyond","TheEnding"],"potions_floor_usage":[6,13,31,33,39,41,55,56,56,56],"damage_taken":[{"damage":3,"enemies":"Jaw Worm","floor":1,"turns":2},{"damage":0,"enemies":"Cultist","floor":2,"turns":3},{"damage":0,"enemies":"2 Louse","floor":5,"turns":1},{"damage":6,"enemies":"3 Sentries","floor":6,"turns":5},{"damage":0,"enemies":"Gremlin Gang","floor":7,"turns":2},{"damage":32,"enemies":"Lagavulin","floor":8,"turns":8},{"damage":5,"enemies":"3 Sentries","floor":10,"turns":5},{"damage":11,"enemies":"Lagavulin","floor":11,"turns":4},{"damage":0,"enemies":"Gremlin Nob","floor":12,"turns":3},{"damage":4,"enemies":"3 Sentries","floor":13,"turns":4},{"damage":0,"enemies":"Gremlin Nob","floor":14,"turns":3},{"damage":0,"enemies":"Slime Boss","floor":16,"turns":5},{"damage":4,"enemies":"2 Thieves","floor":18,"turns":3},{"damage":10,"enemies":"Shell Parasite","floor":20,"turns":4},{"damage":8,"enemies":"Masked Bandits","floor":22,"turns":3},{"damage":33,"enemies":"Slavers","floor":23,"turns":4},{"damage":10,"enemies":"Gremlin Leader","floor":24,"turns":6},{"damage":14,"enemies":"Book of Stabbing","floor":25,"turns":4},{"damage":17,"enemies":"Slavers","floor":29,"turns":3},{"damage":0,"enemies":"Snake Plant","floor":30,"turns":2},{"damage":0,"enemies":"Book of Stabbing","floor":31,"turns":3},{"damage":20,"enemies":"Collector","floor":33,"turns":6},{"damage":10,"enemies":"3 Darklings","floor":35,"turns":3},{"damage":0,"enemies":"3 Shapes","floor":38,"turns":2},{"damage":10,"enemies":"Mind Bloom Boss Battle","floor":39,"turns":5},{"damage":1,"enemies":"Giant Head","floor":40,"turns":4},{"damage":23,"enemies":"Reptomancer","floor":41,"turns":4},{"damage":12,"enemies":"Nemesis","floor":44,"turns":5},{"damage":12,"enemies":"Reptomancer","floor":46,"turns":5},{"damage":14,"enemies":"Giant Head","floor":48,"turns":5},{"damage":62,"enemies":"Awakened One","floor":50,"turns":9},{"damage":0,"enemies":"Time Eater","floor":51,"turns":4},{"damage":47,"enemies":"Shield and Spear","floor":55,"turns":5},{"damage":31,"enemies":"The Heart","floor":56,"turns":6}],"seed_played":"5168078791961321699","potions_obtained":[{"floor":2,"key":"LiquidBronze"},{"floor":5,"key":"DistilledChaos"},{"floor":11,"key":"LiquidBronze"},{"floor":12,"key":"Strength Potion"},{"floor":13,"key":"Explosive Potion"},{"floor":29,"key":"BloodPotion"},{"floor":30,"key":"Swift Potion"},{"floor":31,"key":"Block Potion"},{"floor":33,"key":"BloodPotion"},{"floor":35,"key":"Ancient Potion"},{"floor":38,"key":"BloodPotion"},{"floor":39,"key":"DistilledChaos"},{"floor":41,"key":"SkillPotion"},{"floor":55,"key":"LiquidMemories"}],"is_trial":true,"path_per_floor":["M","M","?","T","M","E","M","E","T","E","E","E","E","E","R","B",null,"M","?","M","$","?","E","E","E","T","?","?","E","M","E","R","B",null,"M","?","$","M","?","E","E","R","T","E","$","E","?","E","R","B","B",null,"R","$","E","B",null],"character_chosen":"IRONCLAD","items_purchased":["Master of Strategy","Orrery","Medical Kit","Feel No Pain+1"],"campfire_rested":0,"item_purchase_floors":[21,21,37,37],"current_hp_per_floor":[71,75,80,80,80,80,80,54,54,55,50,56,58,64,64,70,78,80,80,76,76,80,69,79,80,80,80,80,80,80,80,80,80,80,80,80,80,80,80,80,79,79,79,80,80,80,80,80,80,80,80,80,80,80,80,80],"gold":164,"neow_bonus":"","is_daily":false,"chose_seed":false,"campfire_upgraded":4,"win_rate":0.0,"timestamp":1612941053,"path_taken":["M","M","?","?","?","E","?","E","T","E","E","E","E","E","R","BOSS","M","?","?","$","?","E","E","E","T","?","?","E","?","E","R","BOSS","M","?","$","?","?","E","E","R","T","E","$","E","?","E","R","BOSS","BOSS","R","$","E","BOSS"],"items_purchased_type":["Card","Relic","Relic","Card"],"build_version":"2020-12-22","purchased_purges":3,"victory":true,"max_hp_per_floor":[75,75,80,80,80,80,80,80,80,80,80,80,80,80,80,80,80,80,80,80,80,80,80,80,80,80,80,80,80,80,80,80,80,80,80,80,80,80,80,80,80,80,80,80,80,80,80,80,80,80,80,80,80,80,80,80],"card_choices":[{"not_picked":["Flame Barrier","Body Slam"],"picked":"Shrug It Off","floor":1},{"not_picked":["Flex","Headbutt"],"picked":"Sword Boomerang","floor":2},{"not_picked":["Perfected Strike","Twin Strike","Heavy Blade"],"picked":"SKIP","floor":5},{"not_picked":["Shrug It Off","Thunderclap","Body Slam"],"picked":"SKIP","floor":6},{"not_picked":["Entrench","Dual Wield","Warcry"],"picked":"SKIP","floor":7},{"not_picked":["Entrench","Warcry"],"picked":"Battle Trance","floor":8},{"not_picked":["Iron Wave","Anger"],"picked":"Spot Weakness","floor":10},{"not_picked":["Searing Blow","Flex","Body Slam"],"picked":"SKIP","floor":11},{"not_picked":["Metallicize+1","Clothesline","Sword Boomerang"],"picked":"SKIP","floor":12},{"not_picked":["Anger","Body Slam"],"picked":"Demon Form+1","floor":13},{"not_picked":["Anger","Cleave","Twin Strike"],"picked":"SKIP","floor":14},{"not_picked":["Berserk+1","Offering"],"picked":"Reaper","floor":16},{"not_picked":["Havoc+1"],"picked":"SKIP","floor":18},{"not_picked":["Iron Wave"],"picked":"SKIP","floor":20},{"not_picked":[],"picked":"Uppercut","floor":21},{"not_picked":["Twin Strike"],"picked":"SKIP","floor":23},{"not_picked":["Flex"],"picked":"SKIP","floor":24},{"not_picked":["Headbutt"],"picked":"SKIP","floor":25},{"not_picked":["Infernal Blade"],"picked":"SKIP","floor":29},{"not_picked":["Clothesline+1"],"picked":"SKIP","floor":30},{"not_picked":["Metallicize+1"],"picked":"SKIP","floor":31},{"not_picked":[],"picked":"Reaper","floor":33},{"not_picked":["Havoc"],"picked":"SKIP","floor":35},{"not_picked":["Combust+1"],"picked":"SKIP","floor":38},{"not_picked":["True Grit"],"picked":"SKIP","floor":40},{"not_picked":["Flame Barrier"],"picked":"SKIP","floor":41},{"not_picked":["Flame Barrier"],"picked":"SKIP","floor":41},{"not_picked":["True Grit"],"picked":"SKIP","floor":44},{"not_picked":["Wild Strike"],"picked":"SKIP","floor":46},{"not_picked":["Rage"],"picked":"SKIP","floor":48},{"not_picked":["Spot Weakness"],"picked":"SKIP","floor":55}],"player_experience":4515360,"relics_obtained":[{"floor":4,"key":"Bag of Marbles"},{"floor":6,"key":"InkBottle"},{"floor":8,"key":"Self Forming Clay"},{"floor":9,"key":"Frozen Egg 2"},{"floor":10,"key":"HornCleat"},{"floor":11,"key":"Ornamental Fan"},{"floor":12,"key":"Pocketwatch"},{"floor":13,"key":"Paper Frog"},{"floor":14,"key":"Omamori"},{"floor":22,"key":"Red Mask"},{"floor":23,"key":"Mummified Hand"},{"floor":24,"key":"Potion Belt"},{"floor":25,"key":"Charon\u0027s Ashes"},{"floor":26,"key":"White Beast Statue"},{"floor":29,"key":"Shuriken"},{"floor":31,"key":"Ginger"},{"floor":39,"key":"Prayer Wheel"},{"floor":40,"key":"Mercury Hourglass"},{"floor":40,"key":"Gambling Chip"},{"floor":41,"key":"Juzu Bracelet"},{"floor":41,"key":"Dead Branch"},{"floor":44,"key":"Pantograph"},{"floor":44,"key":"CeramicFish"},{"floor":46,"key":"Oddly Smooth Stone"},{"floor":46,"key":"MawBank"},{"floor":48,"key":"Sundial"},{"floor":48,"key":"Bottled Tornado"},{"floor":55,"key":"Centennial Puzzle"},{"floor":55,"key":"Letter Opener"}],"event_choices":[{"damage_healed":0,"gold_gain":0,"player_choice":"Donut","damage_taken":0,"max_hp_gain":5,"max_hp_loss":0,"event_name":"Big Fish","floor":3,"gold_loss":0},{"cards_removed":["Cleave"],"damage_healed":0,"gold_gain":0,"player_choice":"Purged","damage_taken":0,"max_hp_gain":0,"max_hp_loss":0,"event_name":"Purifier","floor":19,"gold_loss":0},{"damage_healed":0,"gold_gain":0,"player_choice":"Fought Bandits","damage_taken":0,"max_hp_gain":0,"max_hp_loss":0,"event_name":"Masked Bandits","floor":22,"gold_loss":0},{"damage_healed":0,"gold_gain":0,"cards_transformed":["Wild Strike","Spot Weakness"],"player_choice":"Became Test Subject","damage_taken":0,"max_hp_gain":0,"max_hp_loss":0,"event_name":"Drug Dealer","floor":27,"gold_loss":0,"cards_obtained":["Fire Breathing","Clash"]},{"damage_healed":0,"gold_gain":50,"player_choice":"Pray","damage_taken":0,"max_hp_gain":0,"max_hp_loss":0,"event_name":"Golden Shrine","floor":28,"gold_loss":0},{"damage_healed":0,"gold_gain":0,"player_choice":"Gave Potion","damage_taken":0,"relics_obtained":["Anchor"],"max_hp_gain":0,"max_hp_loss":0,"event_name":"WeMeetAgain","floor":36,"gold_loss":0},{"damage_healed":0,"gold_gain":0,"player_choice":"Fight","damage_taken":0,"max_hp_gain":0,"max_hp_loss":0,"event_name":"MindBloom","floor":39,"gold_loss":0},{"cards_removed":["Headbutt"],"damage_healed":0,"gold_gain":0,"player_choice":"Upgrade and Remove","damage_taken":0,"max_hp_gain":0,"max_hp_loss":0,"event_name":"Designer","floor":47,"gold_loss":110,"cards_upgraded":["Reaper"]}],"is_beta":false,"boss_relics":[{"not_picked":["Coffee Dripper","Runic Cube"],"picked":"Busted Crown"},{"not_picked":["Runic Pyramid","Astrolabe"],"picked":"Black Star"}],"items_purged_floors":[37,45,54],"is_endless":false,"potions_floor_spawned":[2,5,11,12,13,22,29,30,31,33,35,38,39,40,41,44,46,48,55],"ascension_level":20}}