{"host":"7c48c022du196gjj","time":1612935895,"event":{"mods":["BaseMod","Better Third Choice","Colored Map","Hubris","Minty Spire (QoL Compilation)","Monster B Gone","Quick Restart","Reliquary","Replay The Spire","Say the Spire","Smile Girya","Spicy Shops","StSLib"],"gold_per_floor":[114,114,131,131,14,14,46,46,98,124,124,137,137,197,197,274,274,339,339,339],"floor_reached":19,"language":"ENG","playtime":3109,"items_purged":[],"score":306,"play_id":"14a49cb7-f38b-4dfa-8a53-ef3951bbd933","local_time":"20210209234455","is_ascension_mode":true,"campfire_choices":[{"data":"Demon Form","floor":6,"key":"SMITH"},{"data":"Fire Breathing","floor":8,"key":"SMITH"},{"floor":15,"key":"REST"}],"circlet_count":0,"master_deck":["AscendersBane","Strike_R","Strike_R","Strike_R","Strike_R","Strike_R","Defend_R","Defend_R","Defend_R","Defend_R","Bash","hubris:SharpeningStone","Cleave","Demon Form+1","Fire Breathing+1","Wild Strike","Feed","Shrug It Off","Amnesia","Thunderclap","Immolate","CurseOfTheBell","Pommel Strike"],"relics":["Burning Blood","hubris:Towel","hubris:Potato","hubris:OldNail","Bronze Scales","ReplayTheSpireMod:Ring of Challenge","Calling Bell","Nunchaku","Paper Frog","hubris:64BitClover"],"acts_visited":["Exordium","TheCity"],"potions_floor_usage":[7,14,18],"damage_taken":[{"damage":6,"enemies":"Cultist","floor":1,"turns":4},{"damage":9,"enemies":"Jaw Worm","floor":3,"turns":4},{"damage":20,"enemies":"3 Sentries","floor":7,"turns":5},{"damage":31,"enemies":"Gremlin Nob","floor":10,"turns":4},{"damage":0,"enemies":"2 Louse","floor":12,"turns":2},{"damage":2,"enemies":"Large Slime","floor":14,"turns":5},{"damage":45,"enemies":"Hexaghost","floor":16,"turns":8},{"damage":28,"enemies":"Spheric Guardian","floor":18,"turns":3},{"damage":57,"enemies":"Shell Parasite","floor":19,"turns":6}],"seed_played":"-6221897512284103620","potions_obtained":[{"floor":3,"key":"PowerPotion"},{"floor":12,"key":"SteroidPotion"},{"floor":16,"key":"BlessingOfTheForge"}],"is_trial":false,"path_per_floor":["M","?","M","?","$","R","E","R","T","E","$","M","?","M","R","B",null,"M","M"],"character_chosen":"IRONCLAD","items_purchased":["Fire Breathing"],"campfire_rested":1,"item_purchase_floors":[5],"current_hp_per_floor":[64,64,61,61,61,61,47,47,47,22,22,28,28,32,58,19,72,50,0,0],"gold":339,"neow_bonus":"TWENTY_PERCENT_HP_BONUS","is_daily":false,"chose_seed":false,"campfire_upgraded":2,"win_rate":0.0,"timestamp":1612935895,"path_taken":["M","?","M","?","$","R","E","R","T","E","?","M","?","M","R","BOSS","M","M"],"items_purchased_type":["Card"],"build_version":"2020-12-22","purchased_purges":0,"victory":false,"max_hp_per_floor":[89,89,89,89,89,89,89,89,89,89,89,89,89,89,89,89,89,89,89,89],"card_choices":[{"not_picked":["Anger","Run Through"],"picked":"hubris:SharpeningStone","floor":1},{"not_picked":["Sword Boomerang","Heavy Blade"],"picked":"Cleave","floor":3},{"not_picked":["Clothesline","Barricade"],"picked":"Wild Strike","floor":7},{"not_picked":["Sword Boomerang","Seeing Red"],"picked":"Feed","floor":10},{"not_picked":["Havoc","True Grit"],"picked":"Shrug It Off","floor":12},{"not_picked":["Clothesline","Fiend Fire"],"picked":"Thunderclap","floor":14},{"not_picked":["Impervious","Juggernaut"],"picked":"Immolate","floor":16},{"not_picked":["Havoc","True Grit"],"picked":"Pommel Strike","floor":18}],"player_experience":877533,"relics_obtained":[{"floor":7,"key":"hubris:Potato"},{"floor":9,"key":"hubris:OldNail"},{"floor":10,"key":"Bronze Scales"},{"floor":13,"key":"ReplayTheSpireMod:Ring of Challenge"},{"floor":17,"key":"Nunchaku"},{"floor":17,"key":"Paper Frog"},{"floor":17,"key":"hubris:64BitClover"}],"event_choices":[],"is_beta":false,"boss_relics":[{"not_picked":["Ectoplasm","ReplayTheSpireMod:DimensionalGlitch"],"picked":"Calling Bell"}],"items_purged_floors":[],"is_endless":false,"potions_floor_spawned":[3,12,16],"killed_by":"Shell Parasite","ascension_level":15}}