{"host":"tjq6rykv202u6iqx","time":1612988586,"event":{"mods":["AchievementEnabler","BaseMod","Minty Spire (QoL Compilation)","Rare Cards Sparkle","Relic Stats"],"gold_per_floor":[119,119,133,133,133,158,184,196,232,276,298,310,322,346,358,446,508,536,30,44,94,113,113,113,113],"floor_reached":24,"language":"ENG","playtime":1363,"items_purged":["Strike_B"],"score":427,"play_id":"69dfd848-3ce2-4a29-bfaa-921d92860432","local_time":"20210210142306","is_ascension_mode":true,"campfire_choices":[{"data":"Tempest","floor":8.0,"key":"SMITH"},{"data":"Defragment","floor":12.0,"key":"SMITH"},{"data":"Zap","floor":15.0,"key":"SMITH"},{"floor":23.0,"key":"REST"}],"circlet_count":0,"master_deck":["AscendersBane","Strike_B","Strike_B+1","Strike_B","Defend_B","Defend_B+1","Defend_B+1","Zap+1","Dualcast","Beam Cell+1","Ball Lightning","Tempest+1","Coolheaded","Hello World","Defragment+1","Undo","Fission","Stack","Leap+1","Core Surge","Defragment+1","Conserve Battery","Darkness","Cold Snap","BootSequence"],"relics":["Cracked Core","NeowsBlessing","MawBank","Orichalcum","Darkstone Periapt","Tiny House","DollysMirror"],"acts_visited":["Exordium","TheCity"],"potions_floor_usage":[24],"damage_taken":[{"damage":0.0,"enemies":"Small Slimes","floor":1.0,"turns":1.0},{"damage":0.0,"enemies":"Cultist","floor":3.0,"turns":1.0},{"damage":0.0,"enemies":"3 Sentries","floor":6.0,"turns":1.0},{"damage":0.0,"enemies":"2 Louse","floor":7.0,"turns":2.0},{"damage":10.0,"enemies":"Gremlin Nob","floor":10.0,"turns":3.0},{"damage":0.0,"enemies":"2 Fungi Beasts","floor":11.0,"turns":2.0},{"damage":8.0,"enemies":"Red Slaver","floor":14.0,"turns":2.0},{"damage":2.0,"enemies":"Hexaghost","floor":16.0,"turns":8.0},{"damage":13.0,"enemies":"3 Byrds","floor":18.0,"turns":3.0},{"damage":15.0,"enemies":"Spheric Guardian","floor":20.0,"turns":6.0},{"damage":29.0,"enemies":"Snake Plant","floor":22.0,"turns":6.0},{"damage":30,"enemies":"Book of Stabbing","floor":24,"turns":7}],"seed_played":"1549088100616329479","potions_obtained":[{"floor":1.0,"key":"PowerPotion"},{"floor":3.0,"key":"Fire Potion"},{"floor":11.0,"key":"SkillPotion"},{"floor":17.0,"key":"Explosive Potion"},{"floor":22.0,"key":"FocusPotion"}],"is_trial":false,"path_per_floor":["M","?","M","?","?","E","M","R","T","E","M","R","$","M","R","B",null,"M","$","M","?","M","R","E"],"character_chosen":"DEFECT","items_purchased":["Core Surge","DollysMirror","Conserve Battery","Darkness"],"campfire_rested":1,"item_purchase_floors":[19,19,19,19],"current_hp_per_floor":[64,64,64,43,43,43,43,43,43,33,33,33,33,25,25,23,64,51,51,36,36,7,29,0,0],"gold":113,"neow_bonus":"THREE_ENEMY_KILL","is_daily":false,"chose_seed":false,"campfire_upgraded":3,"win_rate":0.0,"timestamp":1612988586,"path_taken":["M","?","?","?","?","E","M","R","T","E","M","R","$","?","R","BOSS","M","$","M","?","M","R","E"],"items_purchased_type":["Card","Relic","Card","Card"],"build_version":"2020-12-22","purchased_purges":1,"victory":false,"max_hp_per_floor":[71,71,71,71,71,71,71,71,71,71,71,71,71,71,71,71,76,76,76,76,76,76,76,76,76],"relic_stats":{"Darkstone Periapt":0,"counters":[12,42],"Orichalcum":[54],"MawBank":156,"obtain_stats":[{"Darkstone Periapt":10,"Tiny House":17,"NeowsBlessing":0,"DollysMirror":19,"Orichalcum":9,"Cracked Core":0,"MawBank":6},{"Darkstone Periapt":5,"Tiny House":8,"NeowsBlessing":0,"DollysMirror":9,"Orichalcum":4,"Cracked Core":0,"MawBank":3},{"Darkstone Periapt":8,"Tiny House":20,"NeowsBlessing":0,"DollysMirror":23,"Orichalcum":5,"Cracked Core":0,"MawBank":3}]},"card_choices":[{"not_picked":["Gash","Heatsinks"],"picked":"Beam Cell","floor":1.0},{"not_picked":["Melter","Compile Driver"],"picked":"Ball Lightning","floor":3.0},{"not_picked":["Redo","Barrage"],"picked":"Tempest","floor":6.0},{"not_picked":["Hologram","Compile Driver"],"picked":"Coolheaded","floor":7.0},{"not_picked":["Steam","Blizzard"],"picked":"Hello World","floor":10.0},{"not_picked":["Sweeping Beam","Redo"],"picked":"Defragment","floor":11.0},{"not_picked":["Heatsinks","Reprogram"],"picked":"Undo","floor":14.0},{"not_picked":["Amplify","Creative AI"],"picked":"Fission","floor":16.0},{"not_picked":["Rebound","Darkness"],"picked":"Stack","floor":17.0},{"not_picked":["Steam Power+1","Barrage+1"],"picked":"Leap+1","floor":18.0},{"not_picked":["Redo","Stack"],"picked":"Cold Snap","floor":20.0},{"not_picked":["Scrape","Sweeping Beam"],"picked":"BootSequence","floor":22.0}],"player_experience":940810,"relics_obtained":[{"floor":6.0,"key":"MawBank"},{"floor":9.0,"key":"Orichalcum"},{"floor":10.0,"key":"Darkstone Periapt"}],"event_choices":[{"cards_removed":["Defend_B"],"damage_healed":0.0,"max_hp_gain":0.0,"max_hp_loss":0.0,"gold_gain":0.0,"event_name":"Bonfire Elementals","player_choice":"Offered Basic","floor":2.0,"gold_loss":0.0,"damage_taken":0.0},{"damage_healed":0.0,"max_hp_gain":0.0,"max_hp_loss":0.0,"gold_gain":0.0,"event_name":"Shining Light","player_choice":"Entered Light","floor":4.0,"gold_loss":0.0,"damage_taken":21.0,"cards_upgraded":["Defend_B","Strike_B"]},{"damage_healed":0.0,"max_hp_gain":0.0,"max_hp_loss":0.0,"gold_gain":0.0,"event_name":"Upgrade Shrine","player_choice":"Upgraded","floor":5.0,"gold_loss":0.0,"damage_taken":0.0,"cards_upgraded":["Beam Cell"]},{"damage_healed":0.0,"max_hp_gain":0.0,"max_hp_loss":0.0,"gold_gain":50.0,"event_name":"Nest","player_choice":"Stole From Cult","floor":21.0,"gold_loss":0.0,"damage_taken":0.0}],"is_beta":false,"boss_relics":[{"not_picked":["Busted Crown","Fusion Hammer"],"picked":"Tiny House"}],"items_purged_floors":[19],"is_endless":false,"potions_floor_spawned":[1,3,7,11,22],"killed_by":"Book of Stabbing","ascension_level":17}}