{"host":"6azrrw3tf7wb0f4b","time":1612959971,"event":{"mods":["BaseMod","DeckTracker","Minty Spire (QoL Compilation)","SuperFastMode"],"gold_per_floor":[118,138,138,207,207,207,207,207,207,228,228,252,295,314,314,404,404,424,445,259,274,199,199,138,154,154,154,154],"floor_reached":27,"language":"KOR","playtime":472,"items_purged":[],"score":383,"play_id":"3d8b9f8a-7e85-430b-87e7-fff0d41285d7","local_time":"20210210212611","is_ascension_mode":true,"campfire_choices":[{"data":"Zap","floor":6,"key":"SMITH"},{"data":"Undo","floor":8,"key":"SMITH"},{"data":"Creative AI","floor":11,"key":"SMITH"},{"data":"Coolheaded","floor":15,"key":"SMITH"},{"floor":23,"key":"REST"}],"circlet_count":0,"master_deck":["AscendersBane","Strike_B","Defend_B","Defend_B","Defend_B","Defend_B","Zap+1","Dualcast+1","Undo+1","Rebound","Creative AI+1","Coolheaded+1","BootSequence","Echo Form","Conserve Battery","Heatsinks","Loop","Defragment","White Noise","Glacier"],"relics":["Cracked Core","Darkstone Periapt","Golden Idol","Symbiotic Virus","The Courier","Inserter","Gremlin Horn"],"acts_visited":["Exordium","TheCity"],"potions_floor_usage":[16,16,27,27],"damage_taken":[{"damage":0,"enemies":"Small Slimes","floor":1,"turns":2},{"damage":2,"enemies":"Jaw Worm","floor":2,"turns":3},{"damage":0,"enemies":"2 Louse","floor":10,"turns":2},{"damage":6,"enemies":"2 Fungi Beasts","floor":12,"turns":3},{"damage":11,"enemies":"3 Sentries","floor":13,"turns":7},{"damage":15,"enemies":"Lots of Slimes","floor":14,"turns":3},{"damage":5,"enemies":"Hexaghost","floor":16,"turns":6},{"damage":0,"enemies":"Chosen","floor":18,"turns":5},{"damage":8,"enemies":"Shell Parasite","floor":19,"turns":5},{"damage":43,"enemies":"Centurion and Healer","floor":21,"turns":9},{"damage":0,"enemies":"Snecko","floor":25,"turns":7},{"damage":23,"enemies":"Gremlin Leader","floor":27,"turns":2}],"seed_played":"3802722638814150518","potions_obtained":[{"floor":12,"key":"Weak Potion"},{"floor":13,"key":"DuplicationPotion"},{"floor":19,"key":"EssenceOfSteel"},{"floor":21,"key":"Ancient Potion"}],"is_trial":false,"path_per_floor":["M","M","?","T","?","R","?","R","T","M","R","M","E","M","R","B",null,"M","M","$","M","?","R","$","M","T","E"],"character_chosen":"DEFECT","items_purchased":["Heatsinks","Loop","Defragment","White Noise"],"campfire_rested":1,"item_purchase_floors":[20,20,20,24],"current_hp_per_floor":[64,62,55,55,55,55,55,55,55,55,55,49,38,23,23,18,53,53,45,45,2,2,21,21,21,21,0,0],"gold":154,"neow_bonus":"UPGRADE_CARD","is_daily":false,"chose_seed":false,"campfire_upgraded":4,"win_rate":0.0,"timestamp":1612959971,"path_taken":["M","M","?","?","?","R","?","R","T","M","R","M","E","M","R","BOSS","M","M","$","?","?","R","$","M","T","E"],"items_purchased_type":["Card","Card","Card","Card"],"build_version":"2020-12-22","purchased_purges":0,"victory":false,"max_hp_per_floor":[71,71,71,71,64,64,64,64,64,64,64,64,64,64,64,64,64,64,64,64,64,64,64,64,64,64,64,64],"card_choices":[{"not_picked":["Rebound","Barrage"],"picked":"Undo","floor":1},{"not_picked":["Compile Driver","Go for the Eyes"],"picked":"Rebound","floor":2},{"not_picked":["Streamline","Conserve Battery"],"picked":"Creative AI","floor":10},{"not_picked":["Conserve Battery","Steam"],"picked":"Coolheaded","floor":12},{"not_picked":["Steam Power","Barrage","Sweeping Beam"],"picked":"SKIP","floor":13},{"not_picked":["Barrage","Coolheaded"],"picked":"BootSequence","floor":14},{"not_picked":["Thunder Strike","Biased Cognition"],"picked":"Echo Form","floor":16},{"not_picked":["Leap","Hologram"],"picked":"Conserve Battery","floor":18},{"not_picked":["Storm","Stack","Barrage"],"picked":"SKIP","floor":19},{"not_picked":["Tempest","Hyperbeam","Undo+1"],"picked":"SKIP","floor":21},{"not_picked":["Cold Snap","Steam"],"picked":"Glacier","floor":25}],"player_experience":769040,"relics_obtained":[{"floor":4,"key":"Darkstone Periapt"},{"floor":9,"key":"Symbiotic Virus"},{"floor":13,"key":"The Courier"},{"floor":26,"key":"Gremlin Horn"}],"event_choices":[{"cards_removed":["Strike_B"],"damage_healed":0,"gold_gain":0,"player_choice":"Card Removal","damage_taken":7,"max_hp_gain":0,"max_hp_loss":0,"event_name":"Golden Wing","floor":3,"gold_loss":0},{"damage_healed":0,"gold_gain":0,"player_choice":"Lose Max HP","damage_taken":0,"relics_obtained":["Golden Idol"],"max_hp_gain":0,"max_hp_loss":7,"event_name":"Golden Idol","floor":5,"gold_loss":0},{"cards_removed":["Strike_B"],"damage_healed":0,"gold_gain":0,"player_choice":"Offered Basic","damage_taken":0,"max_hp_gain":0,"max_hp_loss":0,"event_name":"Bonfire Elementals","floor":7,"gold_loss":0},{"cards_removed":["Strike_B"],"damage_healed":0,"gold_gain":0,"player_choice":"Gave Gold","damage_taken":0,"max_hp_gain":0,"max_hp_loss":0,"event_name":"Beggar","floor":22,"gold_loss":75}],"is_beta":false,"boss_relics":[{"not_picked":["Empty Cage","Runic Pyramid"],"picked":"Inserter"}],"items_purged_floors":[],"is_endless":false,"potions_floor_spawned":[12,13,19,21],"killed_by":"Gremlin Leader","ascension_level":16}}