{"host":"kh6fvhxn285ncg0o","time":1612997854,"event":{"mods":["Act Like it!","BaseMod","Colored Map","Friendly Minions","Keyboard Shortcuts","Minty Spire (QoL Compilation)","Quick Restart","Relic Stats","StSLib","SuperFastMode","UnlockEverythingMod"],"gold_per_floor":[117,117,42,42,65,100,100,100,112,137,149,185,233,270,282,383,395,427,439,366,378,406,461,473,485,497,509,33,33,67,83,83,176,176,201,221,245,245,295,339,339,354,378,403,403,403],"floor_reached":45,"language":"KOR","playtime":1328,"items_purged":["Strike_R"],"score":1178,"play_id":"8447d4f5-9952-4cc2-b5b7-7c9f808f2cda","local_time":"20210211075734","is_ascension_mode":true,"campfire_choices":[{"data":"Feed","floor":7,"key":"SMITH"},{"data":"Bash","floor":11,"key":"SMITH"},{"data":"Fire Breathing","floor":15,"key":"SMITH"},{"floor":24,"key":"REST"},{"data":"Immolate","floor":32,"key":"SMITH"},{"data":"Power Through","floor":41,"key":"SMITH"}],"circlet_count":0,"master_deck":["AscendersBane","Defend_R+1","Defend_R+1","Defend_R","Defend_R","Bash+1","Fire Breathing+1","Feed+1","Immolate+1","Limit Break","Hemokinesis","Hemokinesis","Necronomicurse","Evolve","Offering","Burning Pact","Dark Embrace","Power Through+1","Second Wind","Flash of Steel","Master of Strategy"],"relics":["Burning Blood","NeowsBlessing","Golden Idol","Strawberry","MawBank","Orichalcum","Blue Candle","Bag of Preparation","Runic Dome","Art of War","War Paint","MealTicket","Necronomicon","ClockworkSouvenir","Regal Pillow","SlaversCollar","Ice Cream","Lantern"],"acts_visited":["Exordium","TheCity","TheBeyond"],"potions_floor_usage":[13,13,13,18,22,23,33,36],"damage_taken":[{"damage":0,"enemies":"Cultist","floor":1,"turns":1},{"damage":0,"enemies":"Jaw Worm","floor":5,"turns":1},{"damage":0,"enemies":"3 Sentries","floor":6,"turns":2},{"damage":9,"enemies":"2 Louse","floor":10,"turns":4},{"damage":6,"enemies":"Looter","floor":12,"turns":3},{"damage":32,"enemies":"Lagavulin","floor":13,"turns":7},{"damage":12,"enemies":"Slime Boss","floor":16,"turns":7},{"damage":7,"enemies":"2 Thieves","floor":18,"turns":3},{"damage":16,"enemies":"Chosen","floor":22,"turns":4},{"damage":45,"enemies":"Book of Stabbing","floor":23,"turns":4},{"damage":6,"enemies":"Slavers","floor":30,"turns":3},{"damage":13,"enemies":"Shelled Parasite and Fungi","floor":31,"turns":2},{"damage":33,"enemies":"Champ","floor":33,"turns":6},{"damage":24,"enemies":"Orb Walker","floor":35,"turns":3},{"damage":6,"enemies":"3 Shapes","floor":36,"turns":1},{"damage":11,"enemies":"Spire Growth","floor":37,"turns":4},{"damage":33,"enemies":"Reptomancer","floor":40,"turns":3},{"damage":5,"enemies":"Sphere and 2 Shapes","floor":42,"turns":5},{"damage":2,"enemies":"4 Shapes","floor":44,"turns":4},{"damage":79,"enemies":"Nemesis","floor":45,"turns":4}],"seed_played":"7768544282941153531","potions_obtained":[{"floor":10,"key":"EntropicBrew"},{"floor":12,"key":"Weak Potion"},{"floor":16,"key":"SteroidPotion"},{"floor":18,"key":"Swift Potion"},{"floor":23,"key":"Energy Potion"},{"floor":31,"key":"EssenceOfSteel"},{"floor":35,"key":"ElixirPotion"},{"floor":42,"key":"BlessingOfTheForge"}],"is_trial":false,"path_per_floor":["M","$","?","?","M","E","R","?","T","M","R","M","E","T","R","B",null,"M","?","?","?","M","E","R","T","T","?","$","?","E","M","R","B",null,"M","M","M","?","?","E","R","M","T","M","E"],"character_chosen":"IRONCLAD","items_purchased":["Evolve","ClockworkSouvenir","Offering"],"campfire_rested":1,"item_purchase_floors":[28,28,28],"current_hp_per_floor":[74,74,74,48,54,67,67,41,41,42,42,42,20,20,20,14,71,74,74,74,74,68,29,58,58,58,37,52,52,56,53,53,26,86,72,72,71,61,61,38,38,43,43,51,0,0],"gold":403,"neow_bonus":"THREE_ENEMY_KILL","is_daily":false,"chose_seed":false,"campfire_upgraded":5,"win_rate":0.0,"timestamp":1612997854,"path_taken":["M","?","?","?","M","E","R","?","T","M","R","M","E","?","R","BOSS","M","?","?","?","?","E","R","?","T","?","?","?","E","M","R","BOSS","M","M","M","?","?","E","R","?","T","M","E"],"items_purchased_type":["Card","Relic","Card"],"build_version":"2020-12-22","purchased_purges":1,"victory":false,"max_hp_per_floor":[75,75,75,75,75,82,82,82,82,86,86,86,90,90,90,90,90,94,94,94,94,98,98,98,98,98,98,98,98,102,106,106,106,106,110,110,114,114,114,118,118,122,122,126,126,126],"relic_stats":{"Regal Pillow":0,"counters":[20,71],"Golden Idol":121,"Blue Candle":[8],"Bag of Preparation":[28],"Orichalcum":[168],"War Paint":["Defend_R","Defend_R"],"MawBank":240,"Burning Blood":114,"MealTicket":15,"Art of War":[5],"Necronomicon":[21],"obtain_stats":[{"Ice Cream":40,"Regal Pillow":30,"Lantern":43,"NeowsBlessing":0,"Golden Idol":4,"Blue Candle":13,"Bag of Preparation":14,"Orichalcum":9,"War Paint":23,"MawBank":8,"Burning Blood":0,"ClockworkSouvenir":28,"Runic Dome":17,"SlaversCollar":34,"Strawberry":6,"MealTicket":25,"Art of War":20,"Necronomicon":27},{"Ice Cream":17,"Regal Pillow":11,"Lantern":18,"NeowsBlessing":0,"Golden Idol":1,"Blue Candle":6,"Bag of Preparation":6,"Orichalcum":3,"War Paint":10,"MawBank":3,"Burning Blood":0,"ClockworkSouvenir":10,"Runic Dome":7,"SlaversCollar":13,"Strawberry":3,"MealTicket":10,"Art of War":8,"Necronomicon":10},{"Ice Cream":58,"Regal Pillow":39,"Lantern":63,"NeowsBlessing":0,"Golden Idol":1,"Blue Candle":18,"Bag of Preparation":18,"Orichalcum":4,"War Paint":36,"MawBank":4,"Burning Blood":0,"ClockworkSouvenir":36,"Runic Dome":25,"SlaversCollar":47,"Strawberry":4,"MealTicket":36,"Art of War":28,"Necronomicon":36}]},"card_choices":[{"not_picked":["Sword Boomerang","Warcry","Body Slam"],"picked":"SKIP","floor":1},{"not_picked":["Disarm","Whirlwind"],"picked":"Fire Breathing","floor":5},{"not_picked":["Pommel Strike","Inflame"],"picked":"Feed","floor":6},{"not_picked":["Armaments","Dropkick","Havoc"],"picked":"SKIP","floor":10},{"not_picked":["Anger","Clash","Corruption"],"picked":"SKIP","floor":13},{"not_picked":["Double Tap","Juggernaut"],"picked":"Immolate","floor":16},{"not_picked":["Flex","Heavy Blade","Carnage"],"picked":"SKIP","floor":18},{"not_picked":["Uppercut","Intimidate","Pummel+1"],"picked":"SKIP","floor":23},{"not_picked":["Searing Blow","Metallicize"],"picked":"Burning Pact","floor":30},{"not_picked":["Whirlwind","Havoc"],"picked":"Dark Embrace","floor":31},{"not_picked":["Twin Strike","Evolve"],"picked":"Power Through","floor":35},{"not_picked":["Reckless Charge+1","Sentinel+1"],"picked":"Second Wind","floor":36},{"not_picked":["Thunderclap+1","Wild Strike","Sword Boomerang"],"picked":"SKIP","floor":37},{"not_picked":["Metamorphosis","HandOfGreed"],"picked":"Flash of Steel","floor":38},{"not_picked":["Dark Shackles","HandOfGreed"],"picked":"Master of Strategy","floor":38},{"not_picked":["Sword Boomerang+1","Reckless Charge","Carnage"],"picked":"SKIP","floor":40},{"not_picked":["Whirlwind","Carnage","Entrench"],"picked":"SKIP","floor":42},{"not_picked":["Twin Strike","Thunderclap","Armaments"],"picked":"SKIP","floor":44}],"player_experience":1367175,"relics_obtained":[{"floor":6,"key":"Strawberry"},{"floor":9,"key":"Orichalcum"},{"floor":13,"key":"Blue Candle"},{"floor":14,"key":"Bag of Preparation"},{"floor":23,"key":"War Paint"},{"floor":25,"key":"MealTicket"},{"floor":27,"key":"Necronomicon"},{"floor":30,"key":"Regal Pillow"},{"floor":40,"key":"Ice Cream"},{"floor":43,"key":"Lantern"}],"event_choices":[{"cards_removed":["Strike_R"],"damage_healed":0,"gold_gain":0,"player_choice":"Card Removal","damage_taken":0,"max_hp_gain":0,"max_hp_loss":0,"event_name":"The Cleric","floor":3,"gold_loss":75},{"damage_healed":0,"gold_gain":0,"player_choice":"Take Damage","damage_taken":26,"relics_obtained":["Golden Idol"],"max_hp_gain":0,"max_hp_loss":0,"event_name":"Golden Idol","floor":4,"gold_loss":0},{"damage_healed":0,"gold_gain":0,"player_choice":"Success","damage_taken":26,"relics_obtained":["MawBank"],"max_hp_gain":0,"max_hp_loss":0,"event_name":"Scrap Ooze","floor":8,"gold_loss":0},{"damage_healed":0,"gold_gain":0,"cards_transformed":["Strike_R","Strike_R"],"player_choice":"Became Test Subject","damage_taken":0,"max_hp_gain":0,"max_hp_loss":0,"event_name":"Drug Dealer","floor":19,"gold_loss":0,"cards_obtained":["Limit Break","Hemokinesis"]},{"damage_healed":0,"gold_gain":0,"player_choice":"Obtained Relic","damage_taken":0,"relics_obtained":["Art of War"],"max_hp_gain":0,"max_hp_loss":0,"event_name":"Addict","floor":20,"gold_loss":85},{"damage_healed":0,"gold_gain":0,"cards_transformed":["Strike_R"],"player_choice":"Transformed","damage_taken":0,"max_hp_gain":0,"max_hp_loss":0,"event_name":"Transmorgrifier","floor":21,"gold_loss":0,"cards_obtained":["Hemokinesis"]},{"damage_healed":0,"gold_gain":0,"player_choice":"Obtained Book","damage_taken":21,"max_hp_gain":0,"max_hp_loss":0,"event_name":"Cursed Tome","floor":27,"gold_loss":0},{"damage_healed":0,"gold_gain":0,"player_choice":"Ignored","damage_taken":0,"max_hp_gain":0,"max_hp_loss":0,"event_name":"The Mausoleum","floor":29,"gold_loss":0},{"damage_healed":0,"gold_gain":0,"player_choice":"Memory 3","damage_taken":10,"max_hp_gain":0,"max_hp_loss":0,"event_name":"SensoryStone","floor":38,"gold_loss":0},{"damage_healed":0,"gold_gain":50,"player_choice":"Pray","damage_taken":0,"max_hp_gain":0,"max_hp_loss":0,"event_name":"Golden Shrine","floor":39,"gold_loss":0}],"is_beta":false,"boss_relics":[{"not_picked":["Runic Pyramid","Sozu"],"picked":"Runic Dome"},{"not_picked":["Calling Bell","Coffee Dripper"],"picked":"SlaversCollar"}],"items_purged_floors":[28],"is_endless":false,"potions_floor_spawned":[10,12,16,18,23,31,35,42],"killed_by":"Nemesis","ascension_level":20}}