{"host":"ficgsz0si2azpg0p","time":1612919347,"event":{"mods":["BaseMod","Downfall","Minty Spire (QoL Compilation)","StSLib","The Hierophant"],"gold_per_floor":[117,117,117,137,137,137,154,154,178,249,249,264,24,44,44,141,141,151,161,161,9,9,9,24,50,50,30,30,56,66,66,66,66,66],"floor_reached":33,"language":"ENG","playtime":1125,"items_purged":[],"score":298,"play_id":"f8aa0ec0-9992-4150-99d1-771d0c5ec02b","local_time":"20210209200907","is_ascension_mode":false,"campfire_choices":[{"data":"Zap","floor":6,"key":"SMITH"},{"data":"Forethought","floor":8,"key":"SMITH"},{"data":"Dualcast","floor":11,"key":"SMITH"},{"data":"Steam","floor":15,"key":"SMITH"},{"floor":23,"key":"REST"},{"floor":28,"key":"REST"},{"floor":32,"key":"REST"}],"circlet_count":0,"master_deck":["Strike_B","Strike_B","Defend_B","Defend_B","Defend_B","Defend_B","Zap+1","Dualcast+1","Forethought+1","Steam+1","Leap","FTL","Reboot+1","Sweeping Beam","All For One","Go for the Eyes+1","Sweeping Beam"],"relics":["Cracked Core","FaceOfCleric","Toy Ornithopter","Ornamental Fan","White Beast Statue","Fusion Hammer","Omamori","MealTicket","HornCleat","Turnip"],"acts_visited":["Exordium","TheCity"],"potions_floor_usage":[16,16,16,19,25,25,25,25,25,29,29,29,33],"damage_taken":[{"damage":3,"enemies":"2 Louse","floor":1,"turns":3},{"damage":0,"enemies":"Jaw Worm","floor":4,"turns":4},{"damage":0,"enemies":"Cultist","floor":7,"turns":4},{"damage":0,"enemies":"Blue Slaver","floor":12,"turns":4},{"damage":0,"enemies":"Red Slaver","floor":14,"turns":4},{"damage":39,"enemies":"Slime Boss","floor":16,"turns":15},{"damage":22,"enemies":"3 Byrds","floor":18,"turns":7},{"damage":14,"enemies":"Chosen","floor":19,"turns":7},{"damage":10,"enemies":"3 Cultists","floor":24,"turns":7},{"damage":15,"enemies":"Gremlin Leader","floor":25,"turns":5},{"damage":10,"enemies":"Book of Stabbing","floor":29,"turns":5},{"damage":1,"enemies":"Snake Plant","floor":30,"turns":5},{"damage":108,"enemies":"Automaton","floor":33,"turns":14}],"seed_played":"1637783946394297524","potions_obtained":[{"floor":1,"key":"GamblersBrew"},{"floor":7,"key":"Dexterity Potion"},{"floor":14,"key":"PotionOfCapacity"},{"floor":16,"key":"Strength Potion"},{"floor":18,"key":"GamblersBrew"},{"floor":19,"key":"FearPotion"},{"floor":24,"key":"EntropicBrew"},{"floor":25,"key":"Dexterity Potion"},{"floor":27,"key":"SpeedPotion"},{"floor":29,"key":"sneckomod:MuddlingPotion"},{"floor":30,"key":"Regen Potion"}],"is_trial":false,"path_per_floor":["M","?","?","M","?","R","M","R","T","T","R","M","$","M","R","B",null,"M","M","?","$","?","R","M","E","T","?","R","E","M","$","R","B"],"character_chosen":"DEFECT","items_purchased":["White Beast Statue","Omamori"],"campfire_rested":3,"item_purchase_floors":[13,21],"current_hp_per_floor":[72,77,77,77,77,77,78,78,78,78,78,79,79,80,80,45,84,63,55,55,55,55,80,71,73,73,73,88,79,79,90,90,0,0],"gold":66,"neow_bonus":"RANDOM_COLORLESS","is_daily":false,"chose_seed":false,"campfire_upgraded":4,"win_rate":0.0,"timestamp":1612919347,"path_taken":["M","?","?","?","?","R","?","R","T","?","R","M","$","M","R","BOSS","M","?","?","?","?","R","M","E","T","?","R","E","?","?","R","BOSS"],"items_purchased_type":["Relic","Relic"],"build_version":"2020-12-22","purchased_purges":0,"victory":false,"max_hp_per_floor":[75,80,80,80,80,80,81,81,81,81,81,82,82,83,83,84,84,85,86,86,86,86,86,87,88,88,88,88,89,90,90,90,90,90],"card_choices":[{"not_picked":["Madness","Mind Blast"],"picked":"Forethought","floor":0},{"not_picked":["Redo","Blizzard"],"picked":"Steam","floor":1},{"not_picked":["Sunder","Recycle"],"picked":"Leap","floor":4},{"not_picked":["Coolheaded","Stack","Hello World"],"picked":"SKIP","floor":7},{"not_picked":["Cold Snap","Chaos","Fusion"],"picked":"SKIP","floor":12},{"not_picked":["Tempest","Ball Lightning"],"picked":"FTL","floor":14},{"not_picked":["Hyperbeam","Meteor Strike"],"picked":"Reboot","floor":16},{"not_picked":["White Noise","Auto Shields"],"picked":"Sweeping Beam","floor":18},{"not_picked":["Sunder","Hologram","Barrage"],"picked":"SKIP","floor":19},{"not_picked":["Beam Cell","Rebound"],"picked":"All For One","floor":24},{"not_picked":["Redo","Barrage"],"picked":"Go for the Eyes+1","floor":25},{"not_picked":["Genetic Algorithm","Amplify","Barrage"],"picked":"SKIP","floor":29},{"not_picked":["Undo","Hologram+1"],"picked":"Sweeping Beam","floor":30}],"player_experience":11988891,"relics_obtained":[{"floor":9,"key":"Toy Ornithopter"},{"floor":10,"key":"Ornamental Fan"},{"floor":25,"key":"MealTicket"},{"floor":26,"key":"HornCleat"},{"floor":29,"key":"Turnip"}],"event_choices":[{"damage_healed":0,"gold_gain":0,"player_choice":"Donut","damage_taken":0,"max_hp_gain":5,"max_hp_loss":0,"event_name":"Big Fish","floor":2,"gold_loss":0},{"cards_removed":["Strike_B"],"damage_healed":0,"gold_gain":0,"player_choice":"Purged","damage_taken":0,"max_hp_gain":0,"max_hp_loss":0,"event_name":"Purifier","floor":3,"gold_loss":0},{"damage_healed":0,"gold_gain":0,"player_choice":"Trade","damage_taken":0,"relics_obtained":["FaceOfCleric"],"max_hp_gain":0,"max_hp_loss":0,"event_name":"FaceTrader","floor":5,"gold_loss":0},{"damage_healed":0,"gold_gain":0,"player_choice":"Upgraded","damage_taken":0,"max_hp_gain":0,"max_hp_loss":0,"event_name":"Upgrade Shrine","floor":20,"gold_loss":0,"cards_upgraded":["Reboot"]},{"cards_removed":["Strike_B"],"damage_healed":0,"gold_gain":0,"player_choice":"Elegance","damage_taken":0,"max_hp_gain":0,"max_hp_loss":0,"event_name":"Back to Basics","floor":22,"gold_loss":0},{"damage_healed":0,"gold_gain":0,"player_choice":"Bought 1 Potion","damage_taken":0,"max_hp_gain":0,"max_hp_loss":0,"event_name":"The Woman in Blue","floor":27,"gold_loss":0}],"is_beta":false,"boss_relics":[{"not_picked":["Empty Cage","Velvet Choker"],"picked":"Fusion Hammer"}],"items_purged_floors":[],"is_endless":false,"potions_floor_spawned":[1,7,14,16,18,19,24,25,29,30],"killed_by":"Automaton","ascension_level":0}}