{"host":"d744ndivyohnro60","time":1612922949,"event":{"mods":["BaseMod","Bestiary","Colored Powertips","Minty Spire (QoL Compilation)","Relic Stats"],"gold_per_floor":[114,114,128,153,228,228,228,228,228,251,294,314,161,231,231,231,231],"floor_reached":16,"language":"ENG","playtime":497,"items_purged":["Injury"],"score":130,"play_id":"1ae60772-27b0-4184-8eeb-d8a2e6ba792b","local_time":"20210209210909","is_ascension_mode":true,"campfire_choices":[{"data":"Dualcast","floor":6,"key":"SMITH"},{"floor":8,"key":"REST"},{"floor":15,"key":"REST"}],"circlet_count":0,"master_deck":["Strike_B","Strike_B","Strike_B","Strike_B","Defend_B","Defend_B","Defend_B+1","Defend_B+1","Zap","Dualcast+1","Reprogram","Gash","Skim","Sweeping Beam","Gash","Beam Cell","Sunder"],"relics":["Cracked Core","NeowsBlessing","Golden Idol","Shovel","HornCleat"],"acts_visited":["Exordium"],"potions_floor_usage":[10],"damage_taken":[{"damage":0,"enemies":"2 Louse","floor":1,"turns":1},{"damage":0,"enemies":"Small Slimes","floor":3,"turns":1},{"damage":0,"enemies":"Jaw Worm","floor":4,"turns":1},{"damage":7,"enemies":"Blue Slaver","floor":10,"turns":3},{"damage":24,"enemies":"3 Sentries","floor":11,"turns":6},{"damage":0,"enemies":"Exordium Wildlife","floor":12,"turns":3},{"damage":60,"enemies":"The Guardian","floor":16,"turns":10}],"seed_played":"2935851115688659332","potions_obtained":[{"floor":1,"key":"DistilledChaos"},{"floor":10,"key":"DuplicationPotion"}],"is_trial":false,"path_per_floor":["M","?","M","M","?","R","?","R","T","M","E","M","$","?","R","B"],"character_chosen":"DEFECT","items_purchased":["Sunder"],"campfire_rested":2,"item_purchase_floors":[13],"current_hp_per_floor":[68,68,68,68,57,57,42,64,64,57,33,33,33,33,55,0,0],"gold":231,"neow_bonus":"THREE_ENEMY_KILL","is_daily":false,"chose_seed":false,"campfire_upgraded":1,"win_rate":0.0,"timestamp":1612922949,"path_taken":["M","?","M","M","?","R","?","R","T","?","E","M","$","?","R","BOSS"],"items_purchased_type":["Card"],"build_version":"2020-12-22","purchased_purges":1,"victory":false,"max_hp_per_floor":[75,75,75,75,75,75,75,75,75,75,75,75,75,75,75,75,75],"relic_stats":{"Shovel":0,"counters":[7,25],"Golden Idol":26,"obtain_stats":[{"Shovel":9,"HornCleat":11,"NeowsBlessing":0,"Golden Idol":2,"Cracked Core":0},{"Shovel":3,"HornCleat":5,"NeowsBlessing":0,"Golden Idol":1,"Cracked Core":0},{"Shovel":3,"HornCleat":12,"NeowsBlessing":0,"Golden Idol":1,"Cracked Core":0}]},"card_choices":[{"not_picked":["Skim","Barrage"],"picked":"Reprogram","floor":1},{"not_picked":["Undo","Leap"],"picked":"Gash","floor":3},{"not_picked":["Coolheaded","Hologram"],"picked":"Skim","floor":4},{"not_picked":["Turbo","Stack"],"picked":"Sweeping Beam","floor":10},{"not_picked":["Heatsinks","Rebound"],"picked":"Gash","floor":11},{"not_picked":["BootSequence","Defragment"],"picked":"Beam Cell","floor":12}],"player_experience":229740,"relics_obtained":[{"floor":9,"key":"Shovel"},{"floor":11,"key":"HornCleat"}],"event_choices":[{"damage_healed":0,"gold_gain":0,"player_choice":"Take Wound","damage_taken":0,"relics_obtained":["Golden Idol"],"max_hp_gain":0,"max_hp_loss":0,"event_name":"Golden Idol","floor":2,"gold_loss":0,"cards_obtained":["Injury"]},{"damage_healed":0,"gold_gain":75,"player_choice":"Gather Gold","damage_taken":11,"max_hp_gain":0,"max_hp_loss":0,"event_name":"World of Goop","floor":5,"gold_loss":0},{"damage_healed":0,"gold_gain":0,"player_choice":"Entered Light","damage_taken":15,"max_hp_gain":0,"max_hp_loss":0,"event_name":"Shining Light","floor":7,"gold_loss":0,"cards_upgraded":["Defend_B","Defend_B"]},{"damage_healed":0,"gold_gain":70,"player_choice":"Gained Gold","damage_taken":0,"max_hp_gain":0,"max_hp_loss":0,"event_name":"Golden Wing","floor":14,"gold_loss":0}],"is_beta":false,"boss_relics":[],"items_purged_floors":[13],"is_endless":false,"potions_floor_spawned":[1,10],"killed_by":"The Guardian","ascension_level":6}}