{"host":"dn6kke80v5f7isus","time":1612975343,"event":{"mods":["AchievementEnabler","Act Like it!","BaseMod","Colored Powertips","Custom Start","Defuse TimeMaze Blight","Energized Spire","Gremlin Skip","Highlight Path","Hubris","Infinite Spire","Marisa????????","Minty Spire (QoL Compilation)","Quick Restart","Rare Cards Sparkle","Reliquary","Replay The Spire","StSLib","The Hierophant","The Servant 0.9.4","Uncapped","Unceasing Turn Reminder"],"gold_per_floor":[118,118,138,313,313,313,351,188,188,242,517,547,527,527],"floor_reached":13,"language":"ENG","playtime":270,"items_purged":["Doubt"],"score":100,"play_id":"5cbc7469-0413-4bc8-8558-548879e76207","local_time":"20210210114223","is_ascension_mode":false,"campfire_choices":[{"data":"hierophant:ChurchCoffers","floor":6,"key":"SMITH"}],"circlet_count":0,"master_deck":["hierophant:Strike_Hierophant","hierophant:Strike_Hierophant","hierophant:Strike_Hierophant","hierophant:Strike_Hierophant","hierophant:Punish","hierophant:Defend_Hierophant","hierophant:Defend_Hierophant","hierophant:Defend_Hierophant","hierophant:Defend_Hierophant","hierophant:ChurchCoffers+1","hierophant:RustyCrate","hierophant:Doubloon","hierophant:Doubloon","hierophant:RustyCrate","hierophant:Doubloon","hierophant:Doubloon","ReplayTheSpireMod:Private Reserves","hierophant:RepressedViolence","Regret","hierophant:Doubloon","hierophant:Remorse"],"relics":["hierophant:PropheticMaskRelic","NeowsBlessing","reliquary:RoseTintedGlasses","hubris:Towel","Replay:Kaleidoscope"],"acts_visited":["Exordium"],"potions_floor_usage":[],"damage_taken":[{"damage":0,"enemies":"Small Slimes","floor":1,"turns":1},{"damage":0,"enemies":"Cultist","floor":3,"turns":1},{"damage":0,"enemies":"2 Louse","floor":7,"turns":1},{"damage":9,"enemies":"Blue Slaver","floor":10,"turns":4},{"damage":12,"enemies":"3 Louse","floor":12,"turns":3},{"damage":64,"enemies":"Lagavulin","floor":13,"turns":6}],"seed_played":"-5005976051114390754","potions_obtained":[{"floor":1,"key":"SkillPotion"}],"is_trial":false,"path_per_floor":["M","?","M","?","?","R","M","$","T","M","?","M","E"],"character_chosen":"HIEROPHANT","items_purchased":["ReplayTheSpireMod:Private Reserves"],"campfire_rested":0,"item_purchase_floors":[8],"current_hp_per_floor":[75,75,75,75,75,75,75,75,75,66,66,54,0,0],"gold":527,"neow_bonus":"THREE_ENEMY_KILL","is_daily":false,"chose_seed":false,"campfire_upgraded":1,"win_rate":0.0,"timestamp":1612975343,"path_taken":["M","?","?","?","?","R","M","$","T","M","?","M","E"],"items_purchased_type":["Card"],"build_version":"2020-12-22","purchased_purges":1,"victory":false,"max_hp_per_floor":[75,75,75,75,75,75,75,75,75,75,75,75,75,75],"card_choices":[{"not_picked":["hierophant:Encroach","hierophant:Empathy","hierophant:HammerAndAnvil"],"picked":"SKIP","floor":1},{"not_picked":["hierophant:CursedGold","hierophant:HolyVerse"],"picked":"hierophant:RustyCrate","floor":3},{"not_picked":["hierophant:ArchangelShield","hierophant:CursedGold"],"picked":"hierophant:RustyCrate","floor":7},{"not_picked":["hierophant:Encroach","hierophant:DisplayOfPower"],"picked":"hierophant:RepressedViolence","floor":10},{"not_picked":["hierophant:Zeal","hierophant:FieryStrike"],"picked":"hierophant:Remorse","floor":12}],"player_experience":448522,"relics_obtained":[{"floor":9,"key":"Replay:Kaleidoscope"}],"event_choices":[{"damage_healed":0,"gold_gain":0,"player_choice":"Gave Potion","damage_taken":0,"relics_obtained":["reliquary:RoseTintedGlasses"],"max_hp_gain":0,"max_hp_loss":0,"event_name":"WeMeetAgain","floor":2,"gold_loss":0},{"damage_healed":0,"gold_gain":175,"player_choice":"AGREE","damage_taken":0,"max_hp_gain":0,"max_hp_loss":0,"event_name":"Liars Game","floor":4,"gold_loss":0,"cards_obtained":["Doubt"]},{"damage_healed":0,"gold_gain":275,"player_choice":"Desecrate","damage_taken":0,"max_hp_gain":0,"max_hp_loss":0,"event_name":"Golden Shrine","floor":11,"gold_loss":0,"cards_obtained":["Regret"]}],"is_beta":false,"boss_relics":[],"items_purged_floors":[8],"is_endless":false,"potions_floor_spawned":[1],"killed_by":"Lagavulin","ascension_level":0}}