{"host":"ox77rn1xcurm2t5a","time":1612991060,"event":{"mods":["2.2 Compatiblity","AchievementEnabler","Act Like it!","Aspiration","BaseMod","Best Route Mod","Better Match","Better Note","Better Sensory Stone","Block Reminder","Colored Map","Colored Powertips","Conjunction","Conspire","Custom Start","Energized Spire","GifTheSpireLib","Gold Saver","Gremlin Skip","Halation","Highlight Path","Hubris","Infinite Spire","Minty Spire (QoL Compilation)","Pale of the Ancients","Quick Restart","Replay The Spire","Reworked Bosses","ShortenTheSpire","Spire Exporter","StSLib","Stuff the Spire","Wandering Minibosses"],"gold_per_floor":[160,235,252,8139,8139,8139,8167,7342,7369,6655,6682,6697,6717,6717,6717,6794,6794,6812,6822,6822,6747,6761,6796,6806,6806,6880,6910,6961,6975,6995,6099,6099,6172,6172,6187,6198,5313,4830,4845,4845,4870,4900,4924,4952,4962,4987,4987,5013,5013,5013,5013],"floor_reached":50,"language":"ENG","playtime":1630,"items_purged":["Strike_B","Coolheaded","Strike_B","Strike_B","Defend_B"],"score":1631,"play_id":"75b34d35-bc2c-4db1-98c7-80eecc104103","local_time":"20210210230420","is_ascension_mode":true,"campfire_choices":[{"floor":6.0,"key":"RECALL"},{"data":"Zap","floor":15.0,"key":"SMITH"},{"data":"StuffTheSpire:Synthwave","floor":25.0,"key":"SMITH"},{"data":"Storm","floor":32,"key":"SMITH"},{"data":"Defragment","floor":40,"key":"SMITH"},{"data":"Capacitor","floor":47,"key":"SMITH"},{"data":"infinitespire:Oblivion","floor":49,"key":"SMITH"}],"circlet_count":0,"master_deck":["AscendersBane","Defend_B","Defend_B","Zap+1","Dualcast","Gash+1","Ball Lightning","Storm+1","FIFO Queue","Ball Lightning","StuffTheSpire:Synthwave+1","Gash","Gash","infinitespire:NeuralNetwork","Storm+1","Conserve Battery","StuffTheSpire:Plugnplay+1","Electrodynamics","Ball Lightning","Defragment+1","Leap+1","infinitespire:Oblivion+1","Ball Lightning","Static Discharge+1","Capacitor+1"],"relics":["Cracked Core","NeowsBlessing","Nunchaku","HandDrill","Quantum Egg","hubris:TenFootPole","aspiration:FrozenJewel","InkBottle","Guide Book","infinitespire:Freezer","PreservedInsect","Tiny Chest","DollysMirror","hubris:CrystalStatue","hubris:RunicObelisk","Letter Opener","aspiration:Stabinomicon","halation:KoshaPiece","infinitespire:PuzzleCube","Ice Cream","Lee\u0027s Waffle","Potion Belt","conspire:SpecialSausage","Strawberry","Kunai","hubris:EmptyBottle","halation:BlackBeret","hubris:DisguiseKit","Omamori","hubris:Spice","hubris:RGBLights"],"acts_visited":["Exordium","TheCity","TheBeyond"],"potions_floor_usage":[44,44,44,44,44,45,45,45,46],"damage_taken":[{"damage":0.0,"enemies":"Cultist","floor":1.0,"turns":1.0},{"damage":0.0,"enemies":"Jaw Worm","floor":3.0,"turns":1.0},{"damage":0.0,"enemies":"Lagavulin","floor":7.0,"turns":1.0},{"damage":21.0,"enemies":"3 Sentries","floor":11.0,"turns":6.0},{"damage":2.0,"enemies":"Small Slimes","floor":12.0,"turns":2.0},{"damage":0.0,"enemies":"3 Louse","floor":13.0,"turns":3.0},{"damage":0.0,"enemies":"The Guardian","floor":16.0,"turns":7.0},{"damage":17.0,"enemies":"3 Byrds","floor":18.0,"turns":4.0},{"damage":19.0,"enemies":"Shell Parasite","floor":19.0,"turns":4.0},{"damage":19.0,"enemies":"Snecko","floor":22.0,"turns":5.0},{"damage":0.0,"enemies":"Book of Stabbing","floor":23.0,"turns":1.0},{"damage":0.0,"enemies":"Snake Plant","floor":24.0,"turns":2.0},{"damage":8,"enemies":"Slavers","floor":27,"turns":2},{"damage":0,"enemies":"Centurion and Healer","floor":29,"turns":3},{"damage":0,"enemies":"Cultist and Chosen","floor":30,"turns":3},{"damage":0,"enemies":"bossMod:newChamp","floor":33,"turns":6},{"damage":0,"enemies":"Orb Walker","floor":35,"turns":2},{"damage":0,"enemies":"3 Shapes","floor":36,"turns":2},{"damage":0,"enemies":"Transient","floor":39,"turns":6},{"damage":0,"enemies":"Mind Bloom Boss Battle","floor":41,"turns":3},{"damage":47,"enemies":"R_Hoarder","floor":42,"turns":4},{"damage":10,"enemies":"Reptomancer","floor":44,"turns":3},{"damage":0,"enemies":"Maw","floor":45,"turns":3},{"damage":0,"enemies":"R_Hoarder","floor":46,"turns":3},{"damage":52,"enemies":"conspire:OrnateMirror","floor":50,"turns":1}],"seed_played":"-660426545348395575","potions_obtained":[{"floor":3.0,"key":"Weak Potion"},{"floor":11.0,"key":"Dexterity Potion"},{"floor":13.0,"key":"Dexterity Potion"},{"floor":22.0,"key":"Fruit Juice"},{"floor":23.0,"key":"DistilledChaos"},{"floor":30,"key":"Weak Potion"},{"floor":33,"key":"FocusPotion"},{"floor":44,"key":"Adrenaline Potion"}],"is_trial":false,"path_per_floor":["M","?","M","$","?","R","E","$","T","$","E","M","M","?","R","B",null,"M","M","AVR","?","M","E","M","R","T","E","T","M","M","$","R","B",null,"M","M","$","?","M","R","?","E","T","E","M","E","R","T","R","B"],"character_chosen":"DEFECT","items_purchased":["Gash","Ball Lightning","Nunchaku","HandDrill","Quantum Egg","Storm","SpeedPotion","aspiration:FrozenJewel","InkBottle","Guide Book","PreservedInsect","Tiny Chest","FIFO Queue","DollysMirror","Ice Cream","Lee\u0027s Waffle","Potion Belt","BlessingOfTheForge","Flashbang","SteroidPotion","Defragment","Strawberry","Kunai","hubris:EmptyBottle","Leap+1"],"campfire_rested":0,"item_purchase_floors":[4,4,4,4,4,4,4,8,8,8,10,10,10,10,31,31,31,31,31,31,37,37,37,37,37],"current_hp_per_floor":[64,53,53,53,46,46,46,46,46,46,25,23,23,23,23,23,59,42,23,23,23,9,9,9,9,9,1,1,1,1,83,83,83,83,83,83,90,90,90,90,90,43,43,41,41,41,41,49,49,0,0],"gold":5013,"neow_bonus":"THREE_ENEMY_KILL","is_daily":false,"chose_seed":false,"campfire_upgraded":6,"win_rate":0.0,"timestamp":1612991060,"path_taken":["M","?","M","$","?","R","E","$","T","?","E","M","?","?","R","BOSS","M","M","AVR","?","M","E","M","R","T","E","?","?","M","$","R","BOSS","M","M","$","?","M","R","?","E","T","E","M","E","R","?","R","BOSS"],"items_purchased_type":["Card","Card","Relic","Relic","Relic","Card","Potion","Relic","Relic","Relic","Relic","Relic","Card","Relic","Relic","Relic","Relic","Potion","Potion","Potion","Card","Relic","Relic","Relic","Card"],"build_version":"2020-12-22","purchased_purges":5,"victory":false,"max_hp_per_floor":[71,71,71,71,71,71,71,71,71,71,71,71,71,71,71,71,71,71,71,71,71,76,76,76,76,76,76,76,76,76,83,83,83,83,83,83,90,90,90,90,90,90,90,98,98,98,98,106,106,106,106],"card_choices":[{"not_picked":["StuffTheSpire:CleanHardDrive","Chill"],"picked":"Coolheaded","floor":1.0},{"not_picked":["Compile Driver","Beam Cell","ReplayTheSpireMod:Dual Polarity"],"picked":"SKIP","floor":3.0},{"not_picked":["Static Discharge","StuffTheSpire:Coldhearted","Reboot"],"picked":"SKIP","floor":7.0},{"not_picked":["Streamline","Panic Button"],"picked":"StuffTheSpire:Synthwave","floor":11.0},{"not_picked":["Streamline","Hologram","Redo"],"picked":"SKIP","floor":12.0},{"not_picked":["Hologram","Sweeping Beam","StuffTheSpire:SnapShoot"],"picked":"SKIP","floor":13.0},{"not_picked":["Static Discharge","Beam Cell+1"],"picked":"Gash","floor":18.0},{"not_picked":["Ball Lightning","BasicCrystalCard"],"picked":"Gash","floor":19.0},{"not_picked":["Rebound","Steam Power","Panic Button"],"picked":"SKIP","floor":22.0},{"not_picked":["hubris:Ukulele","Blizzard","Steam"],"picked":"SKIP","floor":23.0},{"not_picked":["Ball Lightning+1","Turbo"],"picked":"Storm","floor":24.0},{"not_picked":["Darkness","Coolheaded"],"picked":"Conserve Battery","floor":27},{"not_picked":["StuffTheSpire:Coldhearted","Coolheaded"],"picked":"StuffTheSpire:Plugnplay+1","floor":29},{"not_picked":["Reprogram","Panic Button","Stack"],"picked":"SKIP","floor":30},{"not_picked":["StuffTheSpire:LaunchingStrike","StuffTheSpire:ForEach"],"picked":"Electrodynamics","floor":33},{"not_picked":["Tempest","Go for the Eyes","BasicCrystalCard"],"picked":"SKIP","floor":35},{"not_picked":["ReplaySolidLightProjector","Coolheaded+1"],"picked":"Ball Lightning","floor":36},{"not_picked":["infinitespire:Fortify","infinitespire:SevenWalls"],"picked":"infinitespire:Oblivion","floor":38},{"not_picked":["Chaos+1","Sunder+1","Heatsinks"],"picked":"SKIP","floor":39},{"not_picked":["Streamline","Hologram"],"picked":"Ball Lightning","floor":42},{"not_picked":["Reinforced Body","ReplayGash","Steam","Replay:Undeath\u0027s Touch"],"picked":"SKIP","floor":44},{"not_picked":["BasicCrystalCard+1","Cold Snap+1","Body Slam"],"picked":"Static Discharge+1","floor":45},{"not_picked":["Darkness+1","StuffTheSpire:LaunchingStrike","hubris:CleavingFinish"],"picked":"Capacitor","floor":46}],"player_experience":3076371,"relics_obtained":[{"floor":7.0,"key":"hubris:TenFootPole"},{"floor":9.0,"key":"infinitespire:Freezer"},{"floor":11.0,"key":"hubris:CrystalStatue"},{"floor":23.0,"key":"aspiration:Stabinomicon"},{"floor":27,"key":"halation:KoshaPiece"},{"floor":28,"key":"infinitespire:PuzzleCube"},{"floor":41,"key":"halation:BlackBeret"},{"floor":42,"key":"hubris:DisguiseKit"},{"floor":43,"key":"Omamori"},{"floor":44,"key":"hubris:Spice"},{"floor":46,"key":"hubris:RGBLights"},{"floor":48,"key":"hubris:Spice"}],"event_choices":[{"damage_healed":0.0,"max_hp_gain":0.0,"max_hp_loss":0.0,"gold_gain":75.0,"event_name":"World of Goop","player_choice":"Gather Gold","floor":2.0,"gold_loss":0.0,"damage_taken":11.0},{"cards_removed":["Strike_B"],"damage_healed":0.0,"max_hp_gain":0.0,"max_hp_loss":0.0,"gold_gain":0.0,"event_name":"Golden Wing","player_choice":"Card Removal","floor":5.0,"gold_loss":0.0,"damage_taken":7.0},{"cards_removed":["Defend_B"],"damage_healed":0.0,"max_hp_gain":0.0,"max_hp_loss":0.0,"gold_gain":0.0,"event_name":"Beggar","player_choice":"Gave Gold","floor":21.0,"gold_loss":75.0,"damage_taken":0.0},{"damage_healed":0,"gold_gain":0,"player_choice":"Fight","damage_taken":0,"max_hp_gain":0,"max_hp_loss":0,"event_name":"MindBloom","floor":41,"gold_loss":0}],"is_beta":false,"boss_relics":[{"not_picked":["Busted Crown","halation:HeavySnake","energizedSpire:RedRose"]},{"not_picked":["Runic Dome","Fusion Hammer"],"picked":"conspire:SpecialSausage"}],"items_purged_floors":[4,8,10,20,37],"is_endless":false,"potions_floor_spawned":[3,11,13,22,23,30,33,39,44],"killed_by":"conspire:OrnateMirror","ascension_level":20}}