{"host":"6xsbn6ynqlzwllfm","time":1612990335,"event":{"mods":["2.2 Compatiblity","BaseMod","Bestiary","Colored Map","Colored Powertips","Curses Come First","Highlight Path","Keyboard Shortcuts","Minty Spire (QoL Compilation)","Relic Stats","Slay the Relics Exporter","StSLib","SuperFastMode"],"gold_per_floor":[116,136,151,165,165,194,194,223,246,275,285,285,210,230,230,301,301,311,311,311,311,33,68,68,68,93,106,30,59,59,59,59,59,59],"floor_reached":33,"language":"ENG","playtime":1433,"items_purged":["Pain"],"score":602,"play_id":"27b81f82-97f6-4271-ae9c-7f8ed75e57d1","local_time":"20210210155215","is_ascension_mode":true,"campfire_choices":[{"data":"True Grit","floor":12,"key":"SMITH"},{"data":"Metallicize","floor":15,"key":"SMITH"},{"data":"Shockwave","floor":24,"key":"SMITH"},{"data":"Demon Form","floor":32,"key":"SMITH"}],"circlet_count":0,"master_deck":["AscendersBane","Strike_R","Strike_R","Strike_R","Strike_R","Strike_R","Defend_R","Defend_R","Defend_R+1","Defend_R","Bash","Disarm+1","Shockwave+1","Whirlwind+1","Evolve","True Grit+1","Metallicize+1","Fiend Fire+1","Burning Pact","Headbutt","Demon Form+1","Sword Boomerang+1","Burning Pact","Parasite","Offering","Flame Barrier","Disarm","Ghostly","Ghostly","Ghostly","Decay"],"relics":["Coffee Dripper","Letter Opener","WarpedTongs","War Paint","PreservedInsect","Strawberry","Cursed Key","Darkstone Periapt","Bottled Lightning","MutagenicStrength","Whetstone","Blood Vial"],"acts_visited":["Exordium","TheCity"],"potions_floor_usage":[6,16,23,29],"damage_taken":[{"damage":1,"enemies":"Cultist","floor":1,"turns":3},{"damage":1,"enemies":"2 Louse","floor":2,"turns":4},{"damage":7,"enemies":"Jaw Worm","floor":3,"turns":3},{"damage":0,"enemies":"Gremlin Gang","floor":4,"turns":1},{"damage":8,"enemies":"Gremlin Nob","floor":6,"turns":3},{"damage":23,"enemies":"Lagavulin","floor":8,"turns":6},{"damage":1,"enemies":"3 Sentries","floor":10,"turns":2},{"damage":0,"enemies":"2 Fungi Beasts","floor":11,"turns":4},{"damage":8,"enemies":"Exordium Thugs","floor":14,"turns":3},{"damage":10,"enemies":"The Guardian","floor":16,"turns":10},{"damage":1,"enemies":"3 Byrds","floor":18,"turns":4},{"damage":44,"enemies":"Book of Stabbing","floor":23,"turns":4},{"damage":5,"enemies":"Chosen","floor":27,"turns":3},{"damage":26,"enemies":"Slavers","floor":29,"turns":2},{"damage":13,"enemies":"Collector","floor":33,"turns":3}],"seed_played":"7668742434369422480","potions_obtained":[{"floor":1,"key":"LiquidMemories"},{"floor":3,"key":"Dexterity Potion"},{"floor":6,"key":"Dexterity Potion"},{"floor":8,"key":"ElixirPotion"},{"floor":16,"key":"BlessingOfTheForge"},{"floor":18,"key":"Fruit Juice"}],"is_trial":false,"path_per_floor":["M","M","M","M","?","E","?","E","T","E","M","R","$","M","R","B",null,"M","$","?","$","$","E","R","?","T","M","$","E","?","?","R","B"],"character_chosen":"IRONCLAD","items_purchased":["Darkstone Periapt","Flame Barrier"],"campfire_rested":0,"item_purchase_floors":[22,28],"current_hp_per_floor":[67,66,59,59,59,51,51,28,28,34,34,34,34,26,26,16,66,65,65,65,65,65,21,21,21,27,22,22,1,1,7,7,0,0],"gold":59,"neow_bonus":"BOSS_RELIC","is_daily":false,"chose_seed":false,"campfire_upgraded":4,"win_rate":0.0,"timestamp":1612990335,"path_taken":["M","M","M","?","?","E","?","E","T","E","?","R","$","M","R","BOSS","M","$","?","?","$","E","R","?","T","?","?","E","?","?","R","BOSS"],"items_purchased_type":["Relic","Card"],"build_version":"2020-12-22","purchased_purges":1,"victory":false,"max_hp_per_floor":[75,75,75,75,75,75,75,75,75,82,82,82,82,82,82,82,82,82,82,82,82,82,82,82,82,88,88,88,93,46,52,52,52,52],"relic_stats":{"Darkstone Periapt":12,"Blood Vial":2,"counters":[15,55],"PreservedInsect":115,"Letter Opener":[50],"Whetstone":["Sword Boomerang","Fiend Fire"],"War Paint":["Defend_R","Disarm"],"Cursed Key":1,"obtain_stats":[{"Darkstone Periapt":22,"PreservedInsect":9,"Letter Opener":6,"Whetstone":26,"War Paint":8,"Cursed Key":17,"Burning Blood":0,"WarpedTongs":7,"Blood Vial":29,"Strawberry":10,"MutagenicStrength":25,"Coffee Dripper":0,"Bottled Lightning":23},{"Darkstone Periapt":11,"PreservedInsect":6,"Letter Opener":5,"Whetstone":12,"War Paint":6,"Cursed Key":10,"Burning Blood":0,"WarpedTongs":5,"Blood Vial":14,"Strawberry":7,"MutagenicStrength":12,"Coffee Dripper":0,"Bottled Lightning":12},{"Darkstone Periapt":43,"PreservedInsect":20,"Letter Opener":14,"Whetstone":47,"War Paint":20,"Cursed Key":39,"Burning Blood":0,"WarpedTongs":14,"Blood Vial":52,"Strawberry":22,"MutagenicStrength":47,"Coffee Dripper":0,"Bottled Lightning":47}],"WarpedTongs":[37]},"card_choices":[{"not_picked":["Flex","Sentinel"],"picked":"Disarm","floor":1},{"not_picked":["Bloodletting","Pommel Strike"],"picked":"Shockwave","floor":2},{"not_picked":["Reckless Charge","Sever Soul"],"picked":"Whirlwind","floor":3},{"not_picked":["Anger","Havoc"],"picked":"Evolve","floor":4},{"not_picked":["Body Slam","Blood for Blood"],"picked":"True Grit","floor":6},{"not_picked":["Combust","Cleave"],"picked":"Metallicize","floor":8},{"not_picked":["Sword Boomerang","Twin Strike"],"picked":"Fiend Fire","floor":10},{"not_picked":["True Grit","Flex"],"picked":"Burning Pact","floor":11},{"not_picked":["Clash","Cleave"],"picked":"Headbutt","floor":14},{"not_picked":["Limit Break","Barricade"],"picked":"Demon Form","floor":16},{"not_picked":["Combust","Armaments"],"picked":"Sword Boomerang","floor":18},{"not_picked":["Headbutt","Blood for Blood","Warcry"],"picked":"SKIP","floor":23},{"not_picked":["Flex","Rupture"],"picked":"Offering","floor":27},{"not_picked":["Infernal Blade","Reckless Charge"],"picked":"Disarm","floor":29}],"player_experience":1444967,"relics_obtained":[{"floor":6,"key":"Letter Opener"},{"floor":8,"key":"War Paint"},{"floor":9,"key":"PreservedInsect"},{"floor":10,"key":"Strawberry"},{"floor":23,"key":"Bottled Lightning"},{"floor":26,"key":"Whetstone"},{"floor":29,"key":"Blood Vial"}],"event_choices":[{"damage_healed":0,"gold_gain":0,"player_choice":"Grow","damage_taken":0,"max_hp_gain":0,"max_hp_loss":0,"event_name":"Living Wall","floor":5,"gold_loss":0,"cards_upgraded":["Whirlwind"]},{"damage_healed":0,"gold_gain":0,"player_choice":"Rummage","damage_taken":0,"relics_obtained":["WarpedTongs"],"max_hp_gain":0,"max_hp_loss":0,"event_name":"Accursed Blacksmith","floor":7,"gold_loss":0,"cards_obtained":["Pain"]},{"damage_healed":0,"gold_gain":0,"player_choice":"Read","damage_taken":0,"max_hp_gain":0,"max_hp_loss":0,"event_name":"The Library","floor":20,"gold_loss":0,"cards_obtained":["Burning Pact"]},{"damage_healed":0,"gold_gain":0,"player_choice":"Inject Mutagens","damage_taken":0,"relics_obtained":["MutagenicStrength"],"max_hp_gain":0,"max_hp_loss":0,"event_name":"Drug Dealer","floor":25,"gold_loss":0},{"damage_healed":0,"gold_gain":0,"player_choice":"Became a Ghost","damage_taken":0,"max_hp_gain":0,"max_hp_loss":47,"event_name":"Ghosts","floor":30,"gold_loss":0,"cards_obtained":["Ghostly","Ghostly","Ghostly"]},{"damage_healed":0,"gold_gain":0,"player_choice":"Smashed Altar","damage_taken":0,"max_hp_gain":0,"max_hp_loss":0,"event_name":"Forgotten Altar","floor":31,"gold_loss":0,"cards_obtained":["Decay"]}],"is_beta":false,"boss_relics":[{"not_picked":["Astrolabe","Empty Cage"],"picked":"Cursed Key"}],"items_purged_floors":[13],"is_endless":false,"potions_floor_spawned":[1,3,6,8,16,18],"killed_by":"Collector","ascension_level":20}}