{"host":"rolltorest","time":1612922112,"event":{"mods":["BaseMod","Minty Spire (QoL Compilation)","Relic Stats","Slay the Relics Exporter","StSLib"],"gold_per_floor":[112,25,84,104,104,132,145,180,180,180,180,105,105,133,133,204,204,217,232,251,166,166,195,195,195,266,294,309,340,359,375,375,450,450,460,460,91,105,105,134,55,74,97,114,141,141,175,194,194,194,194,194,194,37,69,69],"floor_reached":57,"language":"ENG","playtime":2506,"items_purged":["Strike_R"],"score":3136,"play_id":"7db4ce80-73eb-4fa8-8ffe-5bcd7af9bfca","local_time":"20210209175512","is_ascension_mode":true,"campfire_choices":[{"data":"Demon Form","floor":11,"key":"SMITH"},{"data":"Fiend Fire","floor":13,"key":"SMITH"},{"data":"Hemokinesis","floor":15,"key":"SMITH"},{"data":"Feed","floor":25,"key":"SMITH"},{"data":"Dual Wield","floor":32,"key":"SMITH"},{"floor":49,"key":"RECALL"},{"data":"Rage","floor":53,"key":"SMITH"}],"circlet_count":0,"master_deck":["AscendersBane","Strike_R+1","Strike_R+1","Defend_R","Defend_R","Defend_R","Defend_R","Hemokinesis+1","Demon Form+1","Fiend Fire+1","Perfected Strike","Shrug It Off","Metallicize+1","Feed+1","Clothesline","Evolve+1","Carnage","Bludgeon+1","Dual Wield+1","Corruption+1","Dark Embrace+1","Body Slam","Intimidate","Feel No Pain+1","Barricade+1","Rage+1","Heavy Blade","Shrug It Off","Power Through","Dual Wield","Juggernaut+1","Flame Barrier"],"relics":["Burning Blood","NeowsBlessing","Orichalcum","CaptainsWheel","Centennial Puzzle","Pantograph","Frozen Egg 2","Snecko Eye","Blood Vial","MutagenicStrength","Pocketwatch","Meat on the Bone","Sundial","Mummified Hand","PreservedInsect","Empty Cage","Bottled Tornado","Incense Burner","Ice Cream","Potion Belt","Toy Ornithopter","Orrery","Nunchaku"],"acts_visited":["Exordium","TheCity","TheBeyond","TheEnding"],"potions_floor_usage":[18,23,56],"damage_taken":[{"damage":0,"enemies":"Small Slimes","floor":1,"turns":1},{"damage":0,"enemies":"Jaw Worm","floor":4,"turns":1},{"damage":0,"enemies":"3 Sentries","floor":6,"turns":2},{"damage":2,"enemies":"2 Louse","floor":7,"turns":2},{"damage":28,"enemies":"Lagavulin","floor":8,"turns":6},{"damage":12,"enemies":"3 Sentries","floor":14,"turns":10},{"damage":10,"enemies":"The Guardian","floor":16,"turns":11},{"damage":10,"enemies":"3 Byrds","floor":18,"turns":3},{"damage":1,"enemies":"Spheric Guardian","floor":19,"turns":4},{"damage":30,"enemies":"Snake Plant","floor":20,"turns":3},{"damage":0,"enemies":"Gremlin Leader","floor":23,"turns":6},{"damage":27,"enemies":"Slavers","floor":27,"turns":4},{"damage":21,"enemies":"Shelled Parasite and Fungi","floor":28,"turns":5},{"damage":8,"enemies":"Gremlin Leader","floor":29,"turns":4},{"damage":6,"enemies":"Chosen and Byrds","floor":30,"turns":4},{"damage":5,"enemies":"Sentry and Sphere","floor":31,"turns":3},{"damage":14,"enemies":"Champ","floor":33,"turns":8},{"damage":16,"enemies":"3 Darklings","floor":35,"turns":4},{"damage":3,"enemies":"Orb Walker","floor":38,"turns":2},{"damage":79,"enemies":"Reptomancer","floor":40,"turns":7},{"damage":17,"enemies":"Spire Growth","floor":42,"turns":4},{"damage":23,"enemies":"3 Darklings","floor":44,"turns":6},{"damage":0,"enemies":"Nemesis","floor":45,"turns":3},{"damage":2,"enemies":"Giant Head","floor":47,"turns":4},{"damage":0,"enemies":"Jaw Worm Horde","floor":48,"turns":3},{"damage":23,"enemies":"Time Eater","floor":50,"turns":9},{"damage":8,"enemies":"Donu and Deca","floor":51,"turns":11},{"damage":0,"enemies":"Shield and Spear","floor":55,"turns":3},{"damage":101,"enemies":"The Heart","floor":56,"turns":8}],"seed_played":"-5440472155461085576","potions_obtained":[{"floor":6,"key":"SmokeBomb"},{"floor":7,"key":"Block Potion"},{"floor":16,"key":"AttackPotion"},{"floor":23,"key":"Dexterity Potion"},{"floor":28,"key":"BloodPotion"}],"is_trial":false,"path_per_floor":["M","$","?","M","?","E","M","E","T","?","R","$","R","E","R","B",null,"M","M","M","?","?","E","T","R","T","E","M","E","M","M","R","B",null,"M","?","$","M","?","E","$","M","T","M","E","T","E","M","R","B","B",null,"R","$","E","B",null],"character_chosen":"IRONCLAD","items_purchased":["Demon Form","Dark Embrace+1","Bottled Tornado","Feel No Pain+1","Orrery"],"campfire_rested":0,"item_purchase_floors":[2,37,37,41,54],"current_hp_per_floor":[74,74,74,75,70,75,75,53,53,30,30,30,30,24,24,45,68,67,75,54,54,54,65,65,65,65,62,65,69,75,82,82,99,105,101,101,101,110,110,55,55,58,58,59,79,79,89,101,101,115,141,143,143,143,147,64],"gold":69,"neow_bonus":"THREE_ENEMY_KILL","is_daily":false,"chose_seed":false,"campfire_upgraded":6,"win_rate":0.0,"timestamp":1612922112,"path_taken":["M","$","?","M","?","E","M","E","T","?","R","?","R","E","R","BOSS","M","M","M","?","?","E","?","R","T","E","M","E","M","M","R","BOSS","M","?","$","M","?","E","$","?","T","M","E","?","E","M","R","BOSS","BOSS","R","$","E","BOSS"],"items_purchased_type":["Card","Card","Relic","Card","Relic"],"build_version":"2020-12-18","purchased_purges":1,"victory":true,"max_hp_per_floor":[75,75,75,75,75,75,75,75,75,75,75,75,75,75,75,75,75,78,81,84,84,84,87,87,87,87,91,95,99,103,107,107,107,107,111,111,111,115,115,119,119,119,119,123,123,123,127,131,131,135,143,143,143,143,147,147],"relic_stats":{"counters":[29,141],"PreservedInsect":319,"Orichalcum":[240],"Burning Blood":158,"Blood Vial":34,"Centennial Puzzle":[58],"Nunchaku":[1],"Sundial":[28],"Mummified Hand":[167],"Pantograph":91,"Snecko Eye":[249,238,247,243],"obtain_stats":[{"Ice Cream":45,"Potion Belt":46,"NeowsBlessing":0,"PreservedInsect":29,"Incense Burner":40,"Orichalcum":5,"Frozen Egg 2":14,"Bottled Tornado":37,"Empty Cage":34,"Burning Blood":0,"Blood Vial":21,"CaptainsWheel":6,"Centennial Puzzle":8,"Nunchaku":55,"Sundial":26,"Mummified Hand":27,"Pantograph":9,"MutagenicStrength":22,"Snecko Eye":17,"Orrery":54,"Toy Ornithopter":47,"Pocketwatch":23,"Meat on the Bone":24},{"Ice Cream":23,"Potion Belt":23,"NeowsBlessing":0,"PreservedInsect":14,"Incense Burner":20,"Orichalcum":2,"Frozen Egg 2":6,"Bottled Tornado":18,"Empty Cage":17,"Burning Blood":0,"Blood Vial":10,"CaptainsWheel":3,"Centennial Puzzle":5,"Nunchaku":28,"Sundial":11,"Mummified Hand":12,"Pantograph":5,"MutagenicStrength":10,"Snecko Eye":7,"Orrery":27,"Toy Ornithopter":24,"Pocketwatch":11,"Meat on the Bone":11},{"Ice Cream":103,"Potion Belt":103,"NeowsBlessing":0,"PreservedInsect":62,"Incense Burner":90,"Orichalcum":2,"Frozen Egg 2":22,"Bottled Tornado":81,"Empty Cage":77,"Burning Blood":0,"Blood Vial":43,"CaptainsWheel":4,"Centennial Puzzle":12,"Nunchaku":133,"Sundial":49,"Mummified Hand":53,"Pantograph":12,"MutagenicStrength":43,"Snecko Eye":33,"Orrery":130,"Toy Ornithopter":107,"Pocketwatch":49,"Meat on the Bone":49}],"Toy Ornithopter":0,"Pocketwatch":[61],"Meat on the Bone":84},"card_choices":[{"not_picked":["Wild Strike","Flex"],"picked":"Hemokinesis","floor":1},{"not_picked":["Wild Strike","Pummel","Flex"],"picked":"SKIP","floor":4},{"not_picked":["Combust","Body Slam"],"picked":"Fiend Fire","floor":6},{"not_picked":["Flex","Armaments"],"picked":"Perfected Strike","floor":7},{"not_picked":["Entrench","Bloodletting"],"picked":"Shrug It Off","floor":8},{"not_picked":["Reckless Charge","Whirlwind"],"picked":"Metallicize+1","floor":14},{"not_picked":["Limit Break","Brutality+1"],"picked":"Feed","floor":16},{"not_picked":["Thunderclap","Flex"],"picked":"Clothesline","floor":18},{"not_picked":["Perfected Strike","Sword Boomerang"],"picked":"Evolve+1","floor":19},{"not_picked":["Wild Strike","True Grit"],"picked":"Carnage","floor":20},{"not_picked":["Reckless Charge","Infernal Blade"],"picked":"Bludgeon","floor":23},{"not_picked":["Whirlwind","Fire Breathing+1"],"picked":"Dual Wield","floor":27},{"not_picked":["Havoc","Flex","Rupture+1"],"picked":"SKIP","floor":28},{"not_picked":["Pommel Strike","Perfected Strike+1","Body Slam"],"picked":"SKIP","floor":29},{"not_picked":["Evolve+1","Feed","Thunderclap"],"picked":"SKIP","floor":30},{"not_picked":["Wild Strike","Reckless Charge","Thunderclap"],"picked":"SKIP","floor":31},{"not_picked":["Feed","Demon Form+1"],"picked":"Corruption+1","floor":33},{"not_picked":["Thunderclap","Headbutt","Havoc"],"picked":"SKIP","floor":35},{"not_picked":["Pommel Strike","Armaments"],"picked":"Body Slam","floor":38},{"not_picked":["Clash","Thunderclap"],"picked":"Intimidate","floor":40},{"not_picked":["Pommel Strike","Ghostly Armor","Brutality+1"],"picked":"SKIP","floor":42},{"not_picked":["Hemokinesis","Wild Strike+1","Reckless Charge"],"picked":"SKIP","floor":44},{"not_picked":["Feel No Pain+1","Carnage"],"picked":"Barricade+1","floor":45},{"not_picked":["Thunderclap","Hemokinesis"],"picked":"Rage","floor":47},{"not_picked":["Body Slam+1","Thunderclap+1"],"picked":"Heavy Blade","floor":48},{"not_picked":["Battle Trance","Iron Wave+1"],"picked":"Shrug It Off","floor":54},{"not_picked":["Armaments+1","Iron Wave"],"picked":"Power Through","floor":54},{"not_picked":["Flex","Iron Wave"],"picked":"Dual Wield","floor":54},{"not_picked":["Bloodletting","Intimidate"],"picked":"Juggernaut+1","floor":54},{"not_picked":["Carnage","Body Slam"],"picked":"Flame Barrier","floor":54},{"not_picked":["Twin Strike","Armaments","Clothesline"],"picked":"SKIP","floor":55}],"player_experience":1934017,"relics_obtained":[{"floor":6,"key":"CaptainsWheel"},{"floor":8,"key":"Centennial Puzzle"},{"floor":9,"key":"Pantograph"},{"floor":14,"key":"Frozen Egg 2"},{"floor":23,"key":"Pocketwatch"},{"floor":24,"key":"Meat on the Bone"},{"floor":26,"key":"Sundial"},{"floor":27,"key":"Mummified Hand"},{"floor":29,"key":"PreservedInsect"},{"floor":40,"key":"Incense Burner"},{"floor":45,"key":"Ice Cream"},{"floor":46,"key":"Potion Belt"},{"floor":47,"key":"Toy Ornithopter"},{"floor":55,"key":"Nunchaku"}],"event_choices":[{"damage_healed":0,"gold_gain":59,"player_choice":"Gained Gold","damage_taken":0,"max_hp_gain":0,"max_hp_loss":0,"event_name":"Golden Wing","floor":3,"gold_loss":0},{"damage_healed":0,"gold_gain":0,"player_choice":"Success","damage_taken":5,"relics_obtained":["Orichalcum"],"max_hp_gain":0,"max_hp_loss":0,"event_name":"Scrap Ooze","floor":5,"gold_loss":0},{"damage_healed":0,"gold_gain":0,"player_choice":"Entered Light","damage_taken":23,"max_hp_gain":0,"max_hp_loss":0,"event_name":"Shining Light","floor":10,"gold_loss":0,"cards_upgraded":["Strike_R","Strike_R"]},{"damage_healed":0,"gold_gain":0,"player_choice":"Obtained Relic","damage_taken":0,"relics_obtained":["Blood Vial"],"max_hp_gain":0,"max_hp_loss":0,"event_name":"Addict","floor":21,"gold_loss":85},{"damage_healed":0,"gold_gain":0,"player_choice":"Inject Mutagens","damage_taken":0,"relics_obtained":["MutagenicStrength"],"max_hp_gain":0,"max_hp_loss":0,"event_name":"Drug Dealer","floor":22,"gold_loss":0},{"cards_removed":["Bash"],"damage_healed":0,"gold_gain":0,"player_choice":"Removed Attack","damage_taken":0,"max_hp_gain":0,"max_hp_loss":0,"event_name":"Falling","floor":36,"gold_loss":0},{"damage_healed":0,"gold_gain":0,"player_choice":"Forge","damage_taken":0,"max_hp_gain":0,"max_hp_loss":0,"event_name":"Accursed Blacksmith","floor":39,"gold_loss":0,"cards_upgraded":["Bludgeon"]}],"is_beta":true,"boss_relics":[{"not_picked":["SlaversCollar","Fusion Hammer"],"picked":"Snecko Eye"},{"not_picked":["Black Blood","Tiny House"],"picked":"Empty Cage"}],"items_purged_floors":[12],"is_endless":false,"potions_floor_spawned":[6,7,16,23,28,29,30,31,38,45],"ascension_level":20}}