{"host":"nt7qlb3u3keu79fg","time":1612977911,"event":{"mods":["2.2 Compatiblity","AchievementEnabler","BaseMod","Downfall","Minty Spire (QoL Compilation)","StSLib"],"gold_per_floor":[99,114,127,142,160,178,203,203,113,113,126,11,25,37,52,154,154,154,172,32,51,51,68,116,217,217,217,217],"floor_reached":26,"language":"ENG","playtime":2137,"items_purged":["champ:Defend","champ:Strike","champ:Strike","champ:Strike"],"score":204,"play_id":"1346b819-3c16-4b52-b495-0dc6015de9b7","local_time":"20210210122511","is_ascension_mode":false,"campfire_choices":[{"data":"champ:Taunt","floor":1,"key":"SMITH"},{"data":"champ:StanceDance","floor":8,"key":"SMITH"},{"data":"champ:SteelEdge","floor":18,"key":"SMITH"}],"circlet_count":0,"master_deck":["champ:Defend","champ:Defend","champ:Defend","champ:Execute","champ:Taunt+1","champ:Encircle","champ:FanOfKnives","champ:StanceDance+1","champ:Haymaker","champ:CalledShot","Iron Wave","champ:FaceSlap","champ:FocusedBerserking","champ:SteelEdge+1","champ:Endure","champ:Shatter","champ:EnragedBash"],"relics":["champ:ChampionCrown","Runic Dome","Smiling Mask","Bronze Scales"],"acts_visited":["Exordium","TheCity"],"potions_floor_usage":[16],"damage_taken":[{"damage":10,"enemies":"2 Louse","floor":2,"turns":2},{"damage":0,"enemies":"Cultist","floor":3,"turns":3},{"damage":1,"enemies":"Small Slimes","floor":4,"turns":3},{"damage":13,"enemies":"3 Louse","floor":5,"turns":3},{"damage":16,"enemies":"Blue Slaver","floor":6,"turns":4},{"damage":15,"enemies":"downfall:FleeingMerchant","floor":9,"turns":4},{"damage":6,"enemies":"Exordium Thugs","floor":11,"turns":3},{"damage":20,"enemies":"downfall:FleeingMerchant","floor":12,"turns":4},{"damage":4,"enemies":"2 Fungi Beasts","floor":13,"turns":2},{"damage":22,"enemies":"3 Louse","floor":14,"turns":3},{"damage":21,"enemies":"Exordium Wildlife","floor":15,"turns":3},{"damage":54,"enemies":"IC_STATUS_ARCHETYPE","floor":16,"turns":7},{"damage":25,"enemies":"3 Byrds","floor":19,"turns":4},{"damage":35,"enemies":"downfall:FleeingMerchant","floor":20,"turns":4},{"damage":13,"enemies":"Spheric Guardian","floor":21,"turns":3},{"damage":40,"enemies":"3 Cultists","floor":23,"turns":5},{"damage":25,"enemies":"downfall:FleeingMerchant","floor":25,"turns":3},{"damage":33,"enemies":"Centurion and Healer","floor":26,"turns":4}],"seed_played":"7221788548333951451","potions_obtained":[{"floor":2,"key":"sneckomod:MuddlingPotion"},{"floor":3,"key":"champ:TechniquePotion"},{"floor":4,"key":"Ancient Potion"},{"floor":6,"key":"AttackPotion"},{"floor":19,"key":"hexamod:SoulburnPotion"},{"floor":23,"key":"SteroidPotion"}],"is_trial":false,"path_per_floor":["R","M","M","M","M","M","T","R","$","?","M","$","M","M","M","B",null,"R","M","$","M","?","M","T","$","M"],"character_chosen":"THE_CHAMP","items_purchased":["champ:EnragedBash","Bronze Scales"],"campfire_rested":0,"item_purchase_floors":[25,25],"current_hp_per_floor":[99,99,99,98,90,84,84,84,84,84,78,73,69,62,46,22,99,99,89,84,81,81,56,56,31,0,0,0],"gold":217,"neow_bonus":"TEN_PERCENT_HP_BONUS","is_daily":false,"chose_seed":false,"campfire_upgraded":3,"win_rate":0.0,"timestamp":1612977911,"path_taken":["R","M","M","M","M","M","T","R","$","?","M","?","M","M","M","BOSS","R","M","$","M","?","M","T","$","M"],"items_purchased_type":["Card","Relic"],"build_version":"2020-12-22","purchased_purges":4,"victory":false,"max_hp_per_floor":[99,99,99,99,99,99,99,99,99,99,99,99,99,99,99,99,99,99,99,99,99,99,99,99,99,99,99,99],"card_choices":[{"not_picked":["champ:RisingSlash","champ:ShieldSlam"],"picked":"champ:Encircle","floor":2},{"not_picked":["champ:GutPunch","champ:ShieldWall"],"picked":"champ:FanOfKnives","floor":3},{"not_picked":["champ:PreciseThrust","champ:CrownThrow"],"picked":"champ:StanceDance","floor":4},{"not_picked":["champ:DefensiveShout","champ:CrownThrow"],"picked":"champ:Haymaker","floor":5},{"not_picked":["champ:FocusedDefense","champ:EndlessRage"],"picked":"champ:CalledShot","floor":6},{"not_picked":["champ:CrookedStrike","champ:Parry","champ:StanceDance"],"picked":"SKIP","floor":9},{"not_picked":["champ:FanOfKnives","champ:PreciseThrust"],"picked":"champ:FaceSlap","floor":11},{"not_picked":["champ:CalledShot","champ:Encircle","champ:CrownThrow"],"picked":"SKIP","floor":12},{"not_picked":["champ:FancyFootwork","champ:TornadoPunch","champ:CalledShot"],"picked":"SKIP","floor":13},{"not_picked":["champ:BerserkersShout","champ:RapidStrikes"],"picked":"champ:FocusedBerserking","floor":14},{"not_picked":["champ:HeavySlash","champ:Circumvent","champ:PreciseThrust"],"picked":"SKIP","floor":15},{"not_picked":["champ:StrikeOfGenius","champ:IgnorePain"],"picked":"champ:SteelEdge","floor":16},{"not_picked":["champ:CrownThrow","champ:DefensiveShout"],"picked":"champ:Endure","floor":19},{"not_picked":["champ:VampiricStrike","champ:CrownThrow"],"picked":"champ:Shatter","floor":20},{"not_picked":["champ:TornadoPunch","champ:DefensiveShout+1","champ:GladiatorStyle+1"],"picked":"SKIP","floor":21},{"not_picked":["champ:CrownThrow","champ:FocusedBerserking","champ:Shatter"],"picked":"SKIP","floor":23},{"not_picked":["champ:FancyFootwork+1","champ:GutPunch","champ:Backstep+1"],"picked":"SKIP","floor":25}],"player_experience":250642,"relics_obtained":[{"floor":24,"key":"Smiling Mask"}],"event_choices":[{"cards_removed":["champ:Strike"],"damage_healed":0,"gold_gain":0,"player_choice":"Took Card","damage_taken":0,"max_hp_gain":0,"max_hp_loss":0,"event_name":"NoteForYourself","floor":10,"gold_loss":0,"cards_obtained":["Iron Wave"]}],"is_beta":false,"boss_relics":[{"not_picked":["Fusion Hammer","Coffee Dripper"],"picked":"Runic Dome"}],"items_purged_floors":[9,12,20,25],"is_endless":false,"potions_floor_spawned":[2,3,4,6,13,14,19,23],"killed_by":"Centurion and Healer","ascension_level":0}}