{"host":"3a1ypf1irl30q4k8","time":1612961562,"event":{"mods":["AchievementEnabler","BaseMod","Bestiary","Colored Map","Minty Spire (QoL Compilation)","Relic Stats","ojb\u0027s Info Mod"],"gold_per_floor":[111,122,176,136,152,164,164,189,189,189,217,237,69,81,81,184,184,204,204,26,26,41,41,71,71,94,112,112,112],"floor_reached":28,"language":"ENG","playtime":3719,"items_purged":["Strike_B","Strike_B"],"score":298,"play_id":"8f701246-185d-4305-83b0-780f102b25db","local_time":"20210210125242","is_ascension_mode":true,"campfire_choices":[{"data":"Doom and Gloom","floor":7.0,"key":"SMITH"},{"floor":10.0,"key":"REST"},{"floor":15.0,"key":"REST"},{"data":"Double Energy","floor":23,"key":"SMITH"},{"floor":25,"key":"REST"}],"circlet_count":0,"master_deck":["Defend_B","Defend_B","Defend_B","Defend_B","Zap","Dualcast","Biased Cognition","Go for the Eyes","Doom and Gloom+1","Loop","Reinforced Body","Undo","Streamline","Consume","Coolheaded","Defragment","Self Repair","Core Surge","Redo+1","Double Energy+1","Redo+1","White Noise+1","Conserve Battery"],"relics":["Cracked Core","InkBottle","Akabeko","Sozu","Strawberry","PreservedInsect","War Paint"],"acts_visited":["Exordium","TheCity"],"potions_floor_usage":[24],"damage_taken":[{"damage":0.0,"enemies":"Cultist","floor":1.0,"turns":2.0},{"damage":0.0,"enemies":"2 Louse","floor":2.0,"turns":1.0},{"damage":0.0,"enemies":"Jaw Worm","floor":5.0,"turns":2.0},{"damage":7.0,"enemies":"Exordium Thugs","floor":6.0,"turns":4.0},{"damage":29.0,"enemies":"Lagavulin","floor":8.0,"turns":6.0},{"damage":11.0,"enemies":"3 Sentries","floor":11.0,"turns":6.0},{"damage":0.0,"enemies":"Looter","floor":12.0,"turns":2.0},{"damage":1.0,"enemies":"2 Fungi Beasts","floor":14.0,"turns":4.0},{"damage":34.0,"enemies":"Hexaghost","floor":16.0,"turns":12.0},{"damage":9,"enemies":"Shell Parasite","floor":18,"turns":7},{"damage":6,"enemies":"Chosen","floor":22,"turns":4},{"damage":74,"enemies":"Gremlin Leader","floor":24,"turns":7},{"damage":20,"enemies":"Centurion and Healer","floor":27,"turns":4},{"damage":26,"enemies":"Shelled Parasite and Fungi","floor":28,"turns":2}],"seed_played":"142892019883856497","potions_obtained":[{"floor":4.0,"key":"Explosive Potion"},{"floor":4.0,"key":"DuplicationPotion"},{"floor":4.0,"key":"FearPotion"},{"floor":5.0,"key":"PowerPotion"},{"floor":8.0,"key":"LiquidBronze"},{"floor":11.0,"key":"Explosive Potion"}],"is_trial":false,"path_per_floor":["M","M","?","?","M","M","R","E","T","R","E","M","$","M","R","B",null,"M","?","$","?","M","R","E","R","T","M","M"],"character_chosen":"DEFECT","items_purchased":["Coolheaded","Defragment","Double Energy"],"campfire_rested":3,"item_purchase_floors":[13,13,20],"current_hp_per_floor":[54,54,54,54,54,47,47,18,18,40,29,29,29,28,50,23,75,73,80,80,80,81,81,14,38,38,25,0,0],"gold":112,"neow_bonus":"THREE_RARE_CARDS","is_daily":false,"chose_seed":false,"campfire_upgraded":2,"win_rate":0.0,"timestamp":1612961562,"path_taken":["M","M","?","?","M","M","R","E","T","R","E","M","$","?","R","BOSS","M","?","?","?","M","R","E","R","T","M","M"],"items_purchased_type":["Card","Card","Card"],"build_version":"2020-12-22","purchased_purges":2,"victory":false,"max_hp_per_floor":[75,75,75,75,75,75,75,75,75,75,75,75,75,75,75,75,75,75,82,82,82,82,82,82,82,82,82,82,82],"relic_stats":{"Sozu":1,"counters":[14,63],"PreservedInsect":0,"War Paint":["Redo","White Noise"],"obtain_stats":[{"Sozu":17,"Strawberry":19,"PreservedInsect":24,"War Paint":26,"Cracked Core":0,"InkBottle":8,"Akabeko":11},{"Sozu":9,"Strawberry":10,"PreservedInsect":12,"War Paint":12,"Cracked Core":0,"InkBottle":5,"Akabeko":6},{"Sozu":39,"Strawberry":46,"PreservedInsect":57,"War Paint":57,"Cracked Core":0,"InkBottle":15,"Akabeko":21}],"InkBottle":[13]},"card_choices":[{"not_picked":["Seek","Rainbow"],"picked":"Biased Cognition","floor":0.0},{"not_picked":["Hello World","Conserve Battery"],"picked":"Go for the Eyes","floor":1.0},{"not_picked":["Static Discharge","FTL"],"picked":"Doom and Gloom","floor":2.0},{"not_picked":["Sweeping Beam","Turbo"],"picked":"Loop","floor":5.0},{"not_picked":["Scrape","Stack"],"picked":"Reinforced Body","floor":6.0},{"not_picked":["Streamline","Hyperbeam"],"picked":"Undo","floor":8.0},{"not_picked":["Barrage","Gash"],"picked":"Streamline","floor":11.0},{"not_picked":["Cold Snap","Static Discharge"],"picked":"Consume","floor":12.0},{"not_picked":["White Noise","Beam Cell"],"picked":"Self Repair","floor":14.0},{"not_picked":["Fission","Hyperbeam"],"picked":"Core Surge","floor":16.0},{"not_picked":["Steam","Conserve Battery+1"],"picked":"Redo+1","floor":18},{"not_picked":["Go for the Eyes","Aggregate"],"picked":"Conserve Battery","floor":22},{"not_picked":["Steam","Compile Driver","Go for the Eyes+1"],"picked":"SKIP","floor":24},{"not_picked":["Compile Driver","Streamline","Stack"],"picked":"SKIP","floor":27}],"player_experience":1380305,"relics_obtained":[{"floor":8.0,"key":"InkBottle"},{"floor":11.0,"key":"Akabeko"},{"floor":24,"key":"PreservedInsect"},{"floor":26,"key":"War Paint"}],"event_choices":[{"damage_healed":0.0,"max_hp_gain":0.0,"max_hp_loss":0.0,"gold_gain":54.0,"event_name":"Golden Wing","player_choice":"Gained Gold","floor":3.0,"gold_loss":0.0,"damage_taken":0.0},{"damage_healed":0.0,"max_hp_gain":0.0,"max_hp_loss":0.0,"gold_gain":0.0,"event_name":"The Woman in Blue","player_choice":"Bought 3 Potions","floor":4.0,"gold_loss":0.0,"damage_taken":0.0},{"damage_healed":0,"gold_gain":0,"player_choice":"Gave Potion","damage_taken":0,"relics_obtained":["Strawberry"],"max_hp_gain":0,"max_hp_loss":0,"event_name":"WeMeetAgain","floor":19,"gold_loss":0},{"damage_healed":0,"gold_gain":0,"cards_transformed":["Strike_B","Strike_B"],"player_choice":"Became Test Subject","damage_taken":0,"max_hp_gain":0,"max_hp_loss":0,"event_name":"Drug Dealer","floor":21,"gold_loss":0,"cards_obtained":["Redo","White Noise"]}],"is_beta":false,"boss_relics":[{"not_picked":["SlaversCollar","Tiny House"],"picked":"Sozu"}],"items_purged_floors":[13,20],"is_endless":false,"potions_floor_spawned":[5,6,8,11,16,22],"killed_by":"Shelled Parasite and Fungi","ascension_level":4}}