{"host":"41vgbr386mrj4p17","time":1612960928,"event":{"mods":["AchievementEnabler","AlwaysNeverKeys","BaseMod","Bestiary","Better Altar","Better Match","Better Note","Better Sensory Stone","Better Skull","Better Third Choice","Colored Map","Curses Come First","Downfall","Googly Eyes","Hermit","Highlight Path","Minty Spire (QoL Compilation)","Shade Mod","StSLib","The Cursed"],"gold_per_floor":[116,134,134,59,59,59,76,90,90,90,15,40,60,74,74,74,74],"floor_reached":16,"language":"ENG","playtime":833,"items_purged":["TheCursedMod:Defend_TheCursed"],"score":143,"play_id":"7b42b527-009a-40c9-8a5c-9ef561f63ebd","local_time":"20210210074208","is_ascension_mode":true,"campfire_choices":[{"data":"TheCursedMod:CursedWand","floor":6,"key":"SMITH"},{"data":"TheCursedMod:CursedShiv","floor":10,"key":"SMITH"},{"data":"TheCursedMod:DemonicPact","floor":15,"key":"SMITH"}],"circlet_count":0,"master_deck":["TheCursedMod:Strike_TheCursed","TheCursedMod:Strike_TheCursed","TheCursedMod:Strike_TheCursed","TheCursedMod:Strike_TheCursed","TheCursedMod:Defend_TheCursed","TheCursedMod:Defend_TheCursed","TheCursedMod:Defend_TheCursed","TheCursedMod:CursedWand+1","TheCursedMod:CleanUpWorkshop+1","TheCursedMod:Dregs","TheCursedMod:CursedShiv+1","TheCursedMod:SurpriseAttack","TheCursedMod:DemonicPact+1","TheCursedMod:FleshFromBone","TheCursedMod:SurpriseAttack"],"relics":["TheCursedMod:BlackMagic101","MealTicket","Happy Flower","Lantern","Bag of Preparation"],"acts_visited":["Exordium"],"potions_floor_usage":[16,16],"damage_taken":[{"damage":0,"enemies":"2 Louse","floor":1,"turns":3},{"damage":0,"enemies":"Jaw Worm","floor":2,"turns":5},{"damage":0,"enemies":"Cultist","floor":7,"turns":3},{"damage":0,"enemies":"Gremlin Gang","floor":8,"turns":4},{"damage":33,"enemies":"Lagavulin","floor":12,"turns":9},{"damage":0,"enemies":"Lots of Slimes","floor":13,"turns":4},{"damage":1,"enemies":"Looter","floor":14,"turns":3},{"damage":48,"enemies":"Hexaghost","floor":16,"turns":10}],"seed_played":"724063725831723897","potions_obtained":[{"floor":12,"key":"sneckomod:MuddlingPotion"},{"floor":13,"key":"SneckoOil"}],"is_trial":false,"path_per_floor":["M","M","?","$","?","R","M","M","T","R","$","E","M","M","R","B"],"character_chosen":"THE_CURSED","items_purchased":["TheCursedMod:DemonicPact"],"campfire_rested":0,"item_purchase_floors":[11],"current_hp_per_floor":[68,68,50,65,65,65,65,65,65,65,75,42,42,41,41,0,0],"gold":74,"neow_bonus":"RANDOM_COMMON_RELIC","is_daily":false,"chose_seed":false,"campfire_upgraded":3,"win_rate":0.0,"timestamp":1612960928,"path_taken":["M","M","?","$","?","R","?","M","T","R","$","E","M","M","R","BOSS"],"items_purchased_type":["Card"],"build_version":"2020-12-22","purchased_purges":1,"victory":false,"max_hp_per_floor":[75,75,75,75,75,75,75,75,75,75,75,75,75,75,75,75,75],"card_choices":[{"not_picked":["TheCursedMod:CursedAmulet","TheCursedMod:SpitefulStrike","TheCursedMod:CircleOfFlame"],"picked":"SKIP","floor":1},{"not_picked":["TheCursedMod:Obscuration","TheCursedMod:Wield"],"picked":"TheCursedMod:CursedShiv","floor":2},{"not_picked":["TheCursedMod:ShockAndAwe","TheCursedMod:Stretching"],"picked":"TheCursedMod:SurpriseAttack","floor":7},{"not_picked":["TheCursedMod:Obscuration","TheCursedMod:CursedMace","TheCursedMod:SpreadPlague"],"picked":"SKIP","floor":8},{"not_picked":["TheCursedMod:CircleOfCorruption","TheCursedMod:Stretching"],"picked":"TheCursedMod:FleshFromBone","floor":12},{"not_picked":["TheCursedMod:Stretching","TheCursedMod:VitalStrike","TheCursedMod:SmokeScreen"],"picked":"SKIP","floor":13},{"not_picked":["TheCursedMod:FleshFromBone","TheCursedMod:ForbiddenAlchemy"],"picked":"TheCursedMod:SurpriseAttack","floor":14}],"player_experience":1067967,"relics_obtained":[{"floor":9,"key":"Lantern"},{"floor":12,"key":"Bag of Preparation"}],"event_choices":[{"damage_healed":0,"gold_gain":0,"player_choice":"Relic ","damage_taken":18,"max_hp_gain":0,"max_hp_loss":0,"event_name":"betterThird:BetterScrap","floor":3,"gold_loss":0,"cards_obtained":["Leg Sweep"]},{"damage_healed":0,"gold_gain":0,"player_choice":"Upgraded","damage_taken":0,"max_hp_gain":0,"max_hp_loss":0,"event_name":"Upgrade Shrine","floor":5,"gold_loss":0,"cards_upgraded":["TheCursedMod:CleanUpWorkshop"]}],"is_beta":false,"boss_relics":[],"items_purged_floors":[4],"is_endless":false,"potions_floor_spawned":[12,13],"killed_by":"Hexaghost","ascension_level":8}}