{"host":"Doisman","time":1612939818,"event":{"mods":["AchievementEnabler","BaseMod","Better Note","Curses Come First","Minty Spire (QoL Compilation)","Permanent Neow","Relic Stats","Replay The Spire","StSLib"],"gold_per_floor":[161,161,43,43,54,84,84,115,115,131,131,148,148,168,168,270,270,270],"floor_reached":17,"language":"ENG","playtime":573,"items_purged":[],"score":173,"play_id":"d236e0c2-dbb7-4643-93c1-dd122df4060e","local_time":"20210210005018","is_ascension_mode":true,"campfire_choices":[{"data":"Skewer","floor":7,"key":"SMITH"},{"data":"Neutralize","floor":11,"key":"SMITH"},{"data":"Noxious Fumes","floor":13,"key":"SMITH"},{"data":"Crippling Poison","floor":15,"key":"SMITH"}],"circlet_count":0,"master_deck":["Survivor","Neutralize+1","Backflip","Backflip","All Out Attack","Cloak And Dagger","Skewer+1","Well Laid Plans","Cloak And Dagger","Blade Dance","Noxious Fumes+1","Crippling Poison+1","After Image","Dodge and Roll","Dagger Spray","Well Laid Plans","ReplayTheSpireMod:Necrosis","ReplayTheSpireMod:Tripwire","Riddle With Holes","Finisher","Tactician","Catalyst"],"relics":["Tiny House","Du-Vu Doll","Eternal Feather","StoneCalendar","Pandora\u0027s Box"],"acts_visited":["Exordium","TheCity"],"potions_floor_usage":[8,14,16],"damage_taken":[{"damage":0,"enemies":"Jaw Worm","floor":1,"turns":7},{"damage":0,"enemies":"Small Slimes","floor":5,"turns":2},{"damage":16,"enemies":"3 Sentries","floor":6,"turns":10},{"damage":7,"enemies":"Lagavulin","floor":8,"turns":8},{"damage":0,"enemies":"Cultist","floor":10,"turns":3},{"damage":0,"enemies":"Exordium Thugs","floor":12,"turns":6},{"damage":0,"enemies":"3 Louse","floor":14,"turns":1},{"damage":13,"enemies":"Slime Boss","floor":16,"turns":7}],"seed_played":"-8007022996605100191","potions_obtained":[{"floor":0,"key":"Venom Potion"},{"floor":8,"key":"Explosive Potion"},{"floor":10,"key":"Flashbang"},{"floor":12,"key":"LifebloodPotion"}],"is_trial":false,"path_per_floor":["M","?","$","?","M","E","R","E","T","M","R","M","R","M","R","B",null],"character_chosen":"THE_SILENT","items_purchased":["All Out Attack","Cloak And Dagger"],"campfire_rested":0,"item_purchase_floors":[3,3],"current_hp_per_floor":[75,68,68,68,68,52,52,45,45,45,54,54,66,66,75,62,75,75],"gold":270,"neow_bonus":"BOSS_RELIC","is_daily":false,"chose_seed":false,"campfire_upgraded":4,"win_rate":0.0,"timestamp":1612939818,"path_taken":["M","?","$","?","M","E","R","E","T","?","R","M","R","M","R","BOSS"],"items_purchased_type":["Card","Card"],"build_version":"2020-12-18","purchased_purges":0,"victory":false,"max_hp_per_floor":[75,75,75,75,75,75,75,75,75,75,75,75,75,75,75,75,75,75],"relic_stats":{"counters":[8,44],"Eternal Feather":30,"StoneCalendar":[60],"Pandora\u0027s Box":["Dodge and Roll","Dagger Spray","Well Laid Plans","ReplayTheSpireMod:Necrosis","ReplayTheSpireMod:Tripwire","Riddle With Holes","Finisher","Tactician","Catalyst"],"obtain_stats":[{"Du-Vu Doll":6,"Tiny House":0,"Eternal Feather":8,"StoneCalendar":9,"Pandora\u0027s Box":17,"Ring of the Snake":0},{"Du-Vu Doll":3,"Tiny House":0,"Eternal Feather":4,"StoneCalendar":4,"Pandora\u0027s Box":8,"Ring of the Snake":0},{"Du-Vu Doll":19,"Tiny House":0,"Eternal Feather":27,"StoneCalendar":27,"Pandora\u0027s Box":44,"Ring of the Snake":0}]},"card_choices":[{"not_picked":["PiercingWail","Deflect"],"picked":"Backflip","floor":0},{"not_picked":["ReplayTheSpireMod:Shiv Toss","Prepared"],"picked":"Backflip","floor":1},{"not_picked":["Sucker Punch","Outmaneuver"],"picked":"Well Laid Plans","floor":5},{"not_picked":["Venomology","Backflip"],"picked":"Cloak And Dagger","floor":6},{"not_picked":["Dodge and Roll","Heel Hook","Tactician"],"picked":"SKIP","floor":8},{"not_picked":["Infinite Blades","Outmaneuver"],"picked":"Blade Dance","floor":10},{"not_picked":["Well Laid Plans","Reflex"],"picked":"Noxious Fumes","floor":12},{"not_picked":["Endless Agony","Dagger Spray"],"picked":"Crippling Poison","floor":14},{"not_picked":["Atom Bomb","Tools of the Trade"],"picked":"After Image","floor":16}],"player_experience":1107581,"relics_obtained":[{"floor":6,"key":"Du-Vu Doll"},{"floor":8,"key":"Eternal Feather"},{"floor":9,"key":"StoneCalendar"}],"event_choices":[{"cards_removed":["Strike_G"],"damage_healed":0,"gold_gain":0,"player_choice":"Card Removal","damage_taken":7,"max_hp_gain":0,"max_hp_loss":0,"event_name":"Golden Wing","floor":2,"gold_loss":0},{"damage_healed":0,"gold_gain":0,"player_choice":"1 cards matched","damage_taken":0,"max_hp_gain":0,"max_hp_loss":0,"event_name":"Match and Keep!","floor":4,"gold_loss":0,"cards_obtained":["Skewer"]}],"is_beta":true,"boss_relics":[{"not_picked":["Runic Dome","Replay:Wanted Poster"],"picked":"Pandora\u0027s Box"}],"items_purged_floors":[],"is_endless":false,"potions_floor_spawned":[8,10,12],"ascension_level":1}}