{"host":"3twtdwjpiqhvvn5s","time":1612996086,"event":{"mods":["AchievementEnabler","Act Like it!","Aspiration","BaseMod","BetterRewards","Colored Map","Colored Powertips","Downfall","Duelist Mod","Friendly Minions","GifTheSpireLib","Hermit","Hubris","Infinite Spire","Jorbs\u0027s Wanderer Trilogy","Koishi","KomeijiMod","Marisa????????","Minty Spire (QoL Compilation)","Quick Restart","Rare Cards Sparkle","Replay The Spire","Shop Mod","StSLib","Td1madao Mod","The Administrix","The Animator","The Bug Knight","The Caster","The Cursed","The Disciple","The Hierophant","The Necromancer","The Poker Player","The Runesmith","The Servant 0.9.4"],"gold_per_floor":[110,125,200,218,231,266,236,236,236],"floor_reached":8,"language":"ENG","playtime":1655,"items_purged":[],"score":58,"play_id":"28dcf766-a27c-433a-83d5-b959521b5ff5","local_time":"20210210162806","daily_mods":["Heirloom","Diverse","Elite Swarm"],"is_ascension_mode":false,"campfire_choices":[],"circlet_count":0,"master_deck":["hexamod:Strike","hexamod:Strike","hexamod:Strike","hexamod:Strike","hexamod:Defend","hexamod:Defend","hexamod:Defend","hexamod:Defend","hexamod:Sear","hexamod:Float","AdministrixMod:Convergence","theDuelist:SuperheavySoulbuster","BloodSurge","Run Through","sneckomod:UnknownRarePower","LockedTornado"],"relics":["hexamod:SpiritBrand","Pondfish Scales","Eternal Feather"],"acts_visited":["Exordium"],"potions_floor_usage":[6,7],"damage_taken":[{"damage":7,"enemies":"Small Slimes","floor":1,"turns":5},{"damage":0,"enemies":"Cultist","floor":2,"turns":4},{"damage":1,"enemies":"Jaw Worm","floor":4,"turns":4},{"damage":3,"enemies":"Blue Slaver","floor":5,"turns":3},{"damage":18,"enemies":"3 Sentries","floor":6,"turns":8},{"damage":0,"enemies":"Looter","floor":7,"turns":4},{"damage":32,"enemies":"Gremlin Nob","floor":8,"turns":4}],"seed_played":"-6439526583545437363","potions_obtained":[{"floor":5,"key":"SkillPotion"},{"floor":6,"key":"LiquidMemories"}],"is_trial":true,"path_per_floor":["M","M","?","M","M","E","M","E"],"character_chosen":"THE_SPIRIT","items_purchased":[],"campfire_rested":0,"item_purchase_floors":[],"current_hp_per_floor":[63,63,52,51,48,30,30,0,0],"gold":236,"neow_bonus":"","is_daily":false,"chose_seed":false,"campfire_upgraded":0,"win_rate":0.0,"timestamp":1612996086,"path_taken":["M","M","?","M","M","E","M","E"],"items_purchased_type":[],"build_version":"2020-12-22","purchased_purges":0,"victory":false,"max_hp_per_floor":[70,70,70,70,70,70,70,70,70],"card_choices":[{"not_picked":["theDuelist:BarrelDragon","BlueShift"],"picked":"AdministrixMod:Convergence","floor":1},{"not_picked":["sneckomod:UnknownClass????","theDuelist:RainbowOverdragon"],"picked":"theDuelist:SuperheavySoulbuster","floor":2},{"not_picked":["theDuelist:Sogen","ReapSow"],"picked":"BloodSurge","floor":4},{"not_picked":["Rewind","theDuelist:DimensionFusion"],"picked":"Run Through","floor":5},{"not_picked":["theDuelist:ZombieMaster","theDuelist:ArmedDragon10"],"picked":"sneckomod:UnknownRarePower","floor":6},{"not_picked":["AdministrixMod:Transition","theDuelist:AncientGearWorkshop"],"picked":"LockedTornado","floor":7}],"player_experience":2921154,"relics_obtained":[{"floor":6,"key":"Eternal Feather"}],"event_choices":[{"damage_healed":0,"gold_gain":75,"player_choice":"Gather Gold","damage_taken":11,"max_hp_gain":0,"max_hp_loss":0,"event_name":"World of Goop","floor":3,"gold_loss":0}],"is_beta":false,"boss_relics":[],"items_purged_floors":[],"is_endless":false,"potions_floor_spawned":[5,6],"killed_by":"Gremlin Nob","ascension_level":0}}