{"host":"j5shy70asow5koz5","time":1612967158,"event":{"mods":["2.2 Compatiblity","Act Like it!","Arknights","BaseMod","Colored Map","Marisa£¨Ùöéë¡¡Øª×âÞÞ£©","Minty Spire (QoL Compilation)","Prisma Mod","StSLib","SuperFastMode","Td1madao Mod","The Disciple","The Gatherer","The Servant 0.9.4","Waifu the Spire"],"gold_per_floor":[110,110,35,47,57,57,57,74,74,94,111,111,142,157,157,157,157],"floor_reached":16,"language":"KOR","playtime":212,"items_purged":["Strike_R"],"score":129,"play_id":"caf02b75-7651-4834-a814-c35c0cbfe26f","local_time":"20210210232558","is_ascension_mode":false,"campfire_choices":[{"data":"Perfected Strike","floor":6.0,"key":"SMITH"},{"data":"Reaper","floor":12.0,"key":"SMITH"},{"data":"Pommel Strike","floor":15.0,"key":"SMITH"}],"circlet_count":0,"master_deck":["Strike_R","Strike_R","Strike_R","Defend_R","Defend_R","Defend_R","Defend_R","Bash","Reaper+1","Pommel Strike","Perfected Strike+1","Armaments","Pommel Strike+1","Dual Wield","Feed","Dropkick"],"relics":["Burning Blood","Ornamental Fan","Paper Frog","White Beast Statue"],"acts_visited":["Exordium"],"potions_floor_usage":[],"damage_taken":[{"damage":9.0,"enemies":"2 Louse","floor":1.0,"turns":3.0},{"damage":10.0,"enemies":"Small Slimes","floor":4.0,"turns":3.0},{"damage":6.0,"enemies":"Cultist","floor":5.0,"turns":3.0},{"damage":19.0,"enemies":"Lots of Slimes","floor":8.0,"turns":3.0},{"damage":0.0,"enemies":"Large Slime","floor":10.0,"turns":2.0},{"damage":10.0,"enemies":"Looter","floor":11.0,"turns":2.0},{"damage":0.0,"enemies":"Gremlin Nob","floor":13.0,"turns":2.0},{"damage":8.0,"enemies":"2 Fungi Beasts","floor":14.0,"turns":3.0},{"damage":0,"enemies":"Hexaghost","floor":16,"turns":1}],"seed_played":"56842511107341858","potions_obtained":[{"floor":4.0,"key":"BlessingOfTheForge"},{"floor":8.0,"key":"DistilledChaos"},{"floor":11.0,"key":"DistilledChaos"},{"floor":14.0,"key":"Energy Potion"}],"is_trial":false,"path_per_floor":["M","?","$","M","M","R","?","M","T","M","M","R","E","M","R","B"],"character_chosen":"IRONCLAD","items_purchased":[],"campfire_rested":0,"item_purchase_floors":[],"current_hp_per_floor":[69,62,62,66,66,66,66,59,59,65,68,68,72,72,72,72,72],"gold":157,"neow_bonus":"THREE_RARE_CARDS","is_daily":false,"chose_seed":false,"campfire_upgraded":3,"win_rate":0.0,"timestamp":1612967158,"path_taken":["M","?","$","M","M","R","?","M","T","M","?","R","E","?","R","BOSS"],"items_purchased_type":[],"build_version":"2020-12-22","purchased_purges":1,"victory":false,"max_hp_per_floor":[72,72,72,72,72,72,72,72,72,72,72,72,72,72,72,72,72],"card_choices":[{"not_picked":["Juggernaut","Berserk"],"picked":"Reaper","floor":0.0},{"not_picked":["Armaments","Cleave"],"picked":"Pommel Strike","floor":1.0},{"not_picked":["True Grit","Iron Wave"],"picked":"Perfected Strike","floor":4.0},{"not_picked":["Cleave","Pummel"],"picked":"Armaments","floor":5.0},{"not_picked":["Feel No Pain","Anger"],"picked":"Pommel Strike","floor":8.0},{"not_picked":["Limit Break","Clash"],"picked":"Dual Wield","floor":10.0},{"not_picked":["Anger","Flex","Dual Wield"],"picked":"SKIP","floor":11.0},{"not_picked":["Anger","Corruption"],"picked":"Feed","floor":13.0},{"not_picked":["Clash","Armaments"],"picked":"Dropkick","floor":14.0}],"player_experience":91082,"relics_obtained":[{"floor":9.0,"key":"Paper Frog"},{"floor":13.0,"key":"White Beast Statue"}],"event_choices":[{"cards_removed":["Strike_R"],"damage_healed":0.0,"max_hp_gain":0.0,"max_hp_loss":0.0,"gold_gain":0.0,"event_name":"Golden Wing","player_choice":"Card Removal","floor":2.0,"gold_loss":0.0,"damage_taken":7.0},{"damage_healed":0.0,"max_hp_gain":0.0,"max_hp_loss":0.0,"gold_gain":0.0,"event_name":"WeMeetAgain","player_choice":"Gave Potion","floor":7.0,"gold_loss":0.0,"damage_taken":0.0,"relics_obtained":["Ornamental Fan"]}],"is_beta":false,"boss_relics":[],"items_purged_floors":[3],"is_endless":false,"potions_floor_spawned":[4,8,11,14],"killed_by":"Hexaghost","ascension_level":0}}