{"host":"j4g6ia6asvpyu2b0","time":1612959662,"event":{"mods":["BaseMod","Colored Map","Infinite Spire","Minty Spire (QoL Compilation)","Permanent Neow","Quick Restart","Relic Stats","StSLib","Unceasing Turn Reminder"],"gold_per_floor":[116,136,154,254,270,298,298,326,405,437,450,245,263,277,277,380,380,395,410,410,427,441,451,462,489,489,489,317,317,348,314,314,409,409,426,439,451,502,520,549,549,599,626,652,684,501,513,543,543,543,543,543,206,231,231],"floor_reached":56,"language":"ENG","playtime":2659,"items_purged":["Strike_G","Strike_G","Defend_G","Defend_G"],"score":1639,"play_id":"f3ac0c41-4d7a-4b9e-aafb-99a517d4fe5a","local_time":"20210210052102","is_ascension_mode":true,"campfire_choices":[{"data":"Dash","floor":7,"key":"SMITH"},{"data":"Well Laid Plans","floor":15,"key":"SMITH"},{"data":"A Thousand Cuts","floor":27,"key":"SMITH"},{"data":"infinitespire:Gouge","floor":29,"key":"SMITH"},{"data":"Finisher","floor":32,"key":"SMITH"},{"floor":41,"key":"RECALL"},{"floor":49,"key":"DIG"},{"floor":52,"key":"DIG"}],"circlet_count":0,"master_deck":["Defend_G","Defend_G","Defend_G","Survivor","Neutralize","Sucker Punch+1","Envenom+1","Dagger Spray+1","PiercingWail","Dash+1","Blade Dance","Dagger Spray","Wraith Form v2","Flying Knee","Burst","Dagger Throw","Blade Dance","Well Laid Plans+1","A Thousand Cuts+1","Prepared+1","infinitespire:Gouge+1","Blur+1","Quick Slash","Caltrops","Tactician+1","Blade Dance","Catalyst","Finisher+1","Glass Knife","Catalyst+1","Catalyst","Bouncing Flask+1","Blur+1","Backflip+1","Catalyst+1","Calculated Gamble","Footwork","Dark Shackles","Acrobatics","Acrobatics+1","Dodge and Roll+1","Accuracy","Thinking Ahead","Burst"],"relics":["Astrolabe","Oddly Smooth Stone","infinitespire:Lychee Nut","Ninja Scroll","Bag of Preparation","Membership Card","Runic Pyramid","Coffee Dripper","Juzu Bracelet","WingedGreaves","infinitespire:WardingShard","Vajra","Fusion Hammer","Bird Faced Urn","Pen Nib","Shovel","Darkstone Periapt","Bag of Marbles","Medical Kit","infinitespire:PuzzleCube","FossilizedHelix","White Beast Statue","ClockworkSouvenir","Boot","Orichalcum"],"acts_visited":["Exordium","TheCity","TheBeyond","TheEnding"],"potions_floor_usage":[6,6,19,33,55,55,55],"damage_taken":[{"damage":0,"enemies":"Small Slimes","floor":1,"turns":4},{"damage":0,"enemies":"Cultist","floor":2,"turns":3},{"damage":3,"enemies":"infinitespire:Voidling","floor":3,"turns":5},{"damage":5,"enemies":"Lots of Slimes","floor":5,"turns":4},{"damage":0,"enemies":"Gremlin Nob","floor":6,"turns":3},{"damage":0,"enemies":"Lagavulin","floor":8,"turns":6},{"damage":0,"enemies":"3 Sentries","floor":10,"turns":6},{"damage":0,"enemies":"Exordium Wildlife","floor":11,"turns":3},{"damage":0,"enemies":"3 Louse","floor":13,"turns":1},{"damage":0,"enemies":"Large Slime","floor":14,"turns":4},{"damage":6,"enemies":"Hexaghost","floor":16,"turns":9},{"damage":0,"enemies":"3 Byrds","floor":18,"turns":3},{"damage":10,"enemies":"2 Thieves","floor":19,"turns":5},{"damage":0,"enemies":"Snecko","floor":21,"turns":3},{"damage":0,"enemies":"Centurion and Healer","floor":22,"turns":4},{"damage":0,"enemies":"Shelled Parasite and Fungi","floor":23,"turns":3},{"damage":0,"enemies":"Sentry and Sphere","floor":24,"turns":3},{"damage":8,"enemies":"Gremlin Leader","floor":25,"turns":4},{"damage":4,"enemies":"Slavers","floor":30,"turns":4},{"damage":8,"enemies":"Champ","floor":33,"turns":6},{"damage":0,"enemies":"3 Darklings","floor":35,"turns":2},{"damage":0,"enemies":"Orb Walker","floor":36,"turns":1},{"damage":0,"enemies":"Sphere and 2 Shapes","floor":37,"turns":4},{"damage":9,"enemies":"2 Orb Walkers","floor":38,"turns":3},{"damage":0,"enemies":"Maw","floor":39,"turns":4},{"damage":1,"enemies":"Giant Head","floor":40,"turns":7},{"damage":0,"enemies":"Mind Bloom Boss Battle","floor":42,"turns":4},{"damage":3,"enemies":"Nemesis","floor":44,"turns":6},{"damage":5,"enemies":"Nightmare","floor":45,"turns":4},{"damage":0,"enemies":"3 Darklings","floor":47,"turns":3},{"damage":0,"enemies":"Giant Head","floor":48,"turns":4},{"damage":33,"enemies":"infinitespire:MassOfShapes","floor":50,"turns":10},{"damage":0,"enemies":"Shield and Spear","floor":54,"turns":3},{"damage":43,"enemies":"The Heart","floor":55,"turns":8}],"seed_played":"-8630011850287657942","potions_obtained":[{"floor":1,"key":"SpeedPotion"},{"floor":2,"key":"LiquidMemories"},{"floor":5,"key":"FearPotion"},{"floor":10,"key":"FairyPotion"},{"floor":14,"key":"Fire Potion"},{"floor":21,"key":"Dexterity Potion"},{"floor":22,"key":"SpeedPotion"},{"floor":30,"key":"Energy Potion"},{"floor":33,"key":"DistilledChaos"},{"floor":35,"key":"DistilledChaos"},{"floor":47,"key":"PowerPotion"}],"is_trial":false,"path_per_floor":["M","M","M","?","M","E","R","E","T","E","M","$","M","M","R","B",null,"M","M","AVR","M","M","M","M","E","T","R","$","R","E","$","R","B",null,"M","M","M","?","M","E","R","?","T","E","NM","$","M","E","R","B",null,"R","$","E","B",null],"character_chosen":"THE_SILENT","items_purchased":["Membership Card","Blade Dance","infinitespire:WardingShard","Finisher","Medical Kit","Footwork","Dark Shackles","Acrobatics","Accuracy","ClockworkSouvenir","Boot","PowerPotion","Thinking Ahead"],"campfire_rested":0,"item_purchase_floors":[12,12,28,31,46,46,46,46,53,53,53,53,53],"current_hp_per_floor":[70,70,67,67,62,62,62,52,52,52,52,52,52,52,52,46,52,52,43,43,49,52,52,52,47,47,47,47,47,49,49,49,44,52,52,52,52,45,52,52,52,52,52,49,52,52,52,52,52,30,52,52,52,52,13],"gold":231,"neow_bonus":"BOSS_RELIC","is_daily":false,"chose_seed":false,"campfire_upgraded":5,"win_rate":0.0,"timestamp":1612959662,"path_taken":["M","M","M","?","?","E","R","E","T","E","M","$","?","M","R","BOSS","M","M","AVR","M","M","M","M","E","T","R","$","R","E","$","R","BOSS","M","M","M","?","M","E","R","?","T","E","NM","$","M","E","R","BOSS","R","$","E","BOSS"],"items_purchased_type":["Relic","Card","Relic","Card","Relic","Card","Card","Card","Card","Relic","Relic","Potion","Card"],"build_version":"2020-12-22","purchased_purges":4,"victory":true,"max_hp_per_floor":[70,70,70,70,70,70,70,52,52,52,52,52,52,52,52,52,52,52,52,52,52,52,52,52,52,52,52,52,52,52,52,52,52,52,52,52,52,52,52,52,52,52,52,52,52,52,52,52,52,52,52,52,52,52,52],"relic_stats":{"Darkstone Periapt":0,"Shovel":2,"counters":[34,146],"Astrolabe":["Sucker Punch","Envenom","Dagger Spray"],"Bird Faced Urn":[21],"Pen Nib":[14],"Bag of Preparation":[54],"Juzu Bracelet":1,"Orichalcum":[0],"Medical Kit":[4],"Boot":[2],"obtain_stats":[{"Darkstone Periapt":44,"Vajra":30,"Bag of Preparation":10,"Juzu Bracelet":25,"Boot":53,"ClockworkSouvenir":53,"Shovel":42,"Ninja Scroll":9,"WingedGreaves":26,"Fusion Hammer":34,"Ring of the Snake":0,"Runic Pyramid":17,"Astrolabe":0,"Oddly Smooth Stone":6,"Pen Nib":40,"Orichalcum":54,"Medical Kit":46,"White Beast Statue":52,"infinitespire:WardingShard":28,"infinitespire:Lychee Nut":8,"Bird Faced Urn":38,"Coffee Dripper":20,"Bag of Marbles":45,"Membership Card":12,"infinitespire:PuzzleCube":48,"FossilizedHelix":49},{"Darkstone Periapt":28,"Vajra":19,"Bag of Preparation":7,"Juzu Bracelet":18,"Boot":32,"ClockworkSouvenir":32,"Shovel":27,"Ninja Scroll":6,"WingedGreaves":18,"Fusion Hammer":20,"Ring of the Snake":0,"Runic Pyramid":11,"Astrolabe":0,"Oddly Smooth Stone":5,"Pen Nib":26,"Orichalcum":33,"Medical Kit":29,"White Beast Statue":32,"infinitespire:WardingShard":18,"infinitespire:Lychee Nut":6,"Bird Faced Urn":24,"Coffee Dripper":13,"Bag of Marbles":29,"Membership Card":8,"infinitespire:PuzzleCube":31,"FossilizedHelix":31},{"Darkstone Periapt":114,"Vajra":77,"Bag of Preparation":31,"Juzu Bracelet":73,"Boot":135,"ClockworkSouvenir":135,"Shovel":108,"Ninja Scroll":25,"WingedGreaves":73,"Fusion Hammer":83,"Ring of the Snake":0,"Runic Pyramid":48,"Astrolabe":0,"Oddly Smooth Stone":19,"Pen Nib":104,"Orichalcum":138,"Medical Kit":118,"White Beast Statue":135,"infinitespire:WardingShard":73,"infinitespire:Lychee Nut":25,"Bird Faced Urn":93,"Coffee Dripper":56,"Bag of Marbles":118,"Membership Card":34,"infinitespire:PuzzleCube":125,"FossilizedHelix":125}]},"card_choices":[{"not_picked":["Slice","Choke"],"picked":"PiercingWail","floor":1},{"not_picked":["Quick Slash","Well Laid Plans"],"picked":"Dash","floor":2},{"not_picked":["Bane","Leg Sweep"],"picked":"Blade Dance","floor":3},{"not_picked":["Poisoned Stab","Setup"],"picked":"Dagger Spray","floor":5},{"not_picked":["Dagger Throw","Eviscerate"],"picked":"Wraith Form v2","floor":6},{"not_picked":["Caltrops","Poisoned Stab"],"picked":"Flying Knee","floor":8},{"not_picked":["PiercingWail","All Out Attack"],"picked":"Burst","floor":10},{"not_picked":["Concentrate","Distraction"],"picked":"Dagger Throw","floor":11},{"not_picked":["Blade Dance","Flechettes"],"picked":"Well Laid Plans","floor":13},{"not_picked":["Backstab","Slice","Choke"],"picked":"SKIP","floor":14},{"not_picked":["Venomology","Unload"],"picked":"A Thousand Cuts","floor":16},{"not_picked":["Riddle With Holes","Deadly Poison","Poisoned Stab"],"picked":"SKIP","floor":18},{"not_picked":["Concentrate","Underhanded Strike"],"picked":"Prepared+1","floor":19},{"not_picked":["Choke","Bane"],"picked":"Blur+1","floor":21},{"not_picked":["Slice","Setup"],"picked":"Quick Slash","floor":22},{"not_picked":["Prepared","Predator+1"],"picked":"Caltrops","floor":23},{"not_picked":["Bane","Cloak And Dagger"],"picked":"Tactician+1","floor":24},{"not_picked":["Storm of Steel","Deadly Poison"],"picked":"Blade Dance","floor":25},{"not_picked":["Dash","Slice"],"picked":"Catalyst","floor":30},{"not_picked":["Envenom","infinitespire:Neurotoxin"],"picked":"Glass Knife","floor":33},{"not_picked":["Heel Hook","Flechettes","Underhanded Strike"],"picked":"SKIP","floor":35},{"not_picked":["Deadly Poison","Heel Hook"],"picked":"Catalyst+1","floor":36},{"not_picked":["Sucker Punch+1","Infinite Blades+1"],"picked":"Catalyst","floor":37},{"not_picked":["Dagger Spray","Dodge and Roll+1"],"picked":"Bouncing Flask+1","floor":38},{"not_picked":["Sucker Punch+1","Slice+1"],"picked":"Blur+1","floor":39},{"not_picked":["Terror+1","Deflect+1","Storm of Steel"],"picked":"SKIP","floor":40},{"not_picked":["PiercingWail+1","Slice+1"],"picked":"Backflip+1","floor":42},{"not_picked":["Endless Agony+1","Backstab+1"],"picked":"Catalyst+1","floor":44},{"not_picked":["infinitespire:Neurotoxin","Concentrate"],"picked":"Calculated Gamble","floor":45},{"not_picked":["Sucker Punch","Concentrate+1"],"picked":"Acrobatics+1","floor":47},{"not_picked":["Bane","Tactician"],"picked":"Dodge and Roll+1","floor":48},{"not_picked":["All Out Attack","Bane+1"],"picked":"Burst","floor":54}],"player_experience":1216200,"relics_obtained":[{"floor":6,"key":"Oddly Smooth Stone"},{"floor":8,"key":"infinitespire:Lychee Nut"},{"floor":9,"key":"Ninja Scroll"},{"floor":10,"key":"Bag of Preparation"},{"floor":25,"key":"Juzu Bracelet"},{"floor":26,"key":"WingedGreaves"},{"floor":30,"key":"Vajra"},{"floor":38,"key":"Bird Faced Urn"},{"floor":40,"key":"Pen Nib"},{"floor":42,"key":"Shovel"},{"floor":44,"key":"Darkstone Periapt"},{"floor":45,"key":"Bag of Marbles"},{"floor":48,"key":"infinitespire:PuzzleCube"},{"floor":49,"key":"FossilizedHelix"},{"floor":52,"key":"White Beast Statue"},{"floor":54,"key":"Orichalcum"}],"event_choices":[{"damage_healed":0,"gold_gain":100,"player_choice":"Gold","damage_taken":0,"max_hp_gain":0,"max_hp_loss":0,"event_name":"Wheel of Change","floor":4,"gold_loss":0},{"damage_healed":0,"gold_gain":0,"player_choice":"Fight","damage_taken":0,"max_hp_gain":0,"max_hp_loss":0,"event_name":"Mysterious Sphere","floor":38,"gold_loss":0},{"damage_healed":0,"gold_gain":0,"player_choice":"Fight","damage_taken":0,"max_hp_gain":0,"max_hp_loss":0,"event_name":"MindBloom","floor":42,"gold_loss":0}],"is_beta":false,"boss_relics":[{"not_picked":["Black Star","infinitespire:Cupcake"],"picked":"Runic Pyramid"},{"not_picked":["Calling Bell","SlaversCollar"],"picked":"Fusion Hammer"}],"items_purged_floors":[12,20,28,53],"is_endless":false,"potions_floor_spawned":[1,2,5,10,14,21,22,30,33,35,38,39,40,47,54],"ascension_level":1}}