{"host":"jcg2u0j7gsi1hjjn","time":1612995360,"event":{"mods":["AchievementEnabler","BaseMod","Colored Map","Minty Spire (QoL Compilation)","StSLib"],"gold_per_floor":[109,121,141,141,158,191,191,141,168,168,198,17,43,43,43,147,147,166,182,232,249,249,249,249,249],"floor_reached":24,"language":"ENG","playtime":1586,"items_purged":[],"score":235,"play_id":"6f0b6578-333f-4fdc-b7b6-414dea855521","local_time":"20210210231600","is_ascension_mode":true,"campfire_choices":[{"floor":7.0,"key":"REST"},{"data":"White Noise","floor":10.0,"key":"SMITH"},{"floor":15.0,"key":"REST"},{"floor":23,"key":"REST"}],"circlet_count":0,"master_deck":["Strike_B","Strike_B","Strike_B","Strike_B","Defend_B","Defend_B","Defend_B","Zap","Dualcast","Ball Lightning","White Noise+1","Conserve Battery","Hello World","Streamline","Loop","Defragment","Conserve Battery","Barrage","Machine Learning","Sweeping Beam","Static Discharge+1","White Noise"],"relics":["Cracked Core","Nunchaku","Juzu Bracelet","Centennial Puzzle","Oddly Smooth Stone","Cursed Key","MutagenicStrength"],"acts_visited":["Exordium","TheCity"],"potions_floor_usage":[],"damage_taken":[{"damage":0.0,"enemies":"Cultist","floor":1.0,"turns":3.0},{"damage":0.0,"enemies":"Small Slimes","floor":2.0,"turns":3.0},{"damage":7.0,"enemies":"Jaw Worm","floor":3.0,"turns":4.0},{"damage":11.0,"enemies":"Blue Slaver","floor":5.0,"turns":3.0},{"damage":18.0,"enemies":"3 Sentries","floor":6.0,"turns":6.0},{"damage":39.0,"enemies":"Lagavulin","floor":11.0,"turns":6.0},{"damage":41.0,"enemies":"The Guardian","floor":16.0,"turns":11.0},{"damage":22.0,"enemies":"Spheric Guardian","floor":18.0,"turns":4.0},{"damage":30.0,"enemies":"2 Thieves","floor":19.0,"turns":4.0},{"damage":25,"enemies":"Snake Plant","floor":21,"turns":5},{"damage":37,"enemies":"Shelled Parasite and Fungi","floor":24,"turns":2}],"seed_played":"-3537496450578301449","potions_obtained":[{"floor":2.0,"key":"Fire Potion"},{"floor":3.0,"key":"Block Potion"},{"floor":6.0,"key":"Explosive Potion"},{"floor":19.0,"key":"EssenceOfDarkness"},{"floor":21,"key":"Strength Potion"}],"is_trial":false,"path_per_floor":["M","M","M","?","M","E","R","?","T","R","E","$","T","?","R","B",null,"M","M","?","M","?","R","M"],"character_chosen":"DEFECT","items_purchased":["Defragment","Conserve Battery","Barrage"],"campfire_rested":3,"item_purchase_floors":[12,12,12],"current_hp_per_floor":[82,82,75,80,69,51,77,77,77,77,38,38,38,38,64,23,87,65,35,35,10,10,36,0,0],"gold":249,"neow_bonus":"TEN_PERCENT_HP_BONUS","is_daily":false,"chose_seed":false,"campfire_upgraded":1,"win_rate":0.0,"timestamp":1612995360,"path_taken":["M","M","M","?","M","E","R","?","T","R","E","?","?","?","R","BOSS","M","M","?","M","?","R","M"],"items_purchased_type":["Card","Card","Card"],"build_version":"2020-12-22","purchased_purges":0,"victory":false,"max_hp_per_floor":[82,82,82,87,87,87,87,87,87,87,87,87,87,87,87,87,87,87,87,87,87,87,87,87,87],"card_choices":[{"not_picked":["Chaos","Reinforced Body"],"picked":"Ball Lightning","floor":1.0},{"not_picked":["Melter","Hologram"],"picked":"White Noise","floor":2.0},{"not_picked":["Leap","White Noise"],"picked":"Conserve Battery","floor":3.0},{"not_picked":["Scrape","Skim"],"picked":"Hello World","floor":5.0},{"not_picked":["Barrage","Storm"],"picked":"Streamline","floor":6.0},{"not_picked":["Leap","Stack"],"picked":"Loop","floor":11.0},{"not_picked":["Amplify","All For One"],"picked":"Machine Learning","floor":16.0},{"not_picked":["Ball Lightning","Steam"],"picked":"Sweeping Beam","floor":18.0},{"not_picked":["BootSequence+1","Cold Snap"],"picked":"Static Discharge+1","floor":19.0},{"not_picked":["Recycle","Compile Driver+1"],"picked":"White Noise","floor":21}],"player_experience":381619,"relics_obtained":[{"floor":6.0,"key":"Nunchaku"},{"floor":9.0,"key":"Juzu Bracelet"},{"floor":11.0,"key":"Centennial Puzzle"},{"floor":13.0,"key":"Oddly Smooth Stone"}],"event_choices":[{"damage_healed":0.0,"max_hp_gain":5.0,"max_hp_loss":0.0,"gold_gain":0.0,"event_name":"Big Fish","player_choice":"Donut","floor":4.0,"gold_loss":0.0,"damage_taken":0.0},{"cards_removed":["Defend_B"],"damage_healed":0.0,"max_hp_gain":0.0,"max_hp_loss":0.0,"gold_gain":0.0,"event_name":"The Cleric","player_choice":"Card Removal","floor":8.0,"gold_loss":50.0,"damage_taken":0.0},{"damage_healed":0.0,"max_hp_gain":0.0,"max_hp_loss":0.0,"gold_gain":0.0,"event_name":"Purifier","player_choice":"Ignored","floor":14.0,"gold_loss":0.0,"damage_taken":0.0},{"damage_healed":0.0,"max_hp_gain":0.0,"max_hp_loss":0.0,"gold_gain":100.0,"event_name":"The Joust","player_choice":"Bet on Murderer","floor":20.0,"gold_loss":50.0,"damage_taken":0.0},{"damage_healed":0,"gold_gain":0,"player_choice":"Inject Mutagens","damage_taken":0,"relics_obtained":["MutagenicStrength"],"max_hp_gain":0,"max_hp_loss":0,"event_name":"Drug Dealer","floor":22,"gold_loss":0}],"is_beta":false,"boss_relics":[{"not_picked":["Runic Pyramid","Busted Crown"],"picked":"Cursed Key"}],"items_purged_floors":[],"is_endless":false,"potions_floor_spawned":[2,3,6,19,21],"killed_by":"Shelled Parasite and Fungi","ascension_level":3}}