{"host":"Qube","time":1612933743,"event":{"mods":["AchievementEnabler","BaseMod","Colored Map","Colored Powertips","Highlight Path","Minty Spire (QoL Compilation)","Permanent Neow","Quick Restart","Random Character Button","StSLib"],"gold_per_floor":[118,30,42,42,54,54,79,79,79,134,146,209,261,253,265,360,444,475,501,533,45,95,95,122,159,159,84,84,103,143,160,160,242,242,290,299,344,406,34,34,59,91,114,114,149,209,243,267,267,267,267,267,267,101,140,140],"floor_reached":57,"language":"ENG","playtime":3096,"items_purged":["Adaptation","Pain"],"score":3296,"play_id":"9276b7e1-a764-4e95-b04d-5d77f7894a08","local_time":"20210209210903","is_ascension_mode":true,"campfire_choices":[{"data":"SandsOfTime","floor":6.0,"key":"SMITH"},{"data":"SandsOfTime","floor":8.0,"key":"SMITH"},{"data":"Alpha","floor":11.0,"key":"SMITH"},{"data":"Vigilance","floor":15.0,"key":"SMITH"},{"data":"Ragnarok","floor":23.0,"key":"SMITH"},{"data":"Wallop","floor":28.0,"key":"SMITH"},{"data":"WheelKick","floor":32.0,"key":"SMITH"},{"data":"Wish","floor":40.0,"key":"SMITH"},{"data":"Fasting2","floor":44.0,"key":"SMITH"},{"floor":49.0,"key":"RECALL"},{"floor":53.0,"key":"REST"}],"circlet_count":0,"master_deck":["AscendersBane","Eruption","Vigilance+1","ThirdEye","SandsOfTime+1","Collect","SandsOfTime+1","Alpha+1","SandsOfTime","Omniscience","DeceiveReality","Crescendo","TalkToTheHand","Evaluate","Fasting2+1","Ragnarok+1","CutThroughFate","Wallop+1","TalkToTheHand+1","WheelKick+1","Wish+1","Swivel","Swivel","Mayhem","Worship+1","Protect","Wish","Alpha"],"relics":["Snecko Eye","Matryoshka","MawBank","CeramicFish","Unceasing Top","Sundial","Pandora\u0027s Box","ClockworkSouvenir","Potion Belt","Centennial Puzzle","Darkstone Periapt","Dream Catcher","Kunai","Bronze Scales","SlaversCollar","WarpedTongs","PreservedInsect","Oddly Smooth Stone","Bottled Lightning","Thread and Needle","Pear","Art of War","InkBottle"],"acts_visited":["Exordium","TheCity","TheBeyond","TheEnding"],"potions_floor_usage":[56,56,56,56,56,56],"damage_taken":[{"damage":0.0,"enemies":"Cultist","floor":1.0,"turns":2.0},{"damage":0.0,"enemies":"Small Slimes","floor":3.0,"turns":2.0},{"damage":0.0,"enemies":"2 Louse","floor":5.0,"turns":3.0},{"damage":0.0,"enemies":"Lagavulin","floor":7.0,"turns":3.0},{"damage":0.0,"enemies":"Gremlin Nob","floor":10.0,"turns":2.0},{"damage":5.0,"enemies":"Gremlin Gang","floor":12.0,"turns":4.0},{"damage":0.0,"enemies":"Lagavulin","floor":13.0,"turns":4.0},{"damage":5.0,"enemies":"The Guardian","floor":16.0,"turns":5.0},{"damage":0.0,"enemies":"Chosen","floor":18.0,"turns":2.0},{"damage":11.0,"enemies":"Shell Parasite","floor":19.0,"turns":2.0},{"damage":0.0,"enemies":"Snecko","floor":20.0,"turns":3.0},{"damage":0.0,"enemies":"Snake Plant","floor":24.0,"turns":2.0},{"damage":0.0,"enemies":"Book of Stabbing","floor":25.0,"turns":1.0},{"damage":0.0,"enemies":"Centurion and Healer","floor":29.0,"turns":2.0},{"damage":0.0,"enemies":"Gremlin Leader","floor":30.0,"turns":2.0},{"damage":0.0,"enemies":"3 Cultists","floor":31.0,"turns":3.0},{"damage":6.0,"enemies":"Champ","floor":33.0,"turns":5.0},{"damage":0.0,"enemies":"Orb Walker","floor":35.0,"turns":2.0},{"damage":0.0,"enemies":"3 Shapes","floor":37.0,"turns":2.0},{"damage":16.0,"enemies":"Transient","floor":38.0,"turns":6.0},{"damage":27.0,"enemies":"Nemesis","floor":42.0,"turns":5.0},{"damage":0.0,"enemies":"Giant Head","floor":45.0,"turns":4.0},{"damage":0.0,"enemies":"2 Orb Walkers","floor":46.0,"turns":2.0},{"damage":60.0,"enemies":"Reptomancer","floor":47.0,"turns":3.0},{"damage":0.0,"enemies":"3 Darklings","floor":48.0,"turns":3.0},{"damage":0.0,"enemies":"Time Eater","floor":50.0,"turns":8.0},{"damage":0.0,"enemies":"Donu and Deca","floor":51.0,"turns":5.0},{"damage":31,"enemies":"Shield and Spear","floor":55,"turns":4},{"damage":27,"enemies":"The Heart","floor":56,"turns":7}],"seed_played":"-6062138823974325989","potions_obtained":[{"floor":5.0,"key":"ColorlessPotion"},{"floor":7.0,"key":"BlessingOfTheForge"},{"floor":10.0,"key":"Strength Potion"},{"floor":12.0,"key":"SteroidPotion"},{"floor":14.0,"key":"Explosive Potion"},{"floor":18.0,"key":"FairyPotion"},{"floor":24.0,"key":"SteroidPotion"},{"floor":31.0,"key":"AttackPotion"},{"floor":37.0,"key":"Regen Potion"},{"floor":42.0,"key":"Swift Potion"},{"floor":46.0,"key":"StancePotion"},{"floor":48.0,"key":"BlessingOfTheForge"},{"floor":55,"key":"EntropicBrew"}],"is_trial":false,"path_per_floor":["M","$","M","$","M","R","E","R","T","E","R","M","E","?","R","B",null,"M","M","M","$","?","R","M","E","T","$","R","M","E","M","R","B",null,"M","?","M","M","$","R","T","E","T","R","E","?","E","M","R","B","B",null,"R","$","E","B",null],"character_chosen":"WATCHER","items_purchased":["SandsOfTime","ClockworkSouvenir","Potion Belt","Centennial Puzzle","Swivel","Mayhem","Art of War"],"campfire_rested":1,"item_purchase_floors":[2,21,21,21,39,39,54],"current_hp_per_floor":[61,61,61,61,61,61,61,61,61,61,61,56,56,56,56,51,64,64,53,53,53,53,53,53,53,53,53,53,53,53,53,53,47,63,63,69,69,53,53,53,53,40,40,40,40,40,32,32,32,32,32,71,84,84,53,26],"gold":140,"neow_bonus":"BOSS_RELIC","is_daily":false,"chose_seed":false,"campfire_upgraded":9,"win_rate":0.0,"timestamp":1612933743,"path_taken":["M","$","M","?","M","R","E","R","T","E","R","M","E","?","R","BOSS","M","M","M","$","?","R","M","E","T","$","R","?","E","M","R","BOSS","M","?","?","M","$","R","?","E","T","R","E","?","E","M","R","BOSS","BOSS","R","$","E","BOSS"],"items_purchased_type":["Card","Relic","Relic","Relic","Card","Card","Relic"],"build_version":"2020-12-18","purchased_purges":2,"victory":true,"max_hp_per_floor":[68,68,68,68,68,68,68,68,68,68,68,68,68,68,68,68,68,68,68,68,68,68,68,68,68,68,68,68,68,68,68,68,68,68,68,74,74,74,74,74,74,74,74,74,74,74,84,84,84,84,84,84,84,84,84,84],"card_choices":[{"not_picked":["EmptyFist","FlyingSleeves"],"picked":"ThirdEye","floor":1.0},{"not_picked":["Perseverance","FlurryOfBlows"],"picked":"Collect","floor":3.0},{"not_picked":["Evaluate","FlyingSleeves"],"picked":"SandsOfTime","floor":5.0},{"not_picked":["BowlingBash","CutThroughFate","Evaluate"],"picked":"SKIP","floor":7.0},{"not_picked":["BowlingBash","CrushJoints"],"picked":"Alpha","floor":10.0},{"not_picked":["Evaluate","FlyingSleeves","JustLucky"],"picked":"SKIP","floor":12.0},{"not_picked":["ClearTheMind","ThirdEye"],"picked":"SandsOfTime","floor":13.0},{"not_picked":["Establishment","MasterReality"],"picked":"Omniscience","floor":16.0},{"not_picked":["JustLucky","Prostrate","CrushJoints"],"picked":"SKIP","floor":18.0},{"not_picked":["Meditate","EmptyFist","DeceiveReality"],"picked":"SKIP","floor":19.0},{"not_picked":["FlurryOfBlows","EmptyBody","FlyingSleeves"],"picked":"SKIP","floor":20.0},{"not_picked":["Perseverance","PathToVictory"],"picked":"Wallop","floor":24.0},{"not_picked":["Study","Wireheading"],"picked":"TalkToTheHand+1","floor":25.0},{"not_picked":["InnerPeace","FearNoEvil","Conclude"],"picked":"SKIP","floor":29.0},{"not_picked":["SandsOfTime","CutThroughFate+1"],"picked":"WheelKick","floor":30.0},{"not_picked":["Halt+1","CutThroughFate+1","Evaluate"],"picked":"SKIP","floor":31.0},{"not_picked":["Scrawl","Blasphemy"],"picked":"Wish","floor":33.0},{"not_picked":["EmptyMind","SashWhip"],"picked":"Swivel","floor":35.0},{"not_picked":["PathToVictory","FollowUp","Evaluate"],"picked":"SKIP","floor":37.0},{"not_picked":["Indignation","ForeignInfluence","Halt+1"],"picked":"SKIP","floor":38.0},{"not_picked":["Sanctity+1","Crescendo","EmptyMind"],"picked":"SKIP","floor":42.0},{"not_picked":["FearNoEvil","TalkToTheHand","CrushJoints"],"picked":"SKIP","floor":45.0},{"not_picked":["Fasting2","Perseverance"],"picked":"Worship+1","floor":46.0},{"not_picked":["WindmillStrike","Study+1"],"picked":"Protect","floor":47.0},{"not_picked":["Indignation","FlurryOfBlows"],"picked":"Wish","floor":48.0},{"not_picked":["Indignation","Prostrate"],"picked":"Alpha","floor":55}],"player_experience":1125282,"relics_obtained":[{"floor":7.0,"key":"Matryoshka"},{"floor":9.0,"key":"MawBank"},{"floor":9.0,"key":"CeramicFish"},{"floor":10.0,"key":"Unceasing Top"},{"floor":13.0,"key":"Sundial"},{"floor":25.0,"key":"Darkstone Periapt"},{"floor":26.0,"key":"Dream Catcher"},{"floor":26.0,"key":"Kunai"},{"floor":30.0,"key":"Bronze Scales"},{"floor":41.0,"key":"PreservedInsect"},{"floor":42.0,"key":"Oddly Smooth Stone"},{"floor":45.0,"key":"Bottled Lightning"},{"floor":46.0,"key":"Thread and Needle"},{"floor":47.0,"key":"Pear"},{"floor":55,"key":"InkBottle"}],"event_choices":[{"damage_healed":0.0,"max_hp_gain":0.0,"max_hp_loss":0.0,"gold_gain":0.0,"event_name":"The Woman in Blue","player_choice":"Bought 1 Potion","floor":14.0,"gold_loss":0.0,"damage_taken":0.0},{"damage_healed":0.0,"max_hp_gain":0.0,"max_hp_loss":0.0,"gold_gain":50.0,"event_name":"Golden Shrine","player_choice":"Pray","floor":22.0,"gold_loss":0.0,"damage_taken":0.0},{"damage_healed":0.0,"max_hp_gain":0.0,"max_hp_loss":0.0,"gold_gain":0.0,"event_name":"Accursed Blacksmith","player_choice":"Rummage","floor":36.0,"gold_loss":0.0,"damage_taken":0.0,"relics_obtained":["WarpedTongs"],"cards_obtained":["Pain"]},{"damage_healed":0.0,"max_hp_gain":0.0,"max_hp_loss":0.0,"gold_gain":0.0,"event_name":"Mysterious Sphere","player_choice":"Fight","floor":46.0,"gold_loss":0.0,"damage_taken":0.0}],"is_beta":true,"boss_relics":[{"not_picked":["Astrolabe","Velvet Choker"],"picked":"Pandora\u0027s Box"},{"not_picked":["SacredBark","Tiny House"],"picked":"SlaversCollar"}],"items_purged_floors":[27,39],"is_endless":false,"potions_floor_spawned":[5,7,10,12,18,24,31,37,42,46,48,55],"ascension_level":20}}