{"host":"it04jaz8eul1eh3d","time":1612944738,"event":{"mods":["AchievementEnabler","BaseMod","Colored Map","DeckTracker","Keyboard Shortcuts","Minty Spire (QoL Compilation)","SuperFastMode"],"gold_per_floor":[112,38,38,38,54,71,146,162,216,231,231,257,257,279,279,384,384,400,130,229,229,144,174,184,184,184,199,112,125,25,25,25,130,130,150,1149,1163,1015,1030,1030,1056,1056,1082,1082,1098,1098,1098],"floor_reached":46,"language":"KOR","playtime":974,"items_purged":["Strike_R","Strike_R","Defend_R","Normality"],"score":516,"play_id":"f78b028b-c4c0-4d8b-a4c4-711cb0aa7bae","local_time":"20210210171218","is_ascension_mode":false,"campfire_choices":[{"data":"Armaments","floor":11,"key":"SMITH"},{"data":"Armaments","floor":13,"key":"SMITH"},{"data":"Metallicize","floor":15,"key":"SMITH"},{"data":"Double Tap","floor":25,"key":"SMITH"},{"data":"Demon Form","floor":32,"key":"SMITH"},{"data":"Inflame","floor":40,"key":"SMITH"},{"floor":42,"key":"REST"}],"circlet_count":0,"master_deck":["Strike_R","Strike_R","Strike_R+1","Defend_R","Defend_R","Bash","Whirlwind+1","Whirlwind+1","Heavy Blade","Armaments+1","Armaments+1","Immolate","Metallicize+1","Double Tap+1","Inflame+1","Heavy Blade","Inflame","Demon Form+1","Inflame","Double Tap","Normality"],"relics":["Burning Blood","NeowsBlessing","Happy Flower","Bag of Preparation","Odd Mushroom","Mark of Pain","Membership Card","Eternal Feather","Ancient Tea Set","Bottled Flame","Runic Pyramid","Lantern","Ice Cream","Potion Belt"],"acts_visited":["Exordium","TheCity","TheBeyond"],"potions_floor_usage":[16,24,39,45,45,46],"damage_taken":[{"damage":0,"enemies":"Jaw Worm","floor":1,"turns":1},{"damage":0,"enemies":"2 Louse","floor":5,"turns":1},{"damage":0,"enemies":"Small Slimes","floor":6,"turns":1},{"damage":0,"enemies":"3 Louse","floor":8,"turns":1},{"damage":0,"enemies":"2 Fungi Beasts","floor":10,"turns":2},{"damage":9,"enemies":"3 Sentries","floor":12,"turns":3},{"damage":4,"enemies":"The Mushroom Lair","floor":14,"turns":2},{"damage":47,"enemies":"Hexaghost","floor":16,"turns":11},{"damage":5,"enemies":"Shell Parasite","floor":18,"turns":6},{"damage":23,"enemies":"Gremlin Leader","floor":23,"turns":4},{"damage":1,"enemies":"Spheric Guardian","floor":24,"turns":3},{"damage":0,"enemies":"Centurion and Healer","floor":27,"turns":1},{"damage":10,"enemies":"Chosen and Byrds","floor":29,"turns":3},{"damage":50,"enemies":"Collector","floor":33,"turns":6},{"damage":18,"enemies":"3 Shapes","floor":35,"turns":1},{"damage":15,"enemies":"3 Darklings","floor":37,"turns":2},{"damage":21,"enemies":"Transient","floor":39,"turns":5},{"damage":57,"enemies":"Giant Head","floor":41,"turns":7},{"damage":33,"enemies":"Spire Growth","floor":45,"turns":4},{"damage":22,"enemies":"Maw","floor":46,"turns":4}],"seed_played":"-5143923708109977713","potions_obtained":[{"floor":1,"key":"DuplicationPotion"},{"floor":6,"key":"Fire Potion"},{"floor":18,"key":"ColorlessPotion"},{"floor":24,"key":"EssenceOfSteel"},{"floor":29,"key":"LiquidMemories"},{"floor":44,"key":"BlessingOfTheForge"},{"floor":44,"key":"PowerPotion"},{"floor":44,"key":"HeartOfIron"},{"floor":45,"key":"Dexterity Potion"}],"is_trial":false,"path_per_floor":["M","$","?","?","M","M","?","M","T","M","R","E","R","?","R","B",null,"M","$","?","?","?","E","M","R","T","M","$","M","$","?","R","B",null,"M","?","M","$","M","R","E","R","T","?","M","M"],"character_chosen":"IRONCLAD","items_purchased":["Whirlwind","Membership Card","Inflame","Inflame","Inflame","Lantern"],"campfire_rested":1,"item_purchase_floors":[2,19,19,28,30,38],"current_hp_per_floor":[80,80,64,64,70,76,65,71,71,77,77,74,74,76,76,35,80,80,80,80,65,65,48,53,62,62,68,68,64,64,64,73,29,85,73,73,64,64,49,61,10,47,47,47,20,0,0],"gold":1098,"neow_bonus":"THREE_ENEMY_KILL","is_daily":false,"chose_seed":false,"campfire_upgraded":6,"win_rate":0.0,"timestamp":1612944738,"path_taken":["M","$","?","?","M","M","?","M","T","M","R","E","R","?","R","BOSS","M","$","?","?","?","E","M","R","T","M","?","M","$","?","R","BOSS","M","?","M","$","M","R","E","R","T","?","?","M"],"items_purchased_type":["Card","Relic","Card","Card","Card","Relic"],"build_version":"2020-12-22","purchased_purges":4,"victory":false,"max_hp_per_floor":[80,80,80,80,80,80,80,80,80,80,80,80,80,80,80,80,80,80,80,80,85,85,85,85,85,85,85,85,85,85,85,85,85,85,85,85,85,85,85,85,85,85,85,85,85,85,85],"card_choices":[{"not_picked":["Rage","True Grit"],"picked":"Whirlwind","floor":1},{"not_picked":["Fire Breathing","Shrug It Off"],"picked":"Heavy Blade","floor":5},{"not_picked":["Clothesline","Pummel","True Grit"],"picked":"SKIP","floor":6},{"not_picked":["Sever Soul","Evolve"],"picked":"Armaments","floor":8},{"not_picked":["Flex","Shrug It Off"],"picked":"Armaments","floor":10},{"not_picked":["Iron Wave","Offering"],"picked":"Immolate","floor":12},{"not_picked":["Sentinel","Dropkick"],"picked":"Metallicize","floor":14},{"not_picked":["Fiend Fire","Immolate"],"picked":"Double Tap","floor":16},{"not_picked":["Anger","Warcry","Clothesline+1"],"picked":"SKIP","floor":18},{"not_picked":["Reckless Charge","Armaments","Headbutt+1"],"picked":"SKIP","floor":23},{"not_picked":["Searing Blow","Wild Strike+1","Twin Strike"],"picked":"SKIP","floor":24},{"not_picked":["Sword Boomerang+1","Flex+1"],"picked":"Heavy Blade","floor":27},{"not_picked":["Ghostly Armor","Evolve"],"picked":"Demon Form","floor":29},{"not_picked":["Offering","Berserk"],"picked":"Double Tap","floor":33},{"not_picked":["Shrug It Off+1","Sentinel+1","Warcry"],"picked":"SKIP","floor":35},{"not_picked":["True Grit","Warcry","Body Slam"],"picked":"SKIP","floor":37},{"not_picked":["True Grit+1","Anger","Shockwave+1"],"picked":"SKIP","floor":39},{"not_picked":["Body Slam+1","Uppercut","Armaments"],"picked":"SKIP","floor":41},{"not_picked":["Pommel Strike","Havoc+1","Heavy Blade"],"picked":"SKIP","floor":45}],"player_experience":154426,"relics_obtained":[{"floor":9,"key":"Happy Flower"},{"floor":12,"key":"Bag of Preparation"},{"floor":14,"key":"Odd Mushroom"},{"floor":23,"key":"Ancient Tea Set"},{"floor":26,"key":"Bottled Flame"},{"floor":41,"key":"Ice Cream"},{"floor":43,"key":"Potion Belt"}],"event_choices":[{"damage_healed":0,"gold_gain":0,"player_choice":"Entered Light","damage_taken":16,"max_hp_gain":0,"max_hp_loss":0,"event_name":"Shining Light","floor":3,"gold_loss":0,"cards_upgraded":["Whirlwind","Strike_R"]},{"damage_healed":0,"gold_gain":0,"player_choice":"Grow","damage_taken":0,"max_hp_gain":0,"max_hp_loss":0,"event_name":"Living Wall","floor":4,"gold_loss":0,"cards_upgraded":["Whirlwind"]},{"damage_healed":0,"gold_gain":75,"player_choice":"Gather Gold","damage_taken":11,"max_hp_gain":0,"max_hp_loss":0,"event_name":"World of Goop","floor":7,"gold_loss":0},{"damage_healed":0,"gold_gain":0,"player_choice":"Fought Mushrooms","damage_taken":0,"max_hp_gain":0,"max_hp_loss":0,"event_name":"Mushrooms","floor":14,"gold_loss":0},{"damage_healed":0,"gold_gain":99,"player_choice":"Stole From Cult","damage_taken":0,"max_hp_gain":0,"max_hp_loss":0,"event_name":"Nest","floor":20,"gold_loss":0},{"damage_healed":0,"gold_gain":0,"player_choice":"Shed Blood","damage_taken":20,"max_hp_gain":5,"max_hp_loss":0,"event_name":"Forgotten Altar","floor":21,"gold_loss":0},{"damage_healed":0,"gold_gain":0,"player_choice":"Obtained Relic","damage_taken":0,"relics_obtained":["Eternal Feather"],"max_hp_gain":0,"max_hp_loss":0,"event_name":"Addict","floor":22,"gold_loss":85},{"cards_removed":["Defend_R"],"damage_healed":0,"gold_gain":0,"player_choice":"Elegance","damage_taken":0,"max_hp_gain":0,"max_hp_loss":0,"event_name":"Back to Basics","floor":31,"gold_loss":0},{"damage_healed":0,"gold_gain":999,"player_choice":"Gold","damage_taken":0,"max_hp_gain":0,"max_hp_loss":0,"event_name":"MindBloom","floor":36,"gold_loss":0,"cards_obtained":["Normality","Normality"]},{"damage_healed":0,"gold_gain":0,"player_choice":"Got Potions","damage_taken":0,"max_hp_gain":0,"max_hp_loss":0,"event_name":"Lab","floor":44,"gold_loss":0}],"is_beta":false,"boss_relics":[{"not_picked":["Ectoplasm","Snecko Eye"],"picked":"Mark of Pain"},{"not_picked":["Philosopher\u0027s Stone","Astrolabe"],"picked":"Runic Pyramid"}],"items_purged_floors":[19,28,30,38],"is_endless":false,"potions_floor_spawned":[1,6,18,24,29,33,35,37,45],"killed_by":"Maw","ascension_level":0}}