{"host":"ydh61a5ftgdajrbo","time":1612932383,"event":{"mods":["BaseMod","Colored Map","Colored Powertips","DeckTracker","Downfall","HololiveMod","Minty Spire (QoL Compilation)","Prisma Mod","Relic Stats","Replay The Spire","Spire Arcade","StSLib","The Cursed","The Jungle","The Mystic","The Runesmith","The Servant 0.9.4","WarShipGirlsR/??¤Ö¤kR mod"],"gold_per_floor":[110,127,127,144,160,190,190,190,190,208,241,254,254,265,265,370,370,389,400,417,433,59,59,59,59,59,77,377,409,409,409,409,514,514,530,530,145,145,165,197,286,286,286,330,195,195,45,0,0,24],"floor_reached":51,"language":"ZHS","playtime":3362,"items_purged":["Overencumbered","rmod:strick+1","rmod:defend+1","rmod:strick+1"],"score":755,"play_id":"4106d7d0-a5f4-4bba-9ac9-3ab1ab85e61a","local_time":"20210210124623","is_ascension_mode":false,"campfire_choices":[{"data":"rmod:chargemoney","floor":7.0,"key":"SMITH"},{"data":"rmod:seals","floor":15.0,"key":"SMITH"},{"data":"rmod:lonelyqueen","floor":23.0,"key":"SMITH"},{"data":"rmod:intelligenceanalysis","floor":25.0,"key":"SMITH"},{"floor":30.0,"key":"REST"},{"floor":32.0,"key":"DIG"},{"floor":42,"key":"REST"},{"data":"rmod:expedition","floor":46,"key":"SMITH"},{"floor":49,"key":"REST"}],"circlet_count":0,"master_deck":["rmod:strick+1","rmod:strick+1","rmod:defend+1","rmod:defend+1","rmod:defend+1","rmod:basicallowance","rmod:maingunfire+1","rmod:supportescort","rmod:gendarmerie","rmod:firesupport","rmod:chargemoney+1","rmod:mineteam","rmod:seals+1","rmod:lonelyqueen+1","rmod:garrisonisland","rmod:expeditionaryescort","rmod:tearstotiara+1","rmod:garrisonisland+1","rmod:intelligenceanalysis+1","rmod:robin","rmod:bulid+1","rmod:ridicule","rmod:fletcherpendant","rmod:secretscript","rmod:expedition+1","rmod:fletcherpendant","rmod:goodfighter+1","rmod:luckystar","rmod:tearstotiara+1","rmod:tearstotiara+1","rmod:acesubmarine","rmod:expedition+1"],"relics":["Dream Catcher","Chameleon Ring","Meat on the Bone","rmod:mogul","ReplayTheSpireMod:CursedCoin","FossilizedHelix","Happy Flower","InkBottle","Bag of Marbles","Omamori","SlaversCollar","Membership Card","Lizard Tail","WingedGreaves","Lantern","Replay:Bandana","sneckomod:BlankCard","Red Mask"],"acts_visited":["Exordium","TheCity","TheBeyond"],"potions_floor_usage":[],"damage_taken":[{"damage":0.0,"enemies":"Small Slimes","floor":1.0,"turns":3.0},{"damage":0.0,"enemies":"Cultist","floor":2.0,"turns":3.0},{"damage":4.0,"enemies":"Jaw Worm","floor":4.0,"turns":4.0},{"damage":7.0,"enemies":"Red Slaver","floor":5.0,"turns":5.0},{"damage":4.0,"enemies":"Lagavulin","floor":6.0,"turns":8.0},{"damage":1.0,"enemies":"3 Louse","floor":10.0,"turns":4.0},{"damage":2.0,"enemies":"3 Sentries","floor":11.0,"turns":8.0},{"damage":2.0,"enemies":"Exordium Thugs","floor":12.0,"turns":5.0},{"damage":13.0,"enemies":"Gremlin Gang","floor":14.0,"turns":6.0},{"damage":28.0,"enemies":"Slime Boss","floor":16.0,"turns":8.0},{"damage":6.0,"enemies":"Shell Parasite","floor":18.0,"turns":5.0},{"damage":10.0,"enemies":"Chosen","floor":19.0,"turns":4.0},{"damage":10.0,"enemies":"Centurion and Healer","floor":20.0,"turns":8.0},{"damage":17.0,"enemies":"Snake Plant","floor":21.0,"turns":4.0},{"damage":10.0,"enemies":"Shelled Parasite and Fungi","floor":27.0,"turns":4.0},{"damage":10.0,"enemies":"Replay:Snechameleon","floor":29.0,"turns":5.0},{"damage":3.0,"enemies":"Champ","floor":33.0,"turns":5.0},{"damage":12.0,"enemies":"3 Shapes","floor":35.0,"turns":3.0},{"damage":18.0,"enemies":"3 Darklings","floor":39.0,"turns":6.0},{"damage":0.0,"enemies":"Giant Head","floor":40.0,"turns":6.0},{"damage":0,"enemies":"Maw","floor":44,"turns":5},{"damage":86,"enemies":"Donu and Deca","floor":50,"turns":6}],"seed_played":"-242446610365024010","potions_obtained":[{"floor":1.0,"key":"bronze:BurnAndBuffPotion"},{"floor":3.0,"key":"Languid Potion"},{"floor":3.0,"key":"Fire Potion"},{"floor":3.0,"key":"EssenceOfSteel"},{"floor":11.0,"key":"Elixir"},{"floor":12.0,"key":"SteroidPotion"},{"floor":33.0,"key":"Explosive Potion"},{"floor":35.0,"key":"BlessingOfTheForge"}],"is_trial":false,"path_per_floor":["M","M","?","M","M","E","R","?","T","M","E","M","?","M","R","B",null,"M","M","M","M","$","R","?","R","T","M","?","E","R","?","R_BF","B",null,"M","?","$","?","M","E","?","R","T","M","$","R","$","?","R","B",null],"character_chosen":"PRAEFECT","items_purchased":["ReplayTheSpireMod:CursedCoin","FossilizedHelix","Happy Flower","Membership Card","Lizard Tail","rmod:expedition","rmod:acesubmarine","sneckomod:BlankCard"],"campfire_rested":3,"item_purchase_floors":[22,22,22,37,37,37,45,47],"current_hp_per_floor":[82,82,82,78,71,67,67,67,67,66,64,62,82,69,69,53,82,76,66,56,51,51,51,51,51,51,53,53,43,67,67,67,64,82,70,70,70,70,52,52,21,44,44,44,44,44,44,44,67,51],"gold":24,"neow_bonus":"TEN_PERCENT_HP_BONUS","is_daily":false,"chose_seed":false,"campfire_upgraded":5,"win_rate":0.0,"timestamp":1612932383,"path_taken":["M","M","?","?","M","E","R","?","T","M","E","?","?","?","R","BOSS","M","M","?","?","$","R","?","R","T","M","?","E","R","?","R_BF","BOSS","M","?","$","?","M","E","?","R","T","M","$","R","$","?","R","BOSS"],"items_purchased_type":["Relic","Relic","Relic","Relic","Relic","Card","Card","Relic"],"build_version":"2020-12-22","purchased_purges":4,"victory":true,"max_hp_per_floor":[82,82,82,82,82,82,82,82,82,82,82,82,82,82,82,82,82,82,82,82,82,82,82,82,82,82,82,82,82,82,82,82,82,82,82,82,82,78,78,78,78,78,78,78,78,78,78,78,78,78],"relic_stats":{"Dream Catcher":3,"Lizard Tail":39,"Happy Flower":[13],"counters":[22,115],"obtain_stats":[{"Lantern":41,"rmod:mogul":17,"Happy Flower":22,"ReplayTheSpireMod:CursedCoin":22,"sneckomod:BlankCard":47,"Omamori":32,"SlaversCollar":34,"Dream Catcher":6,"Lizard Tail":37,"Replay:Bandana":43,"Chameleon Ring":9,"WingedGreaves":40,"rmod:firstchargereward":0,"Bag of Marbles":29,"Red Mask":48,"Membership Card":37,"FossilizedHelix":22,"InkBottle":26,"Meat on the Bone":11},{"Lantern":20,"rmod:mogul":10,"Happy Flower":14,"ReplayTheSpireMod:CursedCoin":14,"sneckomod:BlankCard":21,"Omamori":16,"SlaversCollar":17,"Dream Catcher":5,"Lizard Tail":18,"Replay:Bandana":20,"Chameleon Ring":5,"WingedGreaves":20,"rmod:firstchargereward":0,"Bag of Marbles":16,"Red Mask":21,"Membership Card":18,"FossilizedHelix":14,"InkBottle":14,"Meat on the Bone":7},{"Lantern":104,"rmod:mogul":54,"Happy Flower":75,"ReplayTheSpireMod:CursedCoin":75,"sneckomod:BlankCard":109,"Omamori":84,"SlaversCollar":89,"Dream Catcher":23,"Lizard Tail":92,"Replay:Bandana":104,"Chameleon Ring":23,"WingedGreaves":104,"rmod:firstchargereward":0,"Bag of Marbles":84,"Red Mask":109,"Membership Card":92,"FossilizedHelix":75,"InkBottle":75,"Meat on the Bone":35}],"InkBottle":[24],"Meat on the Bone":48},"card_choices":[{"not_picked":["rmod:slowdown","rmod:combined"],"picked":"rmod:supportescort","floor":1.0},{"not_picked":["rmod:aluminumsupply","rmod:generalist"],"picked":"rmod:gendarmerie","floor":2.0},{"not_picked":["rmod:intelligenceanalysis","rmod:unsinkable"],"picked":"rmod:firesupport","floor":4.0},{"not_picked":["rmod:luckystar","rmod:steelsupply"],"picked":"rmod:chargemoney","floor":5.0},{"not_picked":["rmod:heivgo","rmod:punchline"],"picked":"rmod:mineteam","floor":6.0},{"not_picked":["rmod:victimresponsibility","rmod:combined","rmod:aluminumsupply"],"picked":"SKIP","floor":10.0},{"not_picked":["rmod:bulid","rmod:intelligenceanalysis"],"picked":"rmod:seals","floor":11.0},{"not_picked":["rmod:supportescort","rmod:aluminumsupply"],"picked":"rmod:lonelyqueen","floor":12.0},{"not_picked":["rmod:victimresponsibility","rmod:supportescort"],"picked":"rmod:garrisonisland","floor":14.0},{"not_picked":["rmod:u235","rmod:auspiciousomen"],"picked":"rmod:expeditionaryescort","floor":16.0},{"not_picked":["rmod:wolves","rmod:steelsupply"],"picked":"rmod:tearstotiara+1","floor":18.0},{"not_picked":["rmod:combined","rmod:punchline","rmod:mineteam+1"],"picked":"SKIP","floor":19.0},{"not_picked":["rmod:supportescort","rmod:sl"],"picked":"rmod:garrisonisland+1","floor":20.0},{"not_picked":["rmod:unsinkable","rmod:circuitoustactics"],"picked":"rmod:intelligenceanalysis","floor":21.0},{"not_picked":["rmod:openingtorpedo","rmod:tearstotiara"],"picked":"rmod:robin","floor":27.0},{"not_picked":["rmod:combined","rmod:punchline"],"picked":"rmod:bulid+1","floor":29.0},{"not_picked":["rmod:unsinkable","rmod:slowdown"],"picked":"rmod:ridicule","floor":30.0},{"not_picked":["rmod:openingtorpedo","rmod:fuelsupply+1"],"picked":"rmod:fletcherpendant","floor":35.0},{"not_picked":[],"picked":"rmod:secretscript","floor":36.0},{"not_picked":["rmod:bulid","rmod:circuitoustactics"],"picked":"rmod:fletcherpendant","floor":39.0},{"not_picked":["rmod:supportescort+1","rmod:intelligenceanalysis+1"],"picked":"rmod:goodfighter+1","floor":40.0},{"not_picked":["rmod:diamondstrike","rmod:aluminumsupply"],"picked":"rmod:luckystar","floor":41},{"not_picked":["rmod:timeschanged","rmod:selfconfidence+1"],"picked":"rmod:tearstotiara+1","floor":41},{"not_picked":["rmod:aggressivemary","rmod:circuitoustactics+1"],"picked":"rmod:tearstotiara+1","floor":44},{"not_picked":["rmod:intelligenceanalysis+1","rmod:aluminumsupply"],"picked":"rmod:expedition+1","floor":49}],"player_experience":373191,"relics_obtained":[{"floor":6.0,"key":"Dream Catcher"},{"floor":9.0,"key":"Chameleon Ring"},{"floor":11.0,"key":"Meat on the Bone"},{"floor":26.0,"key":"InkBottle"},{"floor":29.0,"key":"Bag of Marbles"},{"floor":32.0,"key":"Omamori"},{"floor":40.0,"key":"WingedGreaves"},{"floor":41,"key":"Lantern"},{"floor":43,"key":"Replay:Bandana"}],"event_choices":[{"damage_healed":0.0,"max_hp_gain":0.0,"max_hp_loss":0.0,"gold_gain":0.0,"event_name":"Lab","player_choice":"Got Potions","floor":3.0,"gold_loss":0.0,"damage_taken":0.0},{"damage_healed":0.0,"max_hp_gain":0.0,"max_hp_loss":0.0,"gold_gain":0.0,"event_name":"Accursed Blacksmith","player_choice":"Forge","floor":8.0,"gold_loss":0.0,"damage_taken":0.0,"cards_upgraded":["rmod:maingunfire"]},{"damage_healed":20.0,"max_hp_gain":0.0,"max_hp_loss":0.0,"gold_gain":0.0,"event_name":"Wheel of Change","player_choice":"Full Heal","floor":13.0,"gold_loss":0.0,"damage_taken":0.0},{"damage_healed":0.0,"max_hp_gain":0.0,"max_hp_loss":0.0,"gold_gain":0.0,"event_name":"Back to Basics","player_choice":"Simplicity","floor":24.0,"gold_loss":0.0,"damage_taken":0.0,"cards_upgraded":["rmod:strick","rmod:strick","rmod:strick","rmod:strick","rmod:defend","rmod:defend","rmod:defend","rmod:defend"]},{"damage_healed":0.0,"max_hp_gain":0.0,"max_hp_loss":0.0,"gold_gain":0.0,"event_name":"Ghosts","player_choice":"Ignored","floor":31.0,"gold_loss":0.0,"damage_taken":0.0},{"damage_healed":0.0,"max_hp_gain":0.0,"max_hp_loss":4.0,"gold_gain":0.0,"event_name":"Winding Halls","player_choice":"Max HP","floor":38.0,"gold_loss":0.0,"damage_taken":0.0},{"damage_healed":0,"gold_gain":0,"player_choice":"Paid","damage_taken":0,"relics_obtained":["Red Mask"],"max_hp_gain":0,"max_hp_loss":0,"event_name":"Tomb of Lord Red Mask","floor":48,"gold_loss":45}],"is_beta":false,"boss_relics":[{"not_picked":["Snecko Eye","Velvet Choker"],"picked":"rmod:mogul"},{"not_picked":["ChewingGum","Hololive_TopUpMoneyS"],"picked":"SlaversCollar"}],"items_purged_floors":[22,37,45,47],"is_endless":false,"potions_floor_spawned":[1,5,11,12,16,18,27,29,33,35],"ascension_level":0}}