{"host":"wfkvcf4y4vkrpwe0","time":1612981131,"event":{"mods":["BaseMod","Conspire","Downfall","Hermit","Minty Spire (QoL Compilation)","StSLib","The Construct","The Cursed","The Disciple","The Hierophant","The Necromancer"],"gold_per_floor":[99,116,116,133,143,143,224,237,248,248,259,259,259,335,349,445,445,245,255,274,274,292,292,292,306,306,1,13,13,0,79,94,198,198,198,214,146,146,24,42,68,81,81,101,112,129,140,40,40,40],"floor_reached":51,"language":"ENG","playtime":2414,"items_purged":["Guardian:Strike_Guardian","Guardian:Strike_Guardian"],"score":745,"play_id":"48951aba-aa59-4331-a86c-5f8279b9d520","local_time":"20210210181851","is_ascension_mode":false,"campfire_choices":[{"floor":1,"key":"RECALL"},{"data":"Guardian:RefractedBeam","floor":6,"key":"SMITH"},{"floor":13,"key":"REST"},{"data":"Guardian:RefractedBeam+1","floor":18,"key":"SMITH"},{"data":"Guardian:BaubleBeam","floor":23,"key":"SMITH"},{"data":"downfall:Bewildered","floor":35,"key":"PURGE"},{"data":"Guardian:Gem_Green","floor":49,"key":"PURGE"}],"circlet_count":0,"master_deck":["Guardian:Strike_Guardian","Guardian:Strike_Guardian","Guardian:Defend_Guardian","Guardian:Defend_Guardian","Guardian:Defend_Guardian","Guardian:CurlUp","Guardian:RefractedBeam+2","Guardian:VentSteam","Guardian:FloatingOrbs","Guardian:BaubleBeam+1","RitualDagger+1","Guardian:ArmoredProtocol","Guardian:EvasiveProtocol+1","Guardian:Gem_Red","expansioncontent:DashGenerateEvil","Guardian:RevengeProtocol","Guardian:CrystalBeam","Guardian:VentSteam+1","Guardian:FloatingOrbs+1"],"relics":["Guardian:ModeShifter","Bottled Lightning","construct:WeddingRing","downfall:HeartBlessingBlue","downfall:HeartBlessingRed","Pear","Nilry\u0027s Codex","Peace Pipe","sneckomod:BabySnecko","Meat on the Bone","Boot","Oddly Smooth Stone","Strawberry"],"acts_visited":["Exordium","TheCity","TheBeyond"],"potions_floor_usage":[16,16,16,33,33,50],"damage_taken":[{"damage":7,"enemies":"2 Louse","floor":2,"turns":2},{"damage":10,"enemies":"Cultist","floor":4,"turns":4},{"damage":18,"enemies":"Jaw Worm","floor":5,"turns":4},{"damage":4,"enemies":"Large Slime","floor":8,"turns":8},{"damage":7,"enemies":"Blue Slaver","floor":9,"turns":3},{"damage":18,"enemies":"2 Fungi Beasts","floor":11,"turns":3},{"damage":6,"enemies":"3 Louse","floor":15,"turns":4},{"damage":4,"enemies":"SI_SHIV_ARCHETYPE","floor":16,"turns":5},{"damage":5,"enemies":"Spheric Guardian","floor":19,"turns":4},{"damage":10,"enemies":"Cultist and Chosen","floor":20,"turns":2},{"damage":6,"enemies":"3 Cultists","floor":22,"turns":4},{"damage":10,"enemies":"Sentry and Sphere","floor":25,"turns":5},{"damage":10,"enemies":"downfall:FleeingMerchant","floor":27,"turns":4},{"damage":0,"enemies":"Snake Plant","floor":28,"turns":3},{"damage":5,"enemies":"downfall:FleeingMerchant","floor":30,"turns":4},{"damage":5,"enemies":"Snecko","floor":32,"turns":4},{"damage":17,"enemies":"WA_ARCHETYPE_CALM","floor":33,"turns":8},{"damage":25,"enemies":"3 Shapes","floor":36,"turns":4},{"damage":15,"enemies":"downfall:FleeingMerchant","floor":37,"turns":4},{"damage":23,"enemies":"3 Darklings","floor":40,"turns":3},{"damage":6,"enemies":"Maw","floor":42,"turns":7},{"damage":21,"enemies":"Writhing Mass","floor":44,"turns":4},{"damage":10,"enemies":"3 Darklings","floor":45,"turns":6},{"damage":3,"enemies":"Sphere and 2 Shapes","floor":46,"turns":3},{"damage":22,"enemies":"Transient","floor":47,"turns":5},{"damage":0,"enemies":"IC_BLOCK_ARCHETYPE","floor":50,"turns":8}],"seed_played":"-141439465311044978","potions_obtained":[{"floor":4,"key":"Regen Potion"},{"floor":8,"key":"AttackPotion"},{"floor":9,"key":"CultistPotion"},{"floor":19,"key":"ColorlessPotion"},{"floor":21,"key":"CultistPotion"},{"floor":22,"key":"conspire:TimeTravelPotion"},{"floor":32,"key":"EssenceOfSteel"},{"floor":33,"key":"hexamod:SoulburnPotion"},{"floor":40,"key":"AttackPotion"}],"is_trial":false,"path_per_floor":["R","M","?","M","M","R","T","M","M","?","M","?","R","T","M","B",null,"R","M","M","?","M","R","T","M","?","$","M","?","$","T","M","B",null,"R","M","$","?","?","M","T","M","T","M","M","M","M","$","R","B",null],"character_chosen":"GUARDIAN","items_purchased":["Peace Pipe","Boot","expansioncontent:DashGenerateEvil","Guardian:RevengeProtocol","Guardian:CrystalBeam"],"campfire_rested":1,"item_purchase_floors":[27,37,37,39,39],"current_hp_per_floor":[80,73,73,63,45,45,45,41,34,34,16,16,40,40,34,44,80,90,85,75,75,69,69,79,69,53,43,43,43,38,38,45,40,100,100,75,60,87,87,64,64,58,65,56,58,55,45,45,45,57],"gold":40,"neow_bonus":"RANDOM_COLORLESS","is_daily":false,"chose_seed":false,"campfire_upgraded":3,"win_rate":0.0,"timestamp":1612981131,"path_taken":["R","M","?","M","M","R","T","M","?","?","M","?","R","?","M","BOSS","R","M","M","?","M","R","T","M","?","?","M","?","$","?","M","BOSS","R","M","$","?","?","M","T","M","?","M","M","M","M","$","R","BOSS"],"items_purchased_type":["Relic","Relic","Card","Card","Card"],"build_version":"2020-12-22","purchased_purges":2,"victory":true,"max_hp_per_floor":[80,80,80,80,80,80,80,80,80,80,80,80,80,80,80,80,80,90,90,90,90,90,90,100,100,100,100,100,100,100,100,100,100,100,100,100,100,87,87,87,87,87,94,94,94,94,94,94,94,94],"card_choices":[{"not_picked":["Guardian:PiercingHide","Guardian:PrimingBeam"],"picked":"Guardian:RefractedBeam","floor":2},{"not_picked":["Guardian:ChargeCore","Guardian:Gem_Cyan","Guardian:Gem_Lightblue"],"picked":"SKIP","floor":4},{"not_picked":["Guardian:VentSteam","Guardian:ShieldSpikes"],"picked":"Guardian:Gem_Blue","floor":5},{"not_picked":["Guardian:FloatingOrbs","Guardian:Planning"],"picked":"Guardian:VentSteam","floor":8},{"not_picked":["Guardian:PolyBeam","Guardian:Gem_Green"],"picked":"Guardian:FloatingOrbs","floor":9},{"not_picked":["Guardian:ShieldCharger","Guardian:ChargeCore","Guardian:DonusPower"],"picked":"SKIP","floor":11},{"not_picked":["Guardian:PiercingHide","Guardian:Gem_White"],"picked":"Guardian:BaubleBeam","floor":15},{"not_picked":["Guardian:FastForward","Guardian:TimeSifter"],"picked":"Guardian:Gem_Orange","floor":16},{"not_picked":["Guardian:Incinerate","Guardian:Gem_Green"],"picked":"Guardian:Gem_Red","floor":19},{"not_picked":["Guardian:Gem_Red","Guardian:PiercingHide"],"picked":"Guardian:Gem_White","floor":20},{"not_picked":["Guardian:PiercingHide","Guardian:Gem_Green"],"picked":"Guardian:ArmoredProtocol","floor":22},{"not_picked":["Guardian:Suspension","Guardian:VentSteam","Guardian:TimeSifter"],"picked":"SKIP","floor":25},{"not_picked":["Guardian:Gem_Green","Guardian:Reroute"],"picked":"Guardian:Gem_Crimson","floor":27},{"not_picked":["Guardian:Preprogram","Guardian:TemporalStrike"],"picked":"Guardian:EvasiveProtocol+1","floor":28},{"not_picked":["Guardian:BronzeOrb","Guardian:RollAttack"],"picked":"Guardian:Gem_Red","floor":30},{"not_picked":["Guardian:Recover+1","Guardian:ShieldCharger+1","Guardian:Gem_Fragmented"],"picked":"SKIP","floor":32},{"not_picked":["Guardian:TemporalStrike+1","Guardian:PolyBeam+1","Guardian:ShieldSpikes"],"picked":"SKIP","floor":36},{"not_picked":["Guardian:Planning+1","Guardian:ShieldCharger+1","Guardian:Gem_Cyan"],"picked":"SKIP","floor":37},{"not_picked":["Guardian:BronzeArmor","Guardian:Gem_Lightblue","Guardian:Recover+1"],"picked":"SKIP","floor":40},{"not_picked":["Guardian:Repulse+1","Guardian:Gem_Lightblue","Guardian:Orbwalk+1"],"picked":"SKIP","floor":42},{"not_picked":["Guardian:WalkerClaw","Guardian:Planning","Guardian:Incinerate"],"picked":"SKIP","floor":44},{"not_picked":["Guardian:PrimingBeam+1","Guardian:Gem_Green"],"picked":"Guardian:VentSteam+1","floor":45},{"not_picked":["Guardian:Gem_Lightblue","Guardian:SentryBeam"],"picked":"Guardian:Gem_Green","floor":46},{"not_picked":["Guardian:Incinerate","Guardian:Recover"],"picked":"Guardian:FloatingOrbs+1","floor":47}],"player_experience":594445,"relics_obtained":[{"floor":14,"key":"Bottled Lightning"},{"floor":24,"key":"Pear"},{"floor":26,"key":"Nilry\u0027s Codex"},{"floor":31,"key":"Meat on the Bone"},{"floor":41,"key":"Oddly Smooth Stone"},{"floor":43,"key":"Strawberry"}],"event_choices":[{"cards_removed":["Guardian:TwinSlam"],"damage_healed":0,"gold_gain":0,"player_choice":"Offered Basic","damage_taken":0,"max_hp_gain":0,"max_hp_loss":0,"event_name":"Bonfire Elementals","floor":3,"gold_loss":0}],"is_beta":false,"boss_relics":[{"not_picked":["Busted Crown","conspire:RunicOctahedron"],"picked":"construct:WeddingRing"},{"not_picked":["bronze:MakeshiftBattery","Calling Bell","Velvet Choker"]}],"items_purged_floors":[37,48],"is_endless":false,"potions_floor_spawned":[4,8,9,19,22,32,33,40,44,45,47],"ascension_level":0}}