{"host":"a92fqxohjrzqy5rn","time":1612996563,"event":{"mods":["AchievementEnabler","BaseMod","Minty Spire (QoL Compilation)","Relic Sorter","Smile Girya"],"gold_per_floor":[19,19,19,19,34,59,59,80,80,97,62,92,112,130,130,230,230,240,256,256,171,96,96,96,96,96,111,141,158,257,257,257,356,356,373,373,0,15,15,15,15,33,33,33,33,66,66,84,84,84,84],"floor_reached":50,"language":"ENG","playtime":1622,"items_purged":["Feel No Pain+1"],"score":576,"play_id":"4aa9d8d5-0500-4b2c-93ea-5a7724b59c38","local_time":"20210210223603","is_ascension_mode":false,"campfire_choices":[{"data":"Limit Break","floor":15.0,"key":"SMITH"},{"data":"Limit Break","floor":23.0,"key":"SMITH"},{"data":"Rupture","floor":25.0,"key":"SMITH"},{"floor":32.0,"key":"REST"},{"floor":40.0,"key":"RECALL"},{"data":"Metamorphosis","floor":49.0,"key":"SMITH"}],"circlet_count":0,"master_deck":["Bash","Uppercut","Combust","Rupture+1","Inflame+1","Immolate","Headbutt","Limit Break+1","Combust+1","Limit Break+1","Flex","Shrug It Off","Shockwave","Infernal Blade","Limit Break","Dropkick+1","Whirlwind+1","Ghostly Armor+1","Metamorphosis+1","Infernal Blade+1","Heavy Blade+1"],"relics":["Burning Blood","Frozen Egg 2","Odd Mushroom","Ginger","Champion Belt","Pandora\u0027s Box","HornCleat","Singing Bowl","Toy Ornithopter","Astrolabe","Red Mask","Molten Egg 2","Pen Nib"],"acts_visited":["Exordium","TheCity","TheBeyond"],"potions_floor_usage":[50],"damage_taken":[{"damage":9.0,"enemies":"Cultist","floor":1.0,"turns":4.0},{"damage":2.0,"enemies":"Small Slimes","floor":5.0,"turns":2.0},{"damage":13.0,"enemies":"3 Sentries","floor":6.0,"turns":6.0},{"damage":29.0,"enemies":"The Mushroom Lair","floor":8.0,"turns":4.0},{"damage":6.0,"enemies":"Jaw Worm","floor":10.0,"turns":2.0},{"damage":15.0,"enemies":"Gremlin Nob","floor":12.0,"turns":4.0},{"damage":10.0,"enemies":"Looter","floor":13.0,"turns":2.0},{"damage":9.0,"enemies":"Blue Slaver","floor":14.0,"turns":3.0},{"damage":45.0,"enemies":"Hexaghost","floor":16.0,"turns":6.0},{"damage":14.0,"enemies":"3 Byrds","floor":18.0,"turns":4.0},{"damage":21.0,"enemies":"Shell Parasite","floor":19.0,"turns":5.0},{"damage":6.0,"enemies":"Snecko","floor":27.0,"turns":4.0},{"damage":45.0,"enemies":"Book of Stabbing","floor":28.0,"turns":5.0},{"damage":16.0,"enemies":"Centurion and Healer","floor":29.0,"turns":4.0},{"damage":38.0,"enemies":"Collector","floor":33.0,"turns":6.0},{"damage":31.0,"enemies":"Orb Walker","floor":35.0,"turns":4.0},{"damage":15.0,"enemies":"3 Shapes","floor":38.0,"turns":3.0},{"damage":2.0,"enemies":"Nemesis","floor":41.0,"turns":2.0},{"damage":22.0,"enemies":"Maw","floor":42.0,"turns":5.0},{"damage":48.0,"enemies":"Reptomancer","floor":46.0,"turns":6.0},{"damage":36.0,"enemies":"Transient","floor":48.0,"turns":5.0},{"damage":101,"enemies":"Donu and Deca","floor":50,"turns":5}],"seed_played":"-1874086991377254093","potions_obtained":[{"floor":6.0,"key":"Regen Potion"},{"floor":10.0,"key":"FairyPotion"},{"floor":13.0,"key":"ColorlessPotion"},{"floor":16.0,"key":"Swift Potion"},{"floor":18.0,"key":"SmokeBomb"},{"floor":33.0,"key":"Dexterity Potion"},{"floor":46.0,"key":"ElixirPotion"},{"floor":48.0,"key":"LiquidBronze"}],"is_trial":false,"path_per_floor":["M","$","?","?","M","E","$","?","T","M","?","E","M","M","R","B",null,"M","M","?","?","$","R","$","R","T","M","E","M","?","?","R","B",null,"M","?","?","M","?","R","E","M","T","$","?","E","?","M","R","B"],"character_chosen":"IRONCLAD","items_purchased":[],"campfire_rested":1,"item_purchase_floors":[],"current_hp_per_floor":[77,77,77,61,65,58,58,35,35,35,55,58,54,51,51,12,80,72,57,80,80,80,80,80,80,80,82,45,37,37,37,62,30,86,63,63,63,56,56,56,65,51,51,51,51,9,80,55,55,0,0],"gold":84,"neow_bonus":"TRANSFORM_TWO_CARDS","is_daily":false,"chose_seed":false,"campfire_upgraded":4,"win_rate":0.0,"timestamp":1612996563,"path_taken":["M","$","?","?","M","E","?","?","T","?","?","E","M","M","R","BOSS","M","M","?","?","?","R","$","R","T","?","E","M","?","?","R","BOSS","M","?","?","M","?","R","E","?","T","$","?","E","?","M","R","BOSS"],"items_purchased_type":[],"build_version":"2020-12-22","purchased_purges":1,"victory":false,"max_hp_per_floor":[80,80,80,80,80,80,80,80,80,80,80,80,80,80,80,80,80,80,80,80,80,80,80,80,80,80,82,84,86,86,86,86,86,86,88,88,88,90,90,90,90,92,92,92,92,92,80,80,80,80,80],"card_choices":[{"not_picked":["Flex","Clothesline"],"picked":"Uppercut","floor":1.0},{"not_picked":["Fire Breathing","Dark Embrace"],"picked":"Rupture","floor":5.0},{"not_picked":["Wild Strike","Sentinel"],"picked":"Inflame+1","floor":6.0},{"not_picked":["Iron Wave","Clash"],"picked":"Immolate","floor":8.0},{"not_picked":["Shrug It Off","Twin Strike"],"picked":"Headbutt","floor":10.0},{"not_picked":["Flame Barrier","Seeing Red"],"picked":"Limit Break","floor":12.0},{"not_picked":["Anger","Armaments"],"picked":"Combust+1","floor":13.0},{"not_picked":["Body Slam","Sword Boomerang"],"picked":"Rupture+1","floor":14.0},{"not_picked":["Reaper","Impervious"],"picked":"Limit Break","floor":16.0},{"not_picked":["Feel No Pain+1","Shockwave+1","Entrench+1"],"picked":"SKIP","floor":18.0},{"not_picked":["Clothesline","Flex","Flame Barrier+1"],"picked":"SKIP","floor":19.0},{"not_picked":["Cleave","Whirlwind","Wild Strike"],"picked":"Singing Bowl","floor":27.0},{"not_picked":["Pommel Strike","Dual Wield+1","Wild Strike"],"picked":"Singing Bowl","floor":28.0},{"not_picked":["Armaments+1","Hemokinesis+1","Warcry"],"picked":"Singing Bowl","floor":29.0},{"not_picked":["Berserk+1","Fiend Fire"],"picked":"Limit Break","floor":33.0},{"not_picked":["Second Wind+1","Headbutt","Pommel Strike+1"],"picked":"Singing Bowl","floor":35.0},{"not_picked":["Twin Strike","Whirlwind","Thunderclap+1"],"picked":"Singing Bowl","floor":38.0},{"not_picked":["Pommel Strike+1","Wild Strike+1","Body Slam+1"],"picked":"Singing Bowl","floor":42.0},{"not_picked":["Forethought","Sadistic Nature+1"],"picked":"Metamorphosis","floor":45.0},{"not_picked":["Sword Boomerang+1","Thunderclap+1"],"picked":"Infernal Blade+1","floor":46.0},{"not_picked":["Reckless Charge+1","Carnage+1"],"picked":"Heavy Blade+1","floor":48.0}],"player_experience":231293,"relics_obtained":[{"floor":6.0,"key":"Frozen Egg 2"},{"floor":8.0,"key":"Odd Mushroom"},{"floor":9.0,"key":"Ginger"},{"floor":12.0,"key":"Champion Belt"},{"floor":26.0,"key":"Singing Bowl"},{"floor":28.0,"key":"Toy Ornithopter"},{"floor":46.0,"key":"Pen Nib"}],"event_choices":[{"damage_healed":0.0,"max_hp_gain":0.0,"max_hp_loss":0.0,"gold_gain":0.0,"cards_transformed":["Dual Wield"],"event_name":"Living Wall","player_choice":"Change","floor":3.0,"gold_loss":0.0,"damage_taken":0.0,"cards_obtained":["Combust"]},{"damage_healed":0.0,"max_hp_gain":0.0,"max_hp_loss":0.0,"gold_gain":0.0,"event_name":"Shining Light","player_choice":"Entered Light","floor":4.0,"gold_loss":0.0,"damage_taken":16.0,"cards_upgraded":["Strike_R","Strike_R"]},{"damage_healed":0.0,"max_hp_gain":0.0,"max_hp_loss":0.0,"gold_gain":0.0,"event_name":"Mushrooms","player_choice":"Fought Mushrooms","floor":8.0,"gold_loss":0.0,"damage_taken":0.0},{"damage_healed":20.0,"max_hp_gain":0.0,"max_hp_loss":0.0,"gold_gain":0.0,"event_name":"The Cleric","player_choice":"Healed","floor":11.0,"gold_loss":35.0,"damage_taken":0.0},{"damage_healed":26.0,"max_hp_gain":0.0,"max_hp_loss":0.0,"gold_gain":0.0,"event_name":"The Library","player_choice":"Heal","floor":20.0,"gold_loss":0.0,"damage_taken":0.0},{"damage_healed":0.0,"max_hp_gain":0.0,"max_hp_loss":0.0,"gold_gain":0.0,"event_name":"Addict","player_choice":"Obtained Relic","floor":21.0,"gold_loss":85.0,"damage_taken":0.0,"relics_obtained":["HornCleat"]},{"damage_healed":0.0,"max_hp_gain":0.0,"max_hp_loss":0.0,"gold_gain":99.0,"event_name":"Nest","player_choice":"Stole From Cult","floor":30.0,"gold_loss":0.0,"damage_taken":0.0},{"damage_healed":0.0,"max_hp_gain":0.0,"max_hp_loss":0.0,"gold_gain":0.0,"event_name":"Ghosts","player_choice":"Ignored","floor":31.0,"gold_loss":0.0,"damage_taken":0.0},{"cards_removed":["Rupture"],"damage_healed":0.0,"max_hp_gain":0.0,"max_hp_loss":0.0,"gold_gain":0.0,"event_name":"Falling","player_choice":"Removed Power","floor":36.0,"gold_loss":0.0,"damage_taken":0.0},{"damage_healed":0.0,"max_hp_gain":0.0,"max_hp_loss":0.0,"gold_gain":0.0,"event_name":"Tomb of Lord Red Mask","player_choice":"Paid","floor":37.0,"gold_loss":373.0,"damage_taken":0.0,"relics_obtained":["Red Mask"]},{"damage_healed":0.0,"max_hp_gain":0.0,"max_hp_loss":0.0,"gold_gain":0.0,"event_name":"WeMeetAgain","player_choice":"Gave Potion","floor":39.0,"gold_loss":0.0,"damage_taken":0.0,"relics_obtained":["Molten Egg 2"]},{"damage_healed":0.0,"max_hp_gain":0.0,"max_hp_loss":0.0,"gold_gain":0.0,"event_name":"SensoryStone","player_choice":"Memory 1","floor":45.0,"gold_loss":0.0,"damage_taken":0.0},{"damage_healed":80.0,"max_hp_gain":0.0,"max_hp_loss":12.0,"gold_gain":0.0,"event_name":"The Moai Head","player_choice":"Heal","floor":47.0,"gold_loss":0.0,"damage_taken":0.0}],"is_beta":false,"boss_relics":[{"not_picked":["Busted Crown","Runic Cube"],"picked":"Pandora\u0027s Box"},{"not_picked":["Mark of Pain","Runic Pyramid"],"picked":"Astrolabe"}],"items_purged_floors":[22],"is_endless":false,"potions_floor_spawned":[6,10,13,16,18,33,35,38,41,46,48],"killed_by":"Donu and Deca","ascension_level":0}}