{"host":"8by3m8mve9y2rhh4","time":1612939555,"event":{"mods":["BaseMod","Minty Spire (QoL Compilation)","Quick Restart"],"gold_per_floor":[111,62,62,74,93,118,135,135,161,77,96,114,142,161,161,261,261,274,274,287,306,306,306,306],"floor_reached":23,"language":"ENG","playtime":909,"items_purged":["Strike_G"],"score":240,"play_id":"8ce55df2-41d0-4888-b54c-96e6cc2c1725","local_time":"20210210064555","is_ascension_mode":true,"campfire_choices":[{"floor":8,"key":"REST"},{"floor":15,"key":"REST"}],"circlet_count":0,"master_deck":["Strike_G","Strike_G","Defend_G","Defend_G","Defend_G+1","Defend_G","Defend_G","Survivor","Neutralize","Crippling Poison","Deadly Poison+1","After Image","Blur","Deadly Poison","Backstab","Caltrops","Envenom","Deadly Poison","Dodge and Roll","Bouncing Flask","Malaise","Footwork","Masterful Stab","Deadly Poison"],"relics":["HoveringKite","Bronze Scales","Smiling Mask","Boot","SlaversCollar"],"acts_visited":["Exordium","TheCity"],"potions_floor_usage":[16,18,20,21,21,23],"damage_taken":[{"damage":0,"enemies":"Cultist","floor":1,"turns":5},{"damage":0,"enemies":"Jaw Worm","floor":4,"turns":3},{"damage":0,"enemies":"2 Louse","floor":5,"turns":3},{"damage":8,"enemies":"3 Sentries","floor":6,"turns":17},{"damage":10,"enemies":"Lots of Slimes","floor":7,"turns":3},{"damage":0,"enemies":"Looter","floor":11,"turns":3},{"damage":6,"enemies":"Blue Slaver","floor":12,"turns":4},{"damage":4,"enemies":"Lagavulin","floor":13,"turns":7},{"damage":4,"enemies":"3 Louse","floor":14,"turns":2},{"damage":8,"enemies":"Hexaghost","floor":16,"turns":7},{"damage":20,"enemies":"Spheric Guardian","floor":18,"turns":4},{"damage":1,"enemies":"Chosen","floor":20,"turns":5},{"damage":21,"enemies":"Sentry and Sphere","floor":21,"turns":6},{"damage":32,"enemies":"Gremlin Leader","floor":23,"turns":7}],"seed_played":"-823024930334334250","potions_obtained":[{"floor":4,"key":"BlessingOfTheForge"},{"floor":12,"key":"Ancient Potion"},{"floor":13,"key":"DistilledChaos"},{"floor":16,"key":"PowerPotion"},{"floor":20,"key":"Strength Potion"},{"floor":21,"key":"SpeedPotion"}],"is_trial":false,"path_per_floor":["M","$","?","M","M","E","M","R","T","$","M","M","E","M","R","B",null,"M","?","M","M","?","E"],"character_chosen":"THE_SILENT","items_purchased":["Deadly Poison","Caltrops"],"campfire_rested":2,"item_purchase_floors":[2,10],"current_hp_per_floor":[70,70,56,56,56,48,38,59,59,59,59,53,49,45,66,58,70,50,50,49,28,28,0,0],"gold":306,"neow_bonus":"BOSS_RELIC","is_daily":false,"chose_seed":false,"campfire_upgraded":0,"win_rate":0.0,"timestamp":1612939555,"path_taken":["M","$","?","M","M","E","M","R","T","$","M","M","E","M","R","BOSS","M","?","M","?","?","E"],"items_purchased_type":["Card","Card"],"build_version":"2020-12-22","purchased_purges":1,"victory":false,"max_hp_per_floor":[70,70,70,70,70,70,70,70,70,70,70,70,70,70,70,70,70,70,70,70,70,70,70,70],"card_choices":[{"not_picked":["Sucker Punch","Deflect"],"picked":"Crippling Poison","floor":1},{"not_picked":["Sucker Punch","Quick Slash"],"picked":"After Image","floor":4},{"not_picked":["Poisoned Stab","Backflip"],"picked":"Blur","floor":5},{"not_picked":["Finisher","Cloak And Dagger"],"picked":"Deadly Poison","floor":6},{"not_picked":["Flying Knee","Outmaneuver"],"picked":"Backstab","floor":7},{"not_picked":["Quick Slash","Skewer"],"picked":"Envenom","floor":11},{"not_picked":["Dagger Spray","All Out Attack"],"picked":"Deadly Poison","floor":12},{"not_picked":["Flechettes","Accuracy"],"picked":"Dodge and Roll","floor":13},{"not_picked":["Dagger Spray","Dodge and Roll"],"picked":"Bouncing Flask","floor":14},{"not_picked":["Storm of Steel","Doppelganger"],"picked":"Malaise","floor":16},{"not_picked":["Slice+1","Underhanded Strike+1"],"picked":"Footwork","floor":18},{"not_picked":["Outmaneuver+1","Quick Slash+1"],"picked":"Deadly Poison","floor":20},{"not_picked":["Underhanded Strike","Concentrate+1","Distraction"],"picked":"SKIP","floor":21}],"player_experience":772633,"relics_obtained":[{"floor":6,"key":"Bronze Scales"},{"floor":9,"key":"Smiling Mask"},{"floor":13,"key":"Boot"}],"event_choices":[{"damage_healed":0,"gold_gain":0,"player_choice":"Entered Light","damage_taken":14,"max_hp_gain":0,"max_hp_loss":0,"event_name":"Shining Light","floor":3,"gold_loss":0,"cards_upgraded":["Deadly Poison","Defend_G"]},{"damage_healed":0,"gold_gain":0,"cards_transformed":["Strike_G"],"player_choice":"Transformed","damage_taken":0,"max_hp_gain":0,"max_hp_loss":0,"event_name":"Transmorgrifier","floor":19,"gold_loss":0,"cards_obtained":["Masterful Stab"]},{"cards_removed":["Strike_G"],"damage_healed":0,"gold_gain":0,"player_choice":"Purged","damage_taken":0,"max_hp_gain":0,"max_hp_loss":0,"event_name":"Purifier","floor":22,"gold_loss":0}],"is_beta":false,"boss_relics":[{"not_picked":["SacredBark","WristBlade"],"picked":"SlaversCollar"}],"items_purged_floors":[10],"is_endless":false,"potions_floor_spawned":[4,12,13,16,20,21],"killed_by":"Gremlin Leader","ascension_level":1}}