{"host":"xspobo6976yah3h4","time":1612990047,"event":{"mods":["BaseMod","Clockwork Mod","Colored Map","Curses Come First","Downfall","Minty Spire (QoL Compilation)","Random Character Button","StSLib","The Cursed","The Servant 0.9.4"],"gold_per_floor":[0,16,166,178,188,24,24,40,70,80,114,132,152,165,183,283,283,183,193,204,224,22,56,128,41,41,41,53,78,21,56,69,180,180,180,197,217,189,189,289,289,304,304,337,337,13,23,37,47,47],"floor_reached":51,"language":"ENG","playtime":6082,"items_purged":["downfall:Icky","hexamod:Defend","hexamod:Defend","hexamod:GhostOfSpireFuture"],"score":872,"play_id":"b8a11b8a-3804-4d73-b031-cb399f57a86a","local_time":"20210210214727","is_ascension_mode":true,"campfire_choices":[{"data":"hexamod:Float","floor":1.0,"key":"SMITH"},{"floor":18.0,"key":"DIG"},{"floor":27,"key":"DIG"},{"data":"hexamod:GhostOfSpirePast","floor":35,"key":"SMITH"}],"circlet_count":0,"master_deck":["hexamod:Strike","hexamod:Strike+1","hexamod:Strike","hexamod:Defend","hexamod:Sear","hexamod:Float+1","hexamod:ThermalTransfer","hexamod:NecessarySacrifice","hexamod:Hexaguard","hexamod:AdvancingGuard+1","hexamod:GhostOfSpireFuture","hexamod:FlamesFromBeyond","hexamod:FastForward","hexamod:GhostOfSpirePast+1","hexamod:UnleashSpirits","hexamod:PowerFromBeyond+1","hexamod:Hexaguard+1","hexamod:ForkedFlame","hexamod:PowerFromBeyond+1","hexamod:ParanormalForm+1","hexamod:GhostShield","hexamod:EtherealExpedition","hexamod:HexaLevel","hexamod:WildfireWeapon","hexamod:BacktrackSmack","hexamod:ParanormalForm","hexamod:TimeWarp","hexamod:WildfireWeapon+1","hexamod:FlamesFromBeyond","hexamod:VolcanoVisage+1","hexamod:Hexaguard","hexamod:RainOfEmbers+1"],"relics":["hexamod:SpiritBrand","StrikeDummy","Shovel","hexamod:MatchstickCase","SlaversCollar","downfall:HeartBlessingGreen","Oddly Smooth Stone","Thread and Needle","Nloth\u0027s Gift","CaptainsWheel","Smiling Mask","Anchor","hexamod:TheBrokenSeal","hexamod:IceCube","Membership Card","Frozen Egg 2","Potion Belt","Shuriken","Du-Vu Doll","HandDrill","Letter Opener"],"acts_visited":["Exordium","TheCity","TheBeyond"],"potions_floor_usage":[23,29,29,29,31,32,40,42,45],"damage_taken":[{"damage":0.0,"enemies":"Small Slimes","floor":2.0,"turns":3.0},{"damage":1.0,"enemies":"Jaw Worm","floor":4.0,"turns":3.0},{"damage":0.0,"enemies":"Cultist","floor":5.0,"turns":3.0},{"damage":0.0,"enemies":"downfall:FleeingMerchant","floor":6.0,"turns":4.0},{"damage":5.0,"enemies":"Lots of Slimes","floor":8.0,"turns":4.0},{"damage":4.0,"enemies":"3 Sentries","floor":9.0,"turns":10.0},{"damage":0.0,"enemies":"Exordium Wildlife","floor":10.0,"turns":3.0},{"damage":4.0,"enemies":"Gremlin Nob","floor":11.0,"turns":4.0},{"damage":2.0,"enemies":"Red Slaver","floor":12.0,"turns":3.0},{"damage":0.0,"enemies":"2 Fungi Beasts","floor":13.0,"turns":3.0},{"damage":14.0,"enemies":"Exordium Thugs","floor":14.0,"turns":5.0},{"damage":0.0,"enemies":"Blue Slaver","floor":15.0,"turns":3.0},{"damage":28.0,"enemies":"DF_ARCHETYPE_STREAMLINE","floor":16.0,"turns":8.0},{"damage":0.0,"enemies":"Spheric Guardian","floor":19.0,"turns":3.0},{"damage":1,"enemies":"Shell Parasite","floor":20,"turns":6},{"damage":8,"enemies":"Centurion and Healer","floor":21,"turns":4},{"damage":1,"enemies":"downfall:FleeingMerchant","floor":22,"turns":4},{"damage":17,"enemies":"Gremlin Leader","floor":23,"turns":8},{"damage":2,"enemies":"downfall:FleeingMerchant","floor":25,"turns":4},{"damage":0,"enemies":"Shelled Parasite and Fungi","floor":28,"turns":5},{"damage":18,"enemies":"Slavers","floor":29,"turns":5},{"damage":1,"enemies":"downfall:FleeingMerchant","floor":30,"turns":4},{"damage":27,"enemies":"Gremlin Leader","floor":31,"turns":6},{"damage":2,"enemies":"3 Cultists","floor":32,"turns":6},{"damage":21,"enemies":"IC_MUSHROOM_ARCHETYPE","floor":33,"turns":10},{"damage":0,"enemies":"3 Shapes","floor":36,"turns":6},{"damage":0,"enemies":"Orb Walker","floor":37,"turns":3},{"damage":0,"enemies":"downfall:FleeingMerchant","floor":38,"turns":4},{"damage":0,"enemies":"downfall:LadyInBlue","floor":40,"turns":4},{"damage":6,"enemies":"Sphere and 2 Shapes","floor":42,"turns":4},{"damage":0,"enemies":"Giant Head","floor":44,"turns":5},{"damage":0,"enemies":"Maw","floor":45,"turns":2},{"damage":7,"enemies":"4 Shapes","floor":47,"turns":5},{"damage":0,"enemies":"Jaw Worm Horde","floor":48,"turns":3},{"damage":0,"enemies":"Spire Growth","floor":49,"turns":4},{"damage":7,"enemies":"SI_POISON_ARCHETYPE","floor":50,"turns":6}],"seed_played":"-8787714019297539221","potions_obtained":[{"floor":2.0,"key":"SkillPotion"},{"floor":9.0,"key":"Guardian:BlockOnCardUsePotion"},{"floor":11.0,"key":"Ancient Potion"},{"floor":21,"key":"Strength Potion"},{"floor":25,"key":"Slimebound:ThreeZeroPotion"},{"floor":28,"key":"Regen Potion"},{"floor":29,"key":"Ancient Potion"},{"floor":29,"key":"SteroidPotion"},{"floor":30,"key":"hexamod:EctoCoolerPotion"},{"floor":31,"key":"Guardian:BlockOnCardUsePotion"},{"floor":32,"key":"Energy Potion"},{"floor":33,"key":"SneckoOil"},{"floor":37,"key":"SmokeBomb"},{"floor":40,"key":"Explosive Potion"},{"floor":40,"key":"DuplicationPotion"},{"floor":40,"key":"LiquidBronze"},{"floor":44,"key":"champ:CounterPotion"}],"is_trial":false,"path_per_floor":["R","M","?","M","M","$","T","M","E","M","E","M","M","M","M","B",null,"R","M","M","M","$","E","T","$","?","R","M","E","$","E","M","B",null,"R","M","M","$","?","?","T","M","?","E","M","$","M","M","M","B",null],"character_chosen":"THE_SPIRIT","items_purchased":["hexamod:GhostOfSpireFuture","hexamod:ForkedFlame","hexamod:FourthSeal","hexamod:FifthSeal","Membership Card","Frozen Egg 2","hexamod:TimeWarp","hexamod:Hexaguard","HandDrill","Letter Opener","EntropicBrew"],"campfire_rested":0,"item_purchase_floors":[6,22,22,25,38,38,38,46,46,46,46],"current_hp_per_floor":[70,70,70,69,69,69,69,64,60,60,56,54,54,40,40,12,70,70,70,69,61,60,43,43,41,41,41,41,37,36,9,7,65,80,80,80,80,80,80,80,80,74,74,74,74,74,67,67,67,60],"gold":47,"neow_bonus":"REMOVE_TWO","is_daily":false,"chose_seed":false,"campfire_upgraded":2,"win_rate":0.0,"timestamp":1612990047,"path_taken":["R","M","?","M","M","?","T","M","E","?","E","M","?","M","M","BOSS","R","M","M","?","$","E","T","$","?","R","?","E","?","E","M","BOSS","R","M","M","$","?","?","T","?","?","E","M","$","M","M","M","BOSS"],"items_purchased_type":["Card","Card","Card","Card","Relic","Relic","Card","Card","Relic","Relic","Potion"],"build_version":"2020-12-22","purchased_purges":4,"victory":true,"max_hp_per_floor":[70,70,70,70,70,70,70,70,70,70,70,70,70,70,70,70,70,70,70,70,70,70,70,70,70,70,70,70,70,70,70,70,80,80,80,80,80,80,80,80,80,80,80,80,80,80,80,80,80,80],"card_choices":[{"not_picked":["hexamod:SpectralAdrenaline","hexamod:StepThrough"],"picked":"hexamod:ThermalTransfer","floor":2.0},{"not_picked":["hexamod:HeatMetal","hexamod:NightmareGuise"],"picked":"hexamod:NecessarySacrifice","floor":4.0},{"not_picked":["hexamod:ExtraCrispy","hexamod:HauntingEcho"],"picked":"hexamod:Hexaguard","floor":5.0},{"not_picked":["hexamod:Firestarter","hexamod:GhostShield"],"picked":"hexamod:AdvancingGuard","floor":6.0},{"not_picked":["hexamod:HeatMetal","hexamod:UnlimitedPower"],"picked":"hexamod:GhostOfSpireFuture","floor":8.0},{"not_picked":["hexamod:DynamicBlow","hexamod:InspiringFlames"],"picked":"hexamod:FlamesFromBeyond","floor":9.0},{"not_picked":["hexamod:SkipABeat","hexamod:GhostLash"],"picked":"hexamod:FastForward","floor":10.0},{"not_picked":["hexamod:SpectersWail","hexamod:SkipABeat","hexamod:Hexaguard"],"picked":"SKIP","floor":11.0},{"not_picked":["hexamod:BurningTouch","hexamod:Incineration","hexamod:ShieldOfDarkness"],"picked":"SKIP","floor":12.0},{"not_picked":["hexamod:HauntingEcho","hexamod:PhantomCloak","hexamod:Again"],"picked":"SKIP","floor":13.0},{"not_picked":["hexamod:FlamesFromBeyond","hexamod:HeatMetal","hexamod:Hexaguard"],"picked":"SKIP","floor":14.0},{"not_picked":["hexamod:FirstSeal","hexamod:TimeOfNeed"],"picked":"hexamod:GhostOfSpirePast","floor":15.0},{"not_picked":["hexamod:ParanormalForm","hexamod:TurnItUp"],"picked":"hexamod:UnleashSpirits","floor":16.0},{"not_picked":["hexamod:HeatMetal","hexamod:Firestarter","hexamod:NightmareStrike"],"picked":"SKIP","floor":19.0},{"not_picked":["hexamod:AdvancingGuard+1","hexamod:HeatMetal+1"],"picked":"hexamod:PowerFromBeyond+1","floor":20},{"not_picked":["hexamod:AdvancingGuard","hexamod:ThermalTransfer+1","hexamod:GhostLash+1"],"picked":"SKIP","floor":21},{"not_picked":["hexamod:NecessarySacrifice","hexamod:BurningTouch"],"picked":"hexamod:Hexaguard","floor":22},{"not_picked":["hexamod:HeatShield","hexamod:ShieldOfDarkness","hexamod:ThermalTransfer+1"],"picked":"SKIP","floor":23},{"not_picked":["hexamod:HauntingEcho","hexamod:AdvancingGuard"],"picked":"hexamod:PowerFromBeyond+1","floor":25},{"not_picked":["hexamod:FourthSeal","hexamod:SecondSeal"],"picked":"hexamod:SixthSeal","floor":28},{"not_picked":["hexamod:EmpoweredFlame+1","hexamod:InspiringFlames"],"picked":"hexamod:ThirdSeal","floor":28},{"not_picked":["hexamod:RecurringNightmare","hexamod:ThermalTransfer"],"picked":"hexamod:ParanormalForm","floor":29},{"not_picked":["hexamod:SearingWound","hexamod:HauntingEcho+1"],"picked":"hexamod:SecondSeal","floor":29},{"not_picked":["hexamod:NightmareGuise","hexamod:GhostLash+1"],"picked":"hexamod:GhostShield","floor":30},{"not_picked":["hexamod:VolcanoVisage","hexamod:SkipABeat"],"picked":"hexamod:EtherealExpedition","floor":30},{"not_picked":["hexamod:UnleashSpirits","hexamod:BurningTouch+1","hexamod:SpectralAdrenaline"],"picked":"SKIP","floor":31},{"not_picked":["hexamod:SixthSeal","hexamod:FourthSeal"],"picked":"hexamod:FirstSeal","floor":32},{"not_picked":["hexamod:NightmareStrike","hexamod:SkipABeat","hexamod:Firestarter"],"picked":"SKIP","floor":32},{"not_picked":["hexamod:NightmareStrike","hexamod:SkipABeat","hexamod:Firestarter"],"picked":"SKIP","floor":32},{"not_picked":["hexamod:SearingWound","hexamod:WildfireWeapon"],"picked":"hexamod:HexaLevel","floor":33},{"not_picked":["hexamod:SearingWound","hexamod:SixthSeal"],"picked":"hexamod:WildfireWeapon","floor":33},{"not_picked":["hexamod:NightmareGuise","hexamod:Again"],"picked":"hexamod:BacktrackSmack","floor":36},{"not_picked":["hexamod:PhantomFireball+1","hexamod:SwordOfDarkness","hexamod:ChargedBarrage+1"],"picked":"SKIP","floor":37},{"not_picked":["hexamod:SpectersWail+1","hexamod:SoulSteal+1"],"picked":"hexamod:ParanormalForm","floor":38},{"not_picked":["hexamod:BacktrackSmack","hexamod:HauntingEcho"],"picked":"hexamod:WildfireWeapon+1","floor":40},{"not_picked":["hexamod:HeatMetal+1","hexamod:FastForward"],"picked":"hexamod:FlamesFromBeyond","floor":42},{"not_picked":["hexamod:FourthSeal","hexamod:AdvancingGuard"],"picked":"hexamod:VolcanoVisage+1","floor":44},{"not_picked":["hexamod:NecessarySacrifice+1","hexamod:FlamesFromBeyond","hexamod:FourthSeal"],"picked":"SKIP","floor":47},{"not_picked":["hexamod:NightmareGuise","hexamod:CatchUp"],"picked":"hexamod:RainOfEmbers+1","floor":48},{"not_picked":["hexamod:RetreatToShadows","hexamod:ThermalTransfer+1","hexamod:FastForward"],"picked":"SKIP","floor":49}],"player_experience":760971,"relics_obtained":[{"floor":7.0,"key":"StrikeDummy"},{"floor":9.0,"key":"Shovel"},{"floor":11.0,"key":"hexamod:MatchstickCase"},{"floor":18.0,"key":"Oddly Smooth Stone"},{"floor":23,"key":"Thread and Needle"},{"floor":24,"key":"Bottled Tornado"},{"floor":27,"key":"CaptainsWheel"},{"floor":29,"key":"Smiling Mask"},{"floor":31,"key":"Anchor"},{"floor":40,"key":"Potion Belt"},{"floor":41,"key":"Shuriken"},{"floor":44,"key":"Du-Vu Doll"}],"event_choices":[],"is_beta":false,"boss_relics":[{"not_picked":["bronze:MakeshiftBattery","Snecko Eye"],"picked":"SlaversCollar"},{"not_picked":["Astrolabe","Tiny House"],"picked":"hexamod:IceCube"}],"items_purged_floors":[6,30,38,46],"is_endless":false,"potions_floor_spawned":[2,9,11,13,14,15,16,21,28,29,31,32,33,37,44,45],"ascension_level":1}}