{"host":"4rvakrj1idbgia3f","time":1612958255,"event":{"mods":["BaseMod","Colored Map","Colored Powertips","DeckTracker","Highlight Path","Minty Spire (QoL Compilation)","Random Character Button","StSLib"],"gold_per_floor":[117,133,150,150,162,162,190,190,237,82,82,98,133,80,80,170,170,186,166,190,206,206,206,246,67,67,67,87,87,87,106,106,199,199,212,212,243,262,262,262,262,262,262,262,277,277,315,339,339,339,339],"floor_reached":50,"language":"JPN","playtime":2157,"items_purged":["Defend_G","Strike_G"],"score":1071,"play_id":"a4de70a8-94f7-4fb3-b310-f6bd245c9df4","local_time":"20210210205735","is_ascension_mode":true,"campfire_choices":[{"data":"Blade Dance","floor":6.0,"key":"SMITH"},{"data":"Accuracy","floor":8.0,"key":"SMITH"},{"data":"Blade Dance","floor":15.0,"key":"SMITH"},{"data":"A Thousand Cuts","floor":23.0,"key":"SMITH"},{"data":"Terror","floor":27.0,"key":"SMITH"},{"data":"J.A.X.","floor":30.0,"key":"SMITH"},{"data":"Storm of Steel","floor":32.0,"key":"SMITH"},{"floor":40.0,"key":"REST"},{"data":"1","floor":42.0,"key":"LIFT"},{"data":"2","floor":44.0,"key":"LIFT"},{"floor":46.0,"key":"REST"},{"floor":49,"key":"RECALL"}],"circlet_count":0,"master_deck":["AscendersBane","Strike_G","Strike_G","Strike_G","Defend_G","Defend_G","Defend_G","Defend_G","Survivor","Neutralize","Blade Dance+1","PiercingWail","Sucker Punch","Accuracy+1","PiercingWail","Backflip","Blade Dance+1","A Thousand Cuts+1","Leg Sweep","Backflip","Storm of Steel+1","Terror+1","J.A.X.+1","Reflex","PiercingWail","Backflip+1","Phantasmal Killer","Accuracy","Clumsy","PiercingWail+1"],"relics":["Ring of the Snake","NeowsBlessing","White Beast Statue","Toy Ornithopter","Happy Flower","Golden Idol","Prayer Wheel","Cursed Key","Bag of Preparation","SacredBark","Girya","Unceasing Top"],"acts_visited":["Exordium","TheCity","TheBeyond"],"potions_floor_usage":[50],"damage_taken":[{"damage":0.0,"enemies":"2 Louse","floor":1.0,"turns":1.0},{"damage":0.0,"enemies":"Small Slimes","floor":2.0,"turns":1.0},{"damage":0.0,"enemies":"Jaw Worm","floor":3.0,"turns":1.0},{"damage":1.0,"enemies":"Blue Slaver","floor":5.0,"turns":5.0},{"damage":26.0,"enemies":"Lagavulin","floor":7.0,"turns":7.0},{"damage":4.0,"enemies":"Gremlin Gang","floor":12.0,"turns":5.0},{"damage":20.0,"enemies":"Gremlin Nob","floor":13.0,"turns":4.0},{"damage":4.0,"enemies":"Hexaghost","floor":16.0,"turns":8.0},{"damage":0.0,"enemies":"Chosen","floor":18.0,"turns":3.0},{"damage":0.0,"enemies":"Shell Parasite","floor":20.0,"turns":3.0},{"damage":2.0,"enemies":"Chosen and Byrds","floor":21.0,"turns":3.0},{"damage":11.0,"enemies":"Gremlin Leader","floor":24.0,"turns":4.0},{"damage":3.0,"enemies":"Snake Plant","floor":28.0,"turns":2.0},{"damage":0.0,"enemies":"3 Cultists","floor":31.0,"turns":2.0},{"damage":59.0,"enemies":"Champ","floor":33.0,"turns":8.0},{"damage":29.0,"enemies":"3 Darklings","floor":35.0,"turns":5.0},{"damage":7.0,"enemies":"Mind Bloom Boss Battle","floor":37.0,"turns":8.0},{"damage":0.0,"enemies":"3 Shapes","floor":38.0,"turns":5.0},{"damage":16.0,"enemies":"Maw","floor":45.0,"turns":5.0},{"damage":3.0,"enemies":"Nemesis","floor":47.0,"turns":3.0},{"damage":0.0,"enemies":"Sphere and 2 Shapes","floor":48.0,"turns":6.0},{"damage":59,"enemies":"Donu and Deca","floor":50,"turns":5}],"seed_played":"7031513709453085002","potions_obtained":[{"floor":1.0,"key":"Fire Potion"},{"floor":3.0,"key":"Ancient Potion"},{"floor":5.0,"key":"PowerPotion"},{"floor":7.0,"key":"FearPotion"},{"floor":12.0,"key":"Swift Potion"},{"floor":13.0,"key":"ColorlessPotion"},{"floor":16.0,"key":"Strength Potion"},{"floor":20.0,"key":"PowerPotion"},{"floor":21.0,"key":"SpeedPotion"},{"floor":24.0,"key":"Energy Potion"},{"floor":31.0,"key":"Fruit Juice"},{"floor":33.0,"key":"Fire Potion"},{"floor":35.0,"key":"Swift Potion"},{"floor":37.0,"key":"Dexterity Potion"},{"floor":38.0,"key":"Weak Potion"},{"floor":45.0,"key":"Ancient Potion"},{"floor":47.0,"key":"FearPotion"},{"floor":48.0,"key":"Swift Potion"}],"is_trial":false,"path_per_floor":["M","M","M","?","M","R","E","R","T","$","?","M","E","$","R","B",null,"M","?","M","M","?","R","E","$","T","R","M","?","R","M","R","B",null,"M","?","?","M","?","R","?","R","T","R","M","R","E","M","R","B"],"character_chosen":"THE_SILENT","items_purchased":["LiquidMemories","Blade Dance","Reflex"],"campfire_rested":2,"item_purchase_floors":[10,14,25],"current_hp_per_floor":[59,59,59,54,53,53,27,27,27,27,27,28,13,13,13,14,49,49,49,54,57,57,57,51,51,51,51,48,48,48,58,58,4,50,26,26,19,24,24,42,42,42,42,42,26,44,46,46,46,0,0],"gold":339,"neow_bonus":"THREE_ENEMY_KILL","is_daily":false,"chose_seed":false,"campfire_upgraded":7,"win_rate":0.0,"timestamp":1612958255,"path_taken":["M","M","M","?","M","R","E","R","T","$","?","M","E","?","R","BOSS","M","?","M","?","?","R","E","$","T","R","M","?","R","?","R","BOSS","M","?","?","M","?","R","?","R","T","R","M","R","E","M","R","BOSS"],"items_purchased_type":["Potion","Card","Card"],"build_version":"2020-12-22","purchased_purges":2,"victory":false,"max_hp_per_floor":[66,66,66,66,66,66,66,66,66,66,60,60,60,60,60,60,60,60,60,60,60,60,60,60,60,60,60,60,60,60,65,65,65,65,65,65,65,65,62,62,62,62,62,62,62,62,62,62,62,62,62],"card_choices":[{"not_picked":["Accuracy","Caltrops"],"picked":"Blade Dance","floor":1.0},{"not_picked":["Dodge and Roll","Deadly Poison"],"picked":"PiercingWail","floor":2.0},{"not_picked":["Deadly Poison","Flying Knee"],"picked":"Sucker Punch","floor":3.0},{"not_picked":["Sucker Punch","Bouncing Flask"],"picked":"Accuracy","floor":5.0},{"not_picked":["Expertise","Glass Knife"],"picked":"PiercingWail","floor":7.0},{"not_picked":["Choke","Riddle With Holes","Predator"],"picked":"SKIP","floor":12.0},{"not_picked":["Dash","Skewer"],"picked":"Backflip","floor":13.0},{"not_picked":["Adrenaline","Venomology"],"picked":"A Thousand Cuts","floor":16.0},{"not_picked":["Prepared","Outmaneuver"],"picked":"Leg Sweep","floor":18.0},{"not_picked":["Underhanded Strike","Dagger Throw","Flying Knee"],"picked":"SKIP","floor":18.0},{"not_picked":["Prepared","Deadly Poison+1"],"picked":"Backflip","floor":20.0},{"not_picked":["Acrobatics","Noxious Fumes"],"picked":"Storm of Steel","floor":20.0},{"not_picked":["Dash","Concentrate+1"],"picked":"Terror","floor":21.0},{"not_picked":["Poisoned Stab","Flying Knee+1","Slice"],"picked":"SKIP","floor":21.0},{"not_picked":["Underhanded Strike","Deflect","Prepared"],"picked":"SKIP","floor":24.0},{"not_picked":["Calculated Gamble","Acrobatics","Poisoned Stab"],"picked":"SKIP","floor":28.0},{"not_picked":["Prepared","Outmaneuver","Setup"],"picked":"SKIP","floor":28.0},{"not_picked":["Reflex","Leg Sweep"],"picked":"PiercingWail","floor":31.0},{"not_picked":["Storm of Steel","Setup+1"],"picked":"Backflip+1","floor":31.0},{"not_picked":["Corpse Explosion","Bullet Time"],"picked":"Phantasmal Killer","floor":33.0},{"not_picked":["Calculated Gamble+1","Acrobatics","Underhanded Strike"],"picked":"SKIP","floor":35.0},{"not_picked":["Crippling Poison","Deadly Poison","Sucker Punch+1"],"picked":"SKIP","floor":35.0},{"not_picked":["Infinite Blades","Cloak And Dagger"],"picked":"Accuracy","floor":37.0},{"not_picked":["Flying Knee+1","Expertise","PiercingWail"],"picked":"SKIP","floor":38.0},{"not_picked":["Eviscerate+1","Tactician","Dagger Throw+1"],"picked":"SKIP","floor":38.0},{"not_picked":["Predator+1","Slice","Concentrate"],"picked":"SKIP","floor":45.0},{"not_picked":["Distraction","Dash","Dagger Throw"],"picked":"SKIP","floor":45.0},{"not_picked":["Flying Knee","Poisoned Stab+1"],"picked":"PiercingWail+1","floor":47.0},{"not_picked":["Masterful Stab","PiercingWail","Flying Knee"],"picked":"SKIP","floor":48.0},{"not_picked":["A Thousand Cuts","Poisoned Stab","Flying Knee"],"picked":"SKIP","floor":48.0}],"player_experience":2250201,"relics_obtained":[{"floor":7.0,"key":"Toy Ornithopter"},{"floor":9.0,"key":"Happy Flower"},{"floor":13.0,"key":"Prayer Wheel"},{"floor":24.0,"key":"Bag of Preparation"},{"floor":37.0,"key":"Girya"},{"floor":47.0,"key":"Unceasing Top"}],"event_choices":[{"damage_healed":0.0,"max_hp_gain":0.0,"max_hp_loss":0.0,"gold_gain":0.0,"event_name":"Scrap Ooze","player_choice":"Success","floor":4.0,"gold_loss":0.0,"damage_taken":5.0,"relics_obtained":["White Beast Statue"]},{"damage_healed":0.0,"max_hp_gain":0.0,"max_hp_loss":6.0,"gold_gain":0.0,"event_name":"Golden Idol","player_choice":"Lose Max HP","floor":11.0,"gold_loss":0.0,"damage_taken":0.0,"relics_obtained":["Golden Idol"]},{"damage_healed":0.0,"max_hp_gain":0.0,"max_hp_loss":0.0,"gold_gain":0.0,"event_name":"The Woman in Blue","player_choice":"Bought 1 Potion","floor":19.0,"gold_loss":0.0,"damage_taken":0.0},{"damage_healed":0.0,"max_hp_gain":0.0,"max_hp_loss":0.0,"gold_gain":0.0,"event_name":"Drug Dealer","player_choice":"Obtain J.A.X.","floor":22.0,"gold_loss":0.0,"damage_taken":0.0,"cards_obtained":["J.A.X."]},{"damage_healed":0.0,"max_hp_gain":0.0,"max_hp_loss":0.0,"gold_gain":0.0,"event_name":"N\u0027loth","player_choice":"Ignored","floor":29.0,"gold_loss":0.0,"damage_taken":0.0},{"cards_removed":["Strike_G"],"damage_healed":0.0,"max_hp_gain":0.0,"max_hp_loss":0.0,"gold_gain":0.0,"event_name":"Falling","player_choice":"Removed Attack","floor":36.0,"gold_loss":0.0,"damage_taken":0.0},{"damage_healed":0.0,"max_hp_gain":0.0,"max_hp_loss":0.0,"gold_gain":0.0,"event_name":"MindBloom","player_choice":"Fight","floor":37.0,"gold_loss":0.0,"damage_taken":0.0},{"damage_healed":0.0,"max_hp_gain":0.0,"max_hp_loss":3.0,"gold_gain":0.0,"event_name":"Winding Halls","player_choice":"Max HP","floor":39.0,"gold_loss":0.0,"damage_taken":0.0},{"damage_healed":0.0,"max_hp_gain":0.0,"max_hp_loss":0.0,"gold_gain":0.0,"event_name":"Tomb of Lord Red Mask","player_choice":"Ignored","floor":41.0,"gold_loss":0.0,"damage_taken":0.0}],"is_beta":false,"boss_relics":[{"not_picked":["Sozu","SlaversCollar"],"picked":"Cursed Key"},{"not_picked":["Empty Cage","Tiny House"],"picked":"SacredBark"}],"items_purged_floors":[10,25],"is_endless":false,"potions_floor_spawned":[1,3,5,7,12,13,16,18,20,21,24,28,31,33,35,37,38,45,47,48],"killed_by":"Donu and Deca","ascension_level":20}}