{"host":"guk5h31bsklpp7e4","time":1612918393,"event":{"mods":["AchievementEnabler","BaseMod","Colored Map","Colored Powertips","Highlight Path","Minty Spire (QoL Compilation)","Quick Restart"],"gold_per_floor":[117,8,8,8,20,20,51,51,51,66,21,21,32,52,52,151,151,167,99,113,28,28,28,54,2,2,2,0,0,0,12,12,12,12],"floor_reached":33,"language":"ENG","playtime":1995,"items_purged":["Defend_R"],"score":351,"play_id":"f6a970d7-a29c-4bbb-9232-2cae91a3f140","local_time":"20210209195313","is_ascension_mode":true,"campfire_choices":[{"data":"True Grit","floor":6,"key":"SMITH"},{"floor":8,"key":"REST"},{"floor":15,"key":"REST"},{"floor":23,"key":"REST"},{"floor":29,"key":"REST"},{"data":"Corruption","floor":32,"key":"SMITH"}],"circlet_count":0,"master_deck":["Strike_R+1","Strike_R+1","Strike_R+1","Strike_R+1","Defend_R+1","Defend_R+1","Defend_R+1","Bash","Shrug It Off","Metallicize","Cleave","True Grit+1","Thunderclap","Shrug It Off","Second Wind","Sword Boomerang","Offering","Ghostly Armor+1","Dark Embrace","Wild Strike","Thunderclap+1","Corruption+1","Wild Strike","Armaments+1"],"relics":["Burning Blood","Bag of Preparation","Red Skull","Ancient Tea Set","SacredBark","Dream Catcher","Lantern","Bag of Marbles","Bronze Scales"],"acts_visited":["Exordium","TheCity"],"potions_floor_usage":[7,16,16,17,24,33],"damage_taken":[{"damage":0,"enemies":"Small Slimes","floor":1,"turns":3},{"damage":7,"enemies":"Jaw Worm","floor":5,"turns":5},{"damage":54,"enemies":"Gremlin Nob","floor":7,"turns":6},{"damage":5,"enemies":"Cultist","floor":10,"turns":4},{"damage":0,"enemies":"Red Slaver","floor":13,"turns":6},{"damage":1,"enemies":"Blue Slaver","floor":14,"turns":5},{"damage":31,"enemies":"The Guardian","floor":16,"turns":9},{"damage":25,"enemies":"Chosen","floor":18,"turns":8},{"damage":38,"enemies":"Spheric Guardian","floor":20,"turns":11},{"damage":11,"enemies":"Slavers","floor":24,"turns":3},{"damage":16,"enemies":"Centurion and Healer","floor":31,"turns":4},{"damage":89,"enemies":"Champ","floor":33,"turns":9}],"seed_played":"-1981134753332281967","potions_obtained":[{"floor":1,"key":"SpeedPotion"},{"floor":7,"key":"SkillPotion"},{"floor":13,"key":"PowerPotion"},{"floor":16,"key":"Fruit Juice"},{"floor":20,"key":"DistilledChaos"},{"floor":31,"key":"SteroidPotion"}],"is_trial":false,"path_per_floor":["M","$","?","?","M","R","E","R","T","M","$","$","M","M","R","B",null,"M","$","M","?","?","R","E","$","T","?","?","R","?","M","R","B"],"character_chosen":"IRONCLAD","items_purchased":["Metallicize","Shrug It Off","Dark Embrace","Weak Potion"],"campfire_rested":4,"item_purchase_floors":[2,11,19,25],"current_hp_per_floor":[88,88,76,76,75,75,27,53,53,54,54,54,60,65,88,63,92,73,73,41,41,41,70,65,65,65,65,65,94,94,84,84,0,0],"gold":12,"neow_bonus":"TEN_PERCENT_HP_BONUS","is_daily":false,"chose_seed":false,"campfire_upgraded":2,"win_rate":0.0,"timestamp":1612918393,"path_taken":["M","$","?","?","M","R","E","R","T","M","?","$","M","?","R","BOSS","M","$","M","?","?","R","E","$","T","?","?","R","?","M","R","BOSS"],"items_purchased_type":["Card","Card","Card","Potion"],"build_version":"2020-12-22","purchased_purges":1,"victory":false,"max_hp_per_floor":[88,88,88,88,88,88,88,88,88,88,88,88,88,88,88,88,98,98,98,98,98,98,98,98,98,98,98,98,98,98,98,98,98,98],"card_choices":[{"not_picked":["Intimidate","Thunderclap"],"picked":"Shrug It Off","floor":1},{"not_picked":["Battle Trance","Pummel"],"picked":"True Grit","floor":5},{"not_picked":["Perfected Strike","Bludgeon","Havoc"],"picked":"SKIP","floor":7},{"not_picked":["Uppercut","Havoc"],"picked":"Thunderclap","floor":10},{"not_picked":["Cleave","Anger"],"picked":"Second Wind","floor":13},{"not_picked":["Anger","True Grit"],"picked":"Sword Boomerang","floor":14},{"not_picked":["Exhume","Feed"],"picked":"Offering","floor":16},{"not_picked":["Body Slam+1","Whirlwind"],"picked":"Ghostly Armor+1","floor":18},{"not_picked":["Clash+1","True Grit+1"],"picked":"Wild Strike","floor":20},{"not_picked":["Sword Boomerang","Flame Barrier"],"picked":"Thunderclap+1","floor":23},{"not_picked":["Thunderclap","Clash+1"],"picked":"Corruption","floor":24},{"not_picked":["Cleave","True Grit"],"picked":"Wild Strike","floor":29},{"not_picked":["Wild Strike","Clothesline"],"picked":"Armaments+1","floor":31}],"player_experience":329994,"relics_obtained":[{"floor":7,"key":"Red Skull"},{"floor":9,"key":"Ancient Tea Set"},{"floor":24,"key":"Lantern"},{"floor":26,"key":"Bag of Marbles"}],"event_choices":[{"damage_healed":0,"gold_gain":0,"player_choice":"Success","damage_taken":12,"relics_obtained":["Bag of Preparation"],"max_hp_gain":0,"max_hp_loss":0,"event_name":"Scrap Ooze","floor":3,"gold_loss":0},{"damage_healed":0,"gold_gain":0,"cards_transformed":["Strike_R"],"player_choice":"Change","damage_taken":0,"max_hp_gain":0,"max_hp_loss":0,"event_name":"Living Wall","floor":4,"gold_loss":0,"cards_obtained":["Cleave"]},{"damage_healed":0,"gold_gain":0,"player_choice":"Obtained Relic","damage_taken":0,"relics_obtained":["Dream Catcher"],"max_hp_gain":0,"max_hp_loss":0,"event_name":"Addict","floor":21,"gold_loss":85},{"damage_healed":0,"gold_gain":0,"player_choice":"Ignored","damage_taken":0,"max_hp_gain":0,"max_hp_loss":0,"event_name":"Ghosts","floor":22,"gold_loss":0},{"damage_healed":0,"gold_gain":0,"player_choice":"Simplicity","damage_taken":0,"max_hp_gain":0,"max_hp_loss":0,"event_name":"Back to Basics","floor":27,"gold_loss":0,"cards_upgraded":["Strike_R","Strike_R","Strike_R","Strike_R","Defend_R","Defend_R","Defend_R"]},{"damage_healed":0,"gold_gain":0,"player_choice":"Paid Fearfully","damage_taken":0,"max_hp_gain":0,"max_hp_loss":0,"event_name":"Masked Bandits","floor":28,"gold_loss":2},{"damage_healed":0,"gold_gain":0,"player_choice":"Gave Potion","damage_taken":0,"relics_obtained":["Bronze Scales"],"max_hp_gain":0,"max_hp_loss":0,"event_name":"WeMeetAgain","floor":30,"gold_loss":0}],"is_beta":false,"boss_relics":[{"not_picked":["Snecko Eye","Empty Cage"],"picked":"SacredBark"}],"items_purged_floors":[2],"is_endless":false,"potions_floor_spawned":[1,7,13,16,20,31],"killed_by":"Champ","ascension_level":5}}