{"host":"tp1hyvdwlciy3xbu","time":1612967626,"event":{"mods":["BaseMod","Marisa£®ÏF”Í°°ƒß¿Ì…≥£©","Minty Spire (QoL Compilation)","SIMod","StSLib","The Servant 0.9.4","Youmu£®ªÍ∆«—˝√Œ£©"],"gold_per_floor":[117,136,154,154,168,168,194,269,269,269,286,303,314,340,340,440,440,458,458,303,320,333,333,348,379,379,379,73,73,86,86,86],"floor_reached":31,"language":"ZHS","playtime":1486,"items_purged":["Strike_RR"],"score":294,"play_id":"d967f077-3ffe-485c-bf4b-88e6f928722b","local_time":"20210210223346","is_ascension_mode":false,"campfire_choices":[{"data":"PinkiePromise","floor":6.0,"key":"SMITH"},{"data":"Boundary","floor":10.0,"key":"SMITH"},{"floor":15.0,"key":"REST"},{"floor":23,"key":"REST"},{"data":"HarmonyForm","floor":29,"key":"SMITH"}],"circlet_count":0,"master_deck":["Strike_AJ","Strike_RD","Defend_TS","Defend_PP","Defend_FS","Defend_AJ","ConcertedEfforts","HarmonyShield","ThunderCloud","GemstoneDetection","Boundary+1","PinkiePromise+1","TwentyPercentcooler","Whining","FriendOfNature","Louder","SwiftKick","SwiftKick","Tornado","Return_To_Past","Yay","Return_To_Past","TasteRainbow","FriendshipIsMagic","HarmonyForm+1","HideCarefully","Harmanyblast","MessyAndOrderly","Yay+1","FarmExpert","Necronomicurse","BehindTheScene","Sisterhood","ReinventMyself","Winterwrapup+1","Magic_Beam","Anxiousness","SwiftKick+1","FriendOfNature","DynamicVision","TenInstruments+1","PartyAlone","Smile","Winterwrapup","Overwhelming","Return_To_Past","PinkieSense"],"relics":["The_element_of_harmony","Vajra","Strawberry","Mummified Hand","Kunai","Necronomicon","Orrery","Darkstone Periapt","Bloomberg"],"acts_visited":["TheCity"],"potions_floor_usage":[22,30],"damage_taken":[{"damage":5.0,"enemies":"Small Slimes","floor":1.0,"turns":3.0},{"damage":6.0,"enemies":"Jaw Worm","floor":2.0,"turns":3.0},{"damage":0.0,"enemies":"2 Louse","floor":3.0,"turns":1.0},{"damage":15.0,"enemies":"Red Slaver","floor":5.0,"turns":3.0},{"damage":23.0,"enemies":"Gremlin Nob","floor":7.0,"turns":5.0},{"damage":7.0,"enemies":"Looter","floor":11.0,"turns":4.0},{"damage":10.0,"enemies":"Large Slime","floor":12.0,"turns":4.0},{"damage":11.0,"enemies":"2 Fungi Beasts","floor":13.0,"turns":4.0},{"damage":6.0,"enemies":"3 Sentries","floor":14.0,"turns":2.0},{"damage":18.0,"enemies":"Hexaghost","floor":16.0,"turns":12.0},{"damage":15.0,"enemies":"3 Byrds","floor":18.0,"turns":6.0},{"damage":26,"enemies":"Spheric Guardian","floor":21,"turns":5},{"damage":30,"enemies":"Shelled Parasite and Fungi","floor":22,"turns":4},{"damage":17,"enemies":"Centurion and Healer","floor":24,"turns":5},{"damage":16,"enemies":"Gremlin Leader","floor":25,"turns":7},{"damage":10,"enemies":"Cultist and Chosen","floor":30,"turns":4},{"damage":10,"enemies":"Snake Plant","floor":31,"turns":2}],"seed_played":"-7540311930534646699","potions_obtained":[{"floor":2.0,"key":"Dexterity Potion"},{"floor":7.0,"key":"AttackPotion"},{"floor":11.0,"key":"Weak Potion"},{"floor":16.0,"key":"DuplicationPotion"},{"floor":22,"key":"Energy Potion"},{"floor":25,"key":"BlessingOfTheForge"}],"is_trial":false,"path_per_floor":["M","M","M","?","M","R","E","?","T","R","M","M","M","E","R","B",null,"M","?","$","M","M","R","M","E","T","?","$","R","M","M"],"character_chosen":"TWI_CLASS","items_purchased":["Orrery","Overwhelming","LiquidMemories"],"campfire_rested":2,"item_purchase_floors":[20,28,28],"current_hp_per_floor":[77,71,71,76,61,61,51,40,40,40,39,32,21,15,43,25,94,79,63,63,37,10,38,27,17,17,17,17,17,7,0,0],"gold":86,"neow_bonus":"RANDOM_COMMON_RELIC","is_daily":false,"chose_seed":false,"campfire_upgraded":3,"win_rate":0.0,"timestamp":1612967626,"path_taken":["M","M","M","?","M","R","E","?","T","R","M","M","M","E","R","BOSS","M","?","$","M","M","R","M","E","T","?","$","R","?","M"],"items_purchased_type":["Relic","Card","Potion"],"build_version":"2020-12-22","purchased_purges":1,"victory":false,"max_hp_per_floor":[82,82,82,87,87,87,94,94,94,94,94,94,94,94,94,94,94,94,94,94,94,94,94,94,94,94,94,94,94,94,94,94],"card_choices":[{"not_picked":["Smile"],"picked":"ThunderCloud","floor":1.0},{"not_picked":["Smile"],"picked":"GemstoneDetection","floor":1.0},{"not_picked":["Anxiousness"],"picked":"Boundary","floor":2.0},{"not_picked":["AllByMyself"],"picked":"PinkiePromise","floor":2.0},{"not_picked":["Celebrities"],"picked":"TwentyPercentcooler","floor":3.0},{"not_picked":["Charge"],"picked":"Whining","floor":3.0},{"not_picked":["RushToSky"],"picked":"FriendOfNature","floor":5.0},{"not_picked":["Charge"],"picked":"Louder","floor":5.0},{"not_picked":["HideCarefully"],"picked":"SwiftKick","floor":7.0},{"not_picked":["BigDeal"],"picked":"SwiftKick","floor":7.0},{"not_picked":["ThrowingApples"],"picked":"Tornado","floor":11.0},{"not_picked":["Dear_Princess"],"picked":"Return_To_Past","floor":11.0},{"not_picked":["Lasso"],"picked":"Yay","floor":12.0},{"not_picked":["AppleFever"],"picked":"Return_To_Past","floor":12.0},{"not_picked":["Charge"],"picked":"TasteRainbow","floor":13.0},{"not_picked":["BehindTheScene"],"picked":"FriendshipIsMagic","floor":13.0},{"not_picked":["Tornado"],"picked":"HarmonyForm","floor":14.0},{"not_picked":["Batlization"],"picked":"HideCarefully","floor":14.0},{"not_picked":["LoveMe"],"picked":"Harmanyblast","floor":16.0},{"not_picked":["LoveMe"],"picked":"MessyAndOrderly","floor":16.0},{"not_picked":["Mischief+1"],"picked":"Yay+1","floor":18.0},{"not_picked":["TwentyPercentcooler"],"picked":"FarmExpert","floor":18.0},{"not_picked":["FriendOfNature"],"picked":"BehindTheScene","floor":20},{"not_picked":["KillingWithKindness+1"],"picked":"Sisterhood","floor":20},{"not_picked":["Mischief"],"picked":"ReinventMyself","floor":20},{"not_picked":["FollowTherRainbow"],"picked":"Winterwrapup+1","floor":20},{"not_picked":["AllByMyself"],"picked":"Magic_Beam","floor":20},{"not_picked":["FarmExpert"],"picked":"Anxiousness","floor":21},{"not_picked":["InspirationRecovery"],"picked":"SwiftKick+1","floor":21},{"not_picked":["ThunderCloud"],"picked":"FriendOfNature","floor":22},{"not_picked":["ISayNo"],"picked":"DynamicVision","floor":22},{"not_picked":["FriendOfNature"],"picked":"TenInstruments+1","floor":24},{"not_picked":["KillingWithKindness"],"picked":"PartyAlone","floor":24},{"not_picked":["HideCarefully"],"picked":"Smile","floor":25},{"not_picked":["Yay+1"],"picked":"Winterwrapup","floor":25},{"not_picked":["ReinventMyself"],"picked":"Return_To_Past","floor":30},{"not_picked":["TenInstruments"],"picked":"PinkieSense","floor":30}],"player_experience":320460,"relics_obtained":[{"floor":7.0,"key":"Strawberry"},{"floor":9.0,"key":"Mummified Hand"},{"floor":14.0,"key":"Kunai"},{"floor":19,"key":"Necronomicon"},{"floor":25,"key":"Darkstone Periapt"},{"floor":26,"key":"Bloomberg"}],"event_choices":[{"damage_healed":0.0,"max_hp_gain":5.0,"max_hp_loss":0.0,"gold_gain":0.0,"event_name":"Big Fish","player_choice":"Donut","floor":4.0,"gold_loss":0.0,"damage_taken":0.0},{"damage_healed":0.0,"max_hp_gain":0.0,"max_hp_loss":0.0,"gold_gain":75.0,"event_name":"World of Goop","player_choice":"Gather Gold","floor":8.0,"gold_loss":0.0,"damage_taken":11.0},{"damage_healed":0,"gold_gain":0,"player_choice":"Obtained Book","damage_taken":16,"max_hp_gain":0,"max_hp_loss":0,"event_name":"Cursed Tome","floor":19,"gold_loss":0},{"cards_removed":["Strike_TS"],"damage_healed":0,"gold_gain":0,"player_choice":"Offered Basic","damage_taken":0,"max_hp_gain":0,"max_hp_loss":0,"event_name":"Bonfire Elementals","floor":27,"gold_loss":0}],"is_beta":false,"boss_relics":[{"not_picked":["Velvet Choker","Snecko Eye","Philosopher\u0027s Stone"]}],"items_purged_floors":[28],"is_endless":false,"potions_floor_spawned":[2,7,11,16,22,25],"killed_by":"Snake Plant","ascension_level":0}}