{"host":"xp27heuvanyklt0b","time":1612928146,"event":{"mods":["100% Spire Juice","BaseMod","Lobotomy","Minty Spire (QoL Compilation)","StSLib"],"gold_per_floor":[110,126,91,91,102,127,142,142,212,226,19,32,43,56,56,152,152,152,152],"floor_reached":18,"language":"KOR","playtime":1097,"items_purged":[],"score":166,"play_id":"187515f4-563b-413c-9117-aa50d079e6f7","local_time":"20210210123546","is_ascension_mode":false,"campfire_choices":[{"floor":8,"key":"REST"},{"data":"Rampage","floor":15,"key":"SMITH"}],"circlet_count":0,"master_deck":["Strike_R","Strike_R","Strike_R","Strike_R","Strike_R","Defend_R","Defend_R","Defend_R","Defend_R","Bash","RedShoes","Shrug It Off","Flame Barrier","FairyFestival","Flex","Bloodbath","Rage","WallGazer","QueenOfHatred","Battle Trance","MeatLantern","Rampage+1","Cleave","Anger","Woodsman","CrumblingArmor","Iron Wave","Porccubus","Shrug It Off+1","UniverseFragment","Impervious+1"],"relics":["Burning Blood","CogitoBucket","Du-Vu Doll","Toxic Egg 2","BackwardClock","Vajra","Black Star"],"acts_visited":["Exordium","TheCity"],"potions_floor_usage":[10,16,16],"damage_taken":[{"damage":5,"enemies":"Small Slimes","floor":1,"turns":5},{"damage":21,"enemies":"Jaw Worm","floor":2,"turns":6},{"damage":4,"enemies":"Cultist","floor":5,"turns":4},{"damage":45,"enemies":"Lagavulin","floor":6,"turns":8},{"damage":19,"enemies":"Gremlin Gang","floor":7,"turns":8},{"damage":60,"enemies":"Lots of Slimes","floor":10,"turns":6},{"damage":2,"enemies":"Red Slaver","floor":12,"turns":4},{"damage":7,"enemies":"Large Slime","floor":13,"turns":5},{"damage":4,"enemies":"3 Louse","floor":14,"turns":3},{"damage":90,"enemies":"The Guardian","floor":16,"turns":15},{"damage":93,"enemies":"Chosen","floor":18,"turns":4}],"seed_played":"4085810884358354039","potions_obtained":[{"floor":2,"key":"BloodPotion"},{"floor":5,"key":"Regen Potion"},{"floor":7,"key":"AttackPotion"}],"is_trial":false,"path_per_floor":["M","M","?","?","M","E","M","R","T","M","$","M","M","M","R","B",null,"M"],"character_chosen":"IRONCLAD","items_purchased":["Vajra","Cleave"],"campfire_rested":1,"item_purchase_floors":[11,11],"current_hp_per_floor":[80,65,80,80,80,41,29,53,53,13,13,24,42,62,62,33,80,0,0],"gold":152,"neow_bonus":"","is_daily":false,"chose_seed":false,"campfire_upgraded":1,"win_rate":0.0,"timestamp":1612928146,"path_taken":["M","M","?","?","?","E","M","R","T","M","$","M","?","?","R","BOSS","M"],"items_purchased_type":["Relic","Card"],"build_version":"2020-12-22","purchased_purges":0,"victory":false,"max_hp_per_floor":[80,80,80,80,80,80,80,80,80,80,80,80,80,80,80,80,80,80,80],"card_choices":[{"not_picked":["ShyLook","PunishingBird"],"picked":"RedShoes","floor":1},{"not_picked":["Sword Boomerang","Heavy Blade"],"picked":"Shrug It Off","floor":1},{"not_picked":["Warcry","Thunderclap"],"picked":"Flame Barrier","floor":2},{"not_picked":["BeautyBeast","VoidDream"],"picked":"FairyFestival","floor":2},{"not_picked":["Headbutt","Anger"],"picked":"Flex","floor":5},{"not_picked":["CherryBlossoms","PunishingBird"],"picked":"Bloodbath","floor":5},{"not_picked":["Wild Strike","Searing Blow"],"picked":"Rage","floor":6},{"not_picked":["Variant","Scorched","PunishingBird"],"picked":"Singing Bowl","floor":6},{"not_picked":["Scorched","MHz"],"picked":"WallGazer","floor":6},{"not_picked":["Yin","UniverseFragment"],"picked":"QueenOfHatred","floor":7},{"not_picked":["Clothesline","Perfected Strike"],"picked":"Battle Trance","floor":7},{"not_picked":["SnowQueen","Wellcheers"],"picked":"MeatLantern","floor":10},{"not_picked":["Sword Boomerang","Pommel Strike"],"picked":"Rampage","floor":10},{"not_picked":["Iron Wave","Battle Trance+1"],"picked":"Anger","floor":12},{"not_picked":["Wellcheers","Murderer"],"picked":"Woodsman","floor":12},{"not_picked":["OSAHOGD","CherryBlossoms"],"picked":"CrumblingArmor","floor":13},{"not_picked":["Pommel Strike","Clash"],"picked":"Iron Wave","floor":13},{"not_picked":["MHz","Alriune"],"picked":"Porccubus","floor":14},{"not_picked":["Sentinel+1","Havoc+1"],"picked":"Shrug It Off+1","floor":14},{"not_picked":["LittlePrince","PunishingBird"],"picked":"UniverseFragment","floor":16},{"not_picked":["Offering+1","Barricade"],"picked":"Impervious+1","floor":16}],"player_experience":193241,"relics_obtained":[{"floor":6,"key":"Du-Vu Doll"},{"floor":9,"key":"Toxic Egg 2"}],"event_choices":[{"damage_healed":20,"gold_gain":0,"player_choice":"Healed","damage_taken":0,"max_hp_gain":0,"max_hp_loss":0,"event_name":"The Cleric","floor":3,"gold_loss":35},{"damage_healed":0,"gold_gain":0,"player_choice":"Leave","damage_taken":0,"max_hp_gain":0,"max_hp_loss":0,"event_name":"FaceTrader","floor":4,"gold_loss":0}],"is_beta":false,"boss_relics":[{"not_picked":["Fusion Hammer","Sozu"],"picked":"Black Star"}],"items_purged_floors":[],"is_endless":false,"potions_floor_spawned":[2,5,7],"killed_by":"Chosen","ascension_level":0}}