{"host":"ormi09wwzv7sq47a","time":1612977525,"event":{"mods":["2.2 Compatiblity","AchievementEnabler","Act Like it!","BaseMod","Bestiary","Better Altar","Better Note","Better Sensory Stone","Better Silent Start","Better Skull","Better Third Choice","Better Vampires","BetterRewards","Block Reminder","Card Forge","Colored Map","Colored Powertips","Curses Come First","DeckTracker","Downfall","Highlight Path","Minty Spire (QoL Compilation)","Permanent Neow","Quick Restart","Rare Cards Sparkle","Relic Stats","Shop Mod","StSLib","The Jungle"],"gold_per_floor":[118,118,134,84,7,7,33,33,57,57,67,81,95,107,107,202,202,222,237,237,237,249,249,249,249,276,276,301,313,313,339,339,439,439,458,469,20,30,30,60,80,112,167,180,180,191,71,71,71,71,71,71,30,63,63],"floor_reached":56,"language":"ENG","playtime":3286,"items_purged":["Guardian:Strike_Guardian","Guardian:Defend_Guardian","Decay","Guardian:Defend_Guardian"],"score":2314,"play_id":"d832de8b-7ece-417f-95b0-999acfb0b836","local_time":"20210210151845","is_ascension_mode":true,"campfire_choices":[{"data":"Guardian:CurlUp","floor":6.0,"key":"SMITH"},{"data":"Guardian:ArmoredProtocol","floor":10.0,"key":"SMITH"},{"data":"Guardian:StasisField","floor":15.0,"key":"SMITH"},{"data":"Guardian:Suspension","floor":23.0,"key":"SMITH"},{"data":"Guardian:GemFinder","floor":25.0,"key":"SMITH"},{"data":"Guardian:TemporalShield","floor":27.0,"key":"SMITH"},{"data":"Guardian:TemporalShield","floor":30.0,"key":"SMITH"},{"floor":32.0,"key":"RECALL"},{"data":"Guardian:Strike_Guardian","floor":45.0,"key":"SMITH"},{"data":"Guardian:TimeSifter","floor":49.0,"key":"SMITH"},{"data":"Guardian:Defend_Guardian","floor":52,"key":"SMITH"}],"circlet_count":0,"master_deck":["Guardian:Strike_Guardian+1","Guardian:Strike_Guardian+1","Guardian:Strike_Guardian+1","Guardian:Defend_Guardian+1","Guardian:CurlUp+1","Guardian:TwinSlam+1","Dramatic Entrance+1","Guardian:TemporalShield+1","Guardian:TemporalShield+1","Guardian:MultiBeam+1","Guardian:ArmoredProtocol+1","Guardian:ShieldCharger+1","Guardian:TimeSifter+1","Guardian:BronzeOrb+1","Guardian:Suspension+1","Guardian:StasisField+1","Guardian:SentryBeam+1","Guardian:GemFinder+1","CurseOfTheBell","Guardian:BodySlam+1","Slimebound:DuplicatedForm+1","Guardian:ShieldCharger+1","Guardian:PiercingHide+1","Guardian:FloatingOrbs+1","Guardian:FierceBash+1","Guardian:TemporalStrike+1","Guardian:FuturePlans+1","Guardian:SentryBeam+1","Guardian:Suspension+1","Guardian:PiercingHide+1","Guardian:Incinerate+1","Guardian:PrismaticBeam+1","Guardian:ShieldCharger+1","Guardian:ShieldSpikes+1","Guardian:ShieldCharger+1","Guardian:MultiBeam+1"],"relics":["Guardian:ModeShifterPlus","Hammer of Thor","Seething Fire","Anvil of the Gods","Bird Faced Urn","Chemical X","Torii","Medical Kit","Molten Egg 2","hexamod:BolsterEngine","Calling Bell","Blood Vial","The Courier","CaptainsWheel","sneckomod:BlankCard","Toy Ornithopter","Guardian:PocketSentry","Unceasing Top","Anchor","Whetstone","hexamod:CandleOfCauterizing","StoneCalendar","Toxic Egg 2","FossilizedHelix"],"acts_visited":["Exordium","TheCity","TheBeyond","TheEnding"],"potions_floor_usage":[55],"damage_taken":[{"damage":0.0,"enemies":"2 Louse","floor":1.0,"turns":2.0},{"damage":0.0,"enemies":"Small Slimes","floor":3.0,"turns":4.0},{"damage":9.0,"enemies":"Gremlin Nob","floor":7.0,"turns":5.0},{"damage":0.0,"enemies":"Cultist","floor":11.0,"turns":3.0},{"damage":0.0,"enemies":"2 Fungi Beasts","floor":12.0,"turns":1.0},{"damage":0.0,"enemies":"Exordium Wildlife","floor":13.0,"turns":1.0},{"damage":0.0,"enemies":"3 Louse","floor":14.0,"turns":1.0},{"damage":1.0,"enemies":"Hexaghost","floor":16.0,"turns":9.0},{"damage":0.0,"enemies":"Spheric Guardian","floor":18.0,"turns":3.0},{"damage":1.0,"enemies":"Shell Parasite","floor":19.0,"turns":5.0},{"damage":0.0,"enemies":"3 Cultists","floor":22.0,"turns":3.0},{"damage":15.0,"enemies":"Gremlin Leader","floor":28.0,"turns":4.0},{"damage":1.0,"enemies":"Chosen and Byrds","floor":29.0,"turns":6.0},{"damage":0.0,"enemies":"Book of Stabbing","floor":31.0,"turns":4.0},{"damage":28.0,"enemies":"Automaton","floor":33.0,"turns":8.0},{"damage":0.0,"enemies":"3 Shapes","floor":35.0,"turns":3.0},{"damage":15.0,"enemies":"Orb Walker","floor":36.0,"turns":4.0},{"damage":15.0,"enemies":"Spire Growth","floor":38.0,"turns":5.0},{"damage":15.0,"enemies":"Giant Head","floor":40.0,"turns":5.0},{"damage":16.0,"enemies":"Writhing Mass","floor":41.0,"turns":3.0},{"damage":0.0,"enemies":"Nemesis","floor":42.0,"turns":7.0},{"damage":0.0,"enemies":"3 Darklings","floor":44.0,"turns":3.0},{"damage":0.0,"enemies":"Sphere and 2 Shapes","floor":46.0,"turns":2.0},{"damage":15,"enemies":"Awakened One","floor":50,"turns":9},{"damage":15,"enemies":"Shield and Spear","floor":54,"turns":7},{"damage":30,"enemies":"The Heart","floor":55,"turns":9}],"seed_played":"-4039170430441861463","potions_obtained":[{"floor":1.0,"key":"FairyPotion"},{"floor":11.0,"key":"Block Potion"},{"floor":14.0,"key":"Explosive Potion"},{"floor":16.0,"key":"EntropicBrew"},{"floor":33.0,"key":"LiquidMemories"},{"floor":38.0,"key":"Dexterity Potion"}],"is_trial":false,"path_per_floor":["M","?","M","?","$","R","E","?","T","R","M","M","M","M","R","B",null,"M","M","?","?","M","R","?","R","T","R","E","M","R","E","R","B",null,"M","M","$","M","$","E","M","E","T","M","R","M","$","T","R","B",null,"R","$","E","B",null],"character_chosen":"GUARDIAN","items_purchased":["Dramatic Entrance","Chemical X","Medical Kit","Guardian:Gem_Cyan","Guardian:TemporalShield","Block Potion","Guardian:Gem_Yellow","Anchor","Whetstone","Guardian:Gem_Purple","Guardian:SentryBeam+1","Guardian:ShieldCharger+1"],"campfire_rested":0,"item_purchase_floors":[0,0,0,0,0,0,5,37,37,37,37,53],"current_hp_per_floor":[40,24,24,24,24,24,15,15,15,15,17,17,17,17,17,20,65,69,76,76,47,49,49,49,49,49,49,57,64,64,68,68,70,78,80,80,80,80,80,80,80,80,80,80,80,80,80,80,80,80,80,80,80,80,71],"gold":63,"neow_bonus":"","is_daily":false,"chose_seed":false,"campfire_upgraded":10,"win_rate":0.0,"timestamp":1612977525,"path_taken":["M","?","M","?","$","R","E","?","T","R","M","?","M","M","R","BOSS","M","M","?","?","?","R","?","R","T","R","E","M","R","E","R","BOSS","M","M","$","M","$","E","M","E","T","M","R","M","$","?","R","BOSS","R","$","E","BOSS"],"items_purchased_type":["Card","Relic","Relic","Card","Card","Potion","Card","Relic","Relic","Card","Card","Card"],"build_version":"2020-12-22","purchased_purges":4,"victory":true,"max_hp_per_floor":[80,80,80,80,80,80,80,80,80,80,80,80,80,80,80,80,80,80,80,80,80,80,80,80,80,80,80,80,80,80,80,80,80,80,80,80,80,80,80,80,80,80,80,80,80,80,80,80,80,80,80,80,80,80,80],"relic_stats":{"Blood Vial":16,"Torii":6,"counters":[351,1603],"Bird Faced Urn":[93],"StoneCalendar":[101],"Chemical X":[30],"Whetstone":["Guardian:Strike_Guardian","Guardian:Strike_Guardian"],"Medical Kit":[8],"obtain_stats":[{"Ginger":54,"Whetstone":54,"Bottled Tornado":44,"Boot":9,"Old Coin":24,"Guardian:PickAxe":3,"Blood Vial":43,"Sundial":42,"MealTicket":41,"Kunai":23,"Guardian:DefensiveModeMoreBlock":26,"MerchantsRug":53,"Blue Candle":40,"Eternal Feather":26,"Pen Nib":54,"Guardian:PocketSentry":8,"Akabeko":44,"Bird Faced Urn":0,"Pandora\u0027s Box":17,"StrikeDummy":48,"Unceasing Top":43,"Lantern":31,"Torii":0,"sneckomod:BlankCard":48,"Guardian:StasisCodex":9,"StoneCalendar":42,"Bag of Preparation":20,"Ancient Tea Set":9,"Smiling Mask":24,"Matryoshka":20,"Toolbox":0,"WingedGreaves":7,"Chemical X":0,"Potion Belt":7,"Lee\u0027s Waffle":0,"Guardian:GemstoneGun":0,"bronze:DecasWashers":43,"Thread and Needle":0,"PreservedInsect":43,"The Courier":40,"champ:DeflectingBracers":0,"Omamori":7,"Seething Fire":0,"Frozen Egg 2":9,"MawBank":45,"bronze:BronzeIdol":11,"Ornamental Fan":7,"Art of War":40,"Bottled Lightning":20,"hexamod:BolsterEngine":30,"Toy Ornithopter":31,"Ice Cream":37,"champ:DuelingGlove":29,"Gremlin Horn":0,"Nilry\u0027s Codex":19,"CeramicFish":7,"Vajra":9,"Hammer of Thor":0,"Sozu":17,"Lizard Tail":46,"Centennial Puzzle":46,"Strawberry":26,"Philosopher\u0027s Stone":17,"Toxic Egg 2":6,"Guardian:BottledStasis":41,"Happy Flower":54,"Astrolabe":17,"Guardian:ModeShifter":0,"Oddly Smooth Stone":42,"War Paint":0,"sneckomod:SneckoTalon":34,"Du-Vu Doll":46,"OrangePellets":45,"Bottled Flame":54,"Anvil of the Gods":0,"Shuriken":12,"Bronze Scales":23,"Molten Egg 2":7,"Slimebound:PreparedRelic":0,"Black Star":17,"Nloth\u0027s Gift":19,"bronze:MakeshiftBattery":17,"Meat on the Bone":29,"Pocketwatch":39,"Darkstone Periapt":25,"Guardian:ModeShifterPlus":34,"SacredBark":34,"Mango":0,"Incense Burner":36,"Juzu Bracelet":29,"ClockworkSouvenir":0,"Dream Catcher":27,"Nunchaku":55,"Mummified Hand":37,"Slimebound:StickyStick":0,"Gambling Chip":0,"Tiny Chest":26,"Red Mask":47,"bronze:DonusWashers":0,"hexamod:CandleOfCauterizing":40,"hexamod:Sixitude":27,"Orichalcum":44,"Odd Mushroom":10,"Medical Kit":0,"White Beast Statue":14,"Peace Pipe":0,"Calling Bell":17,"Guardian:StasisUpgradeRelic":0,"CaptainsWheel":44,"Anchor":46,"Coffee Dripper":34,"Bag of Marbles":0,"Membership Card":20,"FossilizedHelix":0,"TungstenRod":30},{"Ginger":60,"Whetstone":87,"Bottled Tornado":21,"Boot":92,"Old Coin":279,"Guardian:PickAxe":2,"Blood Vial":54,"Sundial":216,"MealTicket":54,"Kunai":12,"Guardian:DefensiveModeMoreBlock":279,"MerchantsRug":86,"Blue Candle":187,"Eternal Feather":48,"Pen Nib":60,"Guardian:PocketSentry":3,"Akabeko":55,"Bird Faced Urn":0,"Pandora\u0027s Box":124,"StrikeDummy":23,"Unceasing Top":111,"Lantern":16,"Torii":224,"sneckomod:BlankCard":220,"Guardian:StasisCodex":3,"StoneCalendar":346,"Bag of Preparation":46,"Ancient Tea Set":39,"Smiling Mask":48,"Matryoshka":46,"Toolbox":300,"WingedGreaves":30,"Chemical X":325,"Potion Belt":92,"Lee\u0027s Waffle":249,"Guardian:GemstoneGun":194,"bronze:DecasWashers":216,"Thread and Needle":61,"PreservedInsect":21,"The Courier":110,"champ:DeflectingBracers":194,"Omamori":39,"Seething Fire":0,"Frozen Egg 2":254,"MawBank":137,"bronze:BronzeIdol":200,"Ornamental Fan":120,"Art of War":54,"Bottled Lightning":99,"hexamod:BolsterEngine":181,"Toy Ornithopter":314,"Ice Cream":108,"champ:DuelingGlove":209,"Gremlin Horn":194,"Nilry\u0027s Codex":203,"CeramicFish":296,"Vajra":296,"Hammer of Thor":0,"Sozu":149,"Lizard Tail":57,"Centennial Puzzle":291,"Strawberry":129,"Philosopher\u0027s Stone":7,"Toxic Egg 2":171,"Guardian:BottledStasis":20,"Happy Flower":167,"Astrolabe":69,"Guardian:ModeShifter":0,"Oddly Smooth Stone":21,"War Paint":26,"sneckomod:SneckoTalon":241,"Du-Vu Doll":57,"OrangePellets":188,"Bottled Flame":25,"Anvil of the Gods":0,"Shuriken":94,"Bronze Scales":101,"Molten Egg 2":228,"Slimebound:PreparedRelic":294,"Black Star":44,"Nloth\u0027s Gift":125,"bronze:MakeshiftBattery":276,"Meat on the Bone":104,"Pocketwatch":186,"Darkstone Periapt":102,"Guardian:ModeShifterPlus":17,"SacredBark":263,"Mango":26,"Incense Burner":19,"Juzu Bracelet":49,"ClockworkSouvenir":61,"Dream Catcher":103,"Nunchaku":223,"Mummified Hand":134,"Slimebound:StickyStick":300,"Gambling Chip":224,"Tiny Chest":206,"Red Mask":22,"bronze:DonusWashers":224,"hexamod:CandleOfCauterizing":344,"hexamod:Sixitude":261,"Orichalcum":112,"Odd Mushroom":147,"Medical Kit":325,"White Beast Statue":68,"Peace Pipe":88,"Calling Bell":333,"Guardian:StasisUpgradeRelic":34,"CaptainsWheel":55,"Anchor":114,"Coffee Dripper":78,"Bag of Marbles":294,"Membership Card":71,"FossilizedHelix":88,"TungstenRod":131},{"Ginger":315,"Whetstone":428,"Bottled Tornado":118,"Boot":452,"Old Coin":1283,"Guardian:PickAxe":6,"Blood Vial":291,"Sundial":988,"MealTicket":291,"Kunai":60,"Guardian:DefensiveModeMoreBlock":1283,"MerchantsRug":424,"Blue Candle":852,"Eternal Feather":265,"Pen Nib":315,"Guardian:PocketSentry":9,"Akabeko":294,"Bird Faced Urn":0,"Pandora\u0027s Box":588,"StrikeDummy":135,"Unceasing Top":544,"Lantern":84,"Torii":1030,"sneckomod:BlankCard":1003,"Guardian:StasisCodex":9,"StoneCalendar":1573,"Bag of Preparation":258,"Ancient Tea Set":232,"Smiling Mask":265,"Matryoshka":258,"Toolbox":1380,"WingedGreaves":172,"Chemical X":1488,"Potion Belt":452,"Lee\u0027s Waffle":1159,"Guardian:GemstoneGun":896,"bronze:DecasWashers":988,"Thread and Needle":323,"PreservedInsect":118,"The Courier":540,"champ:DeflectingBracers":896,"Omamori":232,"Seething Fire":0,"Frozen Egg 2":1175,"MawBank":646,"bronze:BronzeIdol":923,"Ornamental Fan":575,"Art of War":291,"Bottled Lightning":488,"hexamod:BolsterEngine":822,"Toy Ornithopter":1430,"Ice Cream":532,"champ:DuelingGlove":953,"Gremlin Horn":896,"Nilry\u0027s Codex":934,"CeramicFish":1364,"Vajra":1364,"Hammer of Thor":0,"Sozu":700,"Lizard Tail":303,"Centennial Puzzle":1337,"Strawberry":609,"Philosopher\u0027s Stone":33,"Toxic Egg 2":784,"Guardian:BottledStasis":111,"Happy Flower":769,"Astrolabe":360,"Guardian:ModeShifter":0,"Oddly Smooth Stone":118,"War Paint":157,"sneckomod:SneckoTalon":1110,"Du-Vu Doll":303,"OrangePellets":858,"Bottled Flame":152,"Anvil of the Gods":0,"Shuriken":464,"Bronze Scales":497,"Molten Egg 2":1046,"Slimebound:PreparedRelic":1356,"Black Star":252,"Nloth\u0027s Gift":593,"bronze:MakeshiftBattery":1278,"Meat on the Bone":511,"Pocketwatch":845,"Darkstone Periapt":502,"Guardian:ModeShifterPlus":96,"SacredBark":1221,"Mango":157,"Incense Burner":108,"Juzu Bracelet":269,"ClockworkSouvenir":323,"Dream Catcher":506,"Nunchaku":1021,"Mummified Hand":634,"Slimebound:StickyStick":1380,"Gambling Chip":1030,"Tiny Chest":943,"Red Mask":126,"bronze:DonusWashers":1030,"hexamod:CandleOfCauterizing":1563,"hexamod:Sixitude":1209,"Orichalcum":549,"Odd Mushroom":693,"Medical Kit":1488,"White Beast Statue":347,"Peace Pipe":437,"Calling Bell":1514,"Guardian:StasisUpgradeRelic":201,"CaptainsWheel":294,"Anchor":555,"Coffee Dripper":393,"Bag of Marbles":1356,"Membership Card":368,"FossilizedHelix":437,"TungstenRod":618}],"Toy Ornithopter":8,"Unceasing Top":[32]},"card_choices":[{"not_picked":["Guardian:Recover","Guardian:Emergency"],"picked":"Guardian:TemporalShield","floor":1.0},{"not_picked":["Guardian:TemporalStrike","Guardian:Planning","Guardian:Reroute"],"picked":"SKIP","floor":3.0},{"not_picked":["Guardian:StasisField","Guardian:PrimingBeam+1"],"picked":"Guardian:MultiBeam+1","floor":7.0},{"not_picked":["Guardian:TemporalStrike+1","Guardian:Incinerate+1"],"picked":"Guardian:BronzeOrb+1","floor":11.0},{"not_picked":["Guardian:EvasiveProtocol","Guardian:Gem_Blue"],"picked":"Guardian:Suspension","floor":12.0},{"not_picked":["Guardian:Reroute+1","Guardian:ShieldCharger"],"picked":"Guardian:StasisField","floor":13.0},{"not_picked":["Guardian:Gem_Red","Guardian:CrystalBeam+1"],"picked":"Guardian:SentryBeam+1","floor":14.0},{"not_picked":["Guardian:ExploitGems","Guardian:StasisField"],"picked":"Guardian:GemFinder","floor":16.0},{"not_picked":["Guardian:Reroute+1","Guardian:TemporalShield","Guardian:TemporalStrike+1"],"picked":"SKIP","floor":18.0},{"not_picked":["Guardian:Gem_Lightblue","Guardian:Gem_Green"],"picked":"Guardian:Gem_Red","floor":19.0},{"not_picked":["Guardian:TimeBomb+1","Guardian:Emergency"],"picked":"Guardian:BodySlam+1","floor":19.0},{"not_picked":["Guardian:Clone","Guardian:VentSteam+1"],"picked":"Guardian:ShieldCharger+1","floor":22.0},{"not_picked":["Guardian:Gem_Red","Guardian:Gem_Green"],"picked":"Guardian:Gem_Cyan","floor":28.0},{"not_picked":["Guardian:ConstructionForm","Guardian:PrimingBeam+1"],"picked":"Guardian:Gem_Crimson","floor":28.0},{"not_picked":["Guardian:Reroute+1","Guardian:RollAttack+1"],"picked":"Guardian:PiercingHide+1","floor":29.0},{"not_picked":["Guardian:PrimingBeam+1","Guardian:Harden"],"picked":"Guardian:FloatingOrbs+1","floor":31.0},{"not_picked":["Guardian:HyperBeam_Guardian+1","Guardian:TimeSifter"],"picked":"Guardian:FierceBash+1","floor":33.0},{"not_picked":["Guardian:Gem_Green","Guardian:Gem_Red"],"picked":"Guardian:Gem_Cyan","floor":33.0},{"not_picked":["Guardian:TemporalShield","Guardian:Gem_Red"],"picked":"Guardian:TemporalStrike+1","floor":35.0},{"not_picked":["Guardian:Gem_Green","Guardian:Gem_Lightblue"],"picked":"Guardian:Gem_Cyan","floor":36.0},{"not_picked":["Guardian:Gem_Cyan","Guardian:Incinerate+1"],"picked":"Guardian:FuturePlans+1","floor":36.0},{"not_picked":["Guardian:CompilePackage","Guardian:Gem_Green"],"picked":"Guardian:Suspension+1","floor":38.0},{"not_picked":["Guardian:Gem_Lightblue","Guardian:EvasiveProtocol+1"],"picked":"Guardian:PiercingHide+1","floor":40.0},{"not_picked":["Guardian:PiercingHide+1","Guardian:StasisField"],"picked":"Guardian:Incinerate+1","floor":41.0},{"not_picked":["Guardian:Gem_Green","Guardian:Gem_Lightblue"],"picked":"Guardian:Gem_Cyan","floor":41.0},{"not_picked":["Guardian:Gem_Green","Guardian:Clone+1"],"picked":"Guardian:PrismaticBeam+1","floor":42.0},{"not_picked":["Guardian:Gem_Green","Guardian:Gem_Red"],"picked":"Guardian:Gem_Cyan","floor":42.0},{"not_picked":["Guardian:Gem_Lightblue","Guardian:Gem_Green"],"picked":"Guardian:Gem_Cyan","floor":44.0},{"not_picked":["Guardian:Gem_Crimson","Guardian:Gem_Lightblue"],"picked":"Guardian:ShieldCharger+1","floor":44.0},{"not_picked":["Guardian:Reroute+1","Guardian:Suspension"],"picked":"Guardian:ShieldSpikes+1","floor":46.0},{"not_picked":["Guardian:EvasiveProtocol","Guardian:PrimingBeam+1"],"picked":"Guardian:MultiBeam+1","floor":54}],"player_experience":1048309,"relics_obtained":[{"floor":7.0,"key":"Molten Egg 2"},{"floor":9.0,"key":"hexamod:BolsterEngine"},{"floor":17.0,"key":"Blood Vial"},{"floor":17.0,"key":"The Courier"},{"floor":17.0,"key":"CaptainsWheel"},{"floor":26.0,"key":"Toy Ornithopter"},{"floor":28.0,"key":"Guardian:PocketSentry"},{"floor":31.0,"key":"Unceasing Top"},{"floor":40.0,"key":"hexamod:CandleOfCauterizing"},{"floor":42.0,"key":"StoneCalendar"},{"floor":48.0,"key":"Toxic Egg 2"},{"floor":54,"key":"FossilizedHelix"}],"event_choices":[{"damage_healed":40.0,"max_hp_gain":0.0,"max_hp_loss":80.0,"gold_gain":0.0,"event_name":"betterThird:BetterShining","player_choice":"Upgrade","floor":2.0,"gold_loss":0.0,"damage_taken":16.0,"cards_upgraded":["Guardian:TwinSlam","Dramatic Entrance"]},{"cards_removed":["Guardian:Defend_Guardian"],"damage_healed":0.0,"max_hp_gain":0.0,"max_hp_loss":0.0,"gold_gain":0.0,"event_name":"The Cleric","player_choice":"Card Removal","floor":4.0,"gold_loss":50.0,"damage_taken":0.0},{"damage_healed":0.0,"max_hp_gain":0.0,"max_hp_loss":0.0,"gold_gain":0.0,"event_name":"Match and Keep!","player_choice":"3 cards matched","floor":8.0,"gold_loss":0.0,"damage_taken":0.0,"cards_obtained":["Guardian:ArmoredProtocol","Guardian:ShieldCharger","Guardian:TimeSifter"]},{"cards_removed":["Dramatic Entrance"],"damage_healed":0.0,"max_hp_gain":0.0,"max_hp_loss":0.0,"gold_gain":0.0,"event_name":"betterNote:BetterNote","player_choice":"Take \u0026 Give","floor":20.0,"gold_loss":0.0,"damage_taken":0.0,"cards_obtained":["Slimebound:DuplicatedForm"]},{"damage_healed":0.0,"max_hp_gain":0.0,"max_hp_loss":0.0,"gold_gain":0.0,"event_name":"betterSkull:BetterSkull","player_choice":"UP RE ","floor":21.0,"gold_loss":0.0,"damage_taken":33.0,"cards_upgraded":["Guardian:ShieldCharger"],"relics_obtained":["sneckomod:BlankCard"]},{"damage_healed":0.0,"max_hp_gain":0.0,"max_hp_loss":0.0,"gold_gain":0.0,"event_name":"Wheel of Change","player_choice":"Cursed","floor":24.0,"gold_loss":0.0,"damage_taken":0.0,"cards_obtained":["Decay"]}],"is_beta":false,"boss_relics":[{"not_picked":["sneckomod:SneckoTalon","Tiny House"],"picked":"Calling Bell"},{"not_picked":["SlaversCollar","Pandora\u0027s Box"],"picked":"Guardian:ModeShifterPlus"}],"items_purged_floors":[0,0,37,47],"is_endless":false,"potions_floor_spawned":[1,11,14,16,29,33,38,40,42],"ascension_level":9}}