{"host":"sxnl403xm2xmiyj1","time":1612974927,"event":{"mods":["AchievementEnabler","BaseMod","Colored Map","Keyboard Shortcuts","Minty Spire (QoL Compilation)","Quick Restart","StSLib","SuperFastMode"],"gold_per_floor":[116,132,4,18,28,56,56,389,389,33,49,49,67,96,96,172,172,187,187,21,35,47,81,81,81,81],"floor_reached":25,"language":"KOR","playtime":650,"items_purged":["Strike_G","Strike_G"],"score":532,"play_id":"5c3492e5-918f-4288-b7e8-6b0a9d72a989","local_time":"20210211013527","is_ascension_mode":true,"campfire_choices":[{"data":"Noxious Fumes","floor":7.0,"key":"SMITH"},{"floor":12.0,"key":"REST"},{"data":"Calculated Gamble","floor":15.0,"key":"SMITH"}],"circlet_count":0,"master_deck":["AscendersBane","Strike_G+1","Strike_G+1","Strike_G+1","Defend_G+1","Defend_G+1","Defend_G+1","Defend_G+1","Defend_G+1","Survivor","Neutralize","Bane","Bane","Deadly Poison","Deadly Poison","Cloak And Dagger","Noxious Fumes+1","Escape Plan","Backflip","Blur","Calculated Gamble+1","Blur","Backflip","Dagger Throw","Bandage Up","Blur","Deflect","Bane","Envenom","Bane","Noxious Fumes","Backflip","Prepared","Underhanded Strike","Catalyst","Prepared+1"],"relics":["Ring of the Snake","Pear","Old Coin","CaptainsWheel","Orrery","Shovel","Snake Skull"],"acts_visited":["Exordium","TheCity"],"potions_floor_usage":[23],"damage_taken":[{"damage":0.0,"enemies":"Cultist","floor":1.0,"turns":4.0},{"damage":1.0,"enemies":"Jaw Worm","floor":2.0,"turns":4.0},{"damage":1.0,"enemies":"2 Louse","floor":4.0,"turns":3.0},{"damage":3.0,"enemies":"Exordium Thugs","floor":5.0,"turns":4.0},{"damage":39.0,"enemies":"Gremlin Nob","floor":6.0,"turns":4.0},{"damage":16.0,"enemies":"Lagavulin","floor":8.0,"turns":5.0},{"damage":4.0,"enemies":"3 Louse","floor":11.0,"turns":6.0},{"damage":0.0,"enemies":"2 Fungi Beasts","floor":13.0,"turns":5.0},{"damage":0.0,"enemies":"3 Sentries","floor":14.0,"turns":9.0},{"damage":13.0,"enemies":"Slime Boss","floor":16.0,"turns":11.0},{"damage":6.0,"enemies":"Shell Parasite","floor":18.0,"turns":7.0},{"damage":11.0,"enemies":"3 Byrds","floor":21.0,"turns":6.0},{"damage":9,"enemies":"Centurion and Healer","floor":22,"turns":8},{"damage":68,"enemies":"Gremlin Leader","floor":23,"turns":9},{"damage":0,"enemies":"Slavers","floor":25,"turns":1}],"seed_played":"-4609952594506340654","potions_obtained":[{"floor":2.0,"key":"FairyPotion"},{"floor":5.0,"key":"Energy Potion"},{"floor":6.0,"key":"Dexterity Potion"},{"floor":16.0,"key":"Dexterity Potion"},{"floor":23,"key":"LiquidBronze"}],"is_trial":false,"path_per_floor":["M","M","$","M","M","E","R","E","T","$","M","R","M","E","R","B",null,"M","?","$","M","M","E","?","E"],"character_chosen":"THE_SILENT","items_purchased":["Deadly Poison","Orrery","Bandage Up","Noxious Fumes","Backflip","Prepared"],"campfire_rested":1,"item_purchase_floors":[3,10,10,20,20,20],"current_hp_per_floor":[59,58,58,57,54,25,25,9,9,9,9,31,35,39,39,30,65,63,52,52,45,40,4,4,4,4],"gold":81,"neow_bonus":"THREE_CARDS","is_daily":false,"chose_seed":false,"campfire_upgraded":2,"win_rate":0.0,"timestamp":1612974927,"path_taken":["M","M","$","?","M","E","R","E","T","?","M","R","M","E","R","BOSS","M","?","$","?","M","E","?","E"],"items_purchased_type":["Card","Relic","Card","Card","Card","Card"],"build_version":"2020-12-22","purchased_purges":2,"victory":false,"max_hp_per_floor":[66,66,66,66,66,76,76,76,76,76,76,76,76,76,76,76,76,76,76,76,76,76,76,76,76,76],"card_choices":[{"not_picked":["PiercingWail","Expertise"],"picked":"Bane","floor":0.0},{"not_picked":["PiercingWail","Underhanded Strike"],"picked":"Bane","floor":1.0},{"not_picked":["Expertise","PiercingWail"],"picked":"Deadly Poison","floor":2.0},{"not_picked":["Sucker Punch","Flying Knee"],"picked":"Cloak And Dagger","floor":4.0},{"not_picked":["Concentrate","A Thousand Cuts"],"picked":"Noxious Fumes","floor":5.0},{"not_picked":["Quick Slash","Flying Knee"],"picked":"Escape Plan","floor":6.0},{"not_picked":["Quick Slash","Predator"],"picked":"Backflip","floor":8.0},{"not_picked":["Acrobatics","Phantasmal Killer"],"picked":"Blur","floor":10.0},{"not_picked":["Setup","Flying Knee"],"picked":"Calculated Gamble","floor":10.0},{"not_picked":["Backflip","Predator"],"picked":"Blur","floor":10.0},{"not_picked":["Cloak And Dagger","Distraction"],"picked":"Backflip","floor":10.0},{"not_picked":["Eviscerate","Concentrate"],"picked":"Dagger Throw","floor":10.0},{"not_picked":["Dodge and Roll","Underhanded Strike"],"picked":"Blur","floor":11.0},{"not_picked":["Dagger Spray","Blade Dance"],"picked":"Deflect","floor":13.0},{"not_picked":["Outmaneuver","Cloak And Dagger"],"picked":"Bane","floor":14.0},{"not_picked":["Tools of the Trade","Burst"],"picked":"Envenom","floor":16.0},{"not_picked":["Expertise","Blade Dance"],"picked":"Bane","floor":18.0},{"not_picked":["Distraction","All Out Attack"],"picked":"Underhanded Strike","floor":21.0},{"not_picked":["Terror","Sucker Punch"],"picked":"Catalyst","floor":22},{"not_picked":["Quick Slash","Terror"],"picked":"Prepared+1","floor":23}],"player_experience":210426,"relics_obtained":[{"floor":6.0,"key":"Pear"},{"floor":8.0,"key":"Old Coin"},{"floor":9.0,"key":"CaptainsWheel"},{"floor":14.0,"key":"Shovel"},{"floor":23,"key":"Snake Skull"}],"event_choices":[{"damage_healed":0.0,"max_hp_gain":0.0,"max_hp_loss":0.0,"gold_gain":0.0,"event_name":"Wheel of Change","player_choice":"Damaged","floor":19.0,"gold_loss":0.0,"damage_taken":11.0},{"damage_healed":0,"gold_gain":0,"player_choice":"Simplicity","damage_taken":0,"max_hp_gain":0,"max_hp_loss":0,"event_name":"Back to Basics","floor":24,"gold_loss":0,"cards_upgraded":["Strike_G","Strike_G","Strike_G","Defend_G","Defend_G","Defend_G","Defend_G","Defend_G"]}],"is_beta":false,"boss_relics":[{"not_picked":[]}],"items_purged_floors":[3,10],"is_endless":false,"potions_floor_spawned":[2,5,6,16,18,23],"killed_by":"Slavers","ascension_level":16}}