{"host":"jgqxb38yl0c1w101","time":1612995853,"event":{"mods":["2.2 Compatiblity","AchievementEnabler","BaseMod","Colored Map","Downfall","Highlight Path","Hubris","Minty Spire (QoL Compilation)","Monster B Gone","Random Character Button","Relic Stats","Replay The Spire","StSLib"],"gold_per_floor":[99,113,123,134,64,80,107,133,33,50,50,69,94,114,130,130,130],"floor_reached":16,"language":"ENG","playtime":908,"items_purged":[],"score":158,"play_id":"a9e27ca8-7fca-4304-a06e-271b6840f8f6","local_time":"20210210172413","is_ascension_mode":true,"campfire_choices":[{"floor":1,"key":"RECALL"},{"data":"True Grit","floor":9,"key":"SMITH"},{"data":"Armaments","floor":11,"key":"SMITH"}],"circlet_count":0,"master_deck":["Strike_R","Strike_R","Strike_R","Strike_R","Strike_R","Defend_R","Defend_R","Defend_R","Defend_R","Bash","Intimidate","Thunderclap","True Grit+1","Impervious","ReplayTheSpireMod:Limb From Limb+1","Twin Strike","Inflame","Armaments+1","Shrug It Off","Wild Strike","True Grit"],"relics":["Burning Blood","Snack Pack","downfall:HeartBlessingRed","Thread and Needle"],"acts_visited":["Exordium"],"potions_floor_usage":[16,16],"damage_taken":[{"damage":1,"enemies":"Cultist","floor":2,"turns":3},{"damage":4,"enemies":"Small Slimes","floor":3,"turns":4},{"damage":4,"enemies":"Jaw Worm","floor":4,"turns":3},{"damage":0,"enemies":"downfall:FleeingMerchant","floor":5,"turns":4},{"damage":14,"enemies":"3 Louse","floor":6,"turns":4},{"damage":25,"enemies":"3 Sentries","floor":8,"turns":8},{"damage":4,"enemies":"Exordium Wildlife","floor":10,"turns":3},{"damage":0,"enemies":"2 Fungi Beasts","floor":12,"turns":3},{"damage":47,"enemies":"Lagavulin","floor":13,"turns":9},{"damage":0,"enemies":"3 Louse","floor":14,"turns":4},{"damage":22,"enemies":"Exordium Thugs","floor":15,"turns":5},{"damage":30,"enemies":"DF_ARCHETYPE_STREAMLINE","floor":16,"turns":9}],"seed_played":"677127989302958397","potions_obtained":[{"floor":3,"key":"Languid Potion"},{"floor":4,"key":"Weak Potion"},{"floor":10,"key":"ElixirPotion"},{"floor":15,"key":"Fire Potion"}],"is_trial":false,"path_per_floor":["R","M","M","M","$","M","T","E","R","M","R","M","E","M","M","B"],"character_chosen":"IRONCLAD","items_purchased":["ReplayTheSpireMod:Limb From Limb+1"],"campfire_rested":0,"item_purchase_floors":[5],"current_hp_per_floor":[72,77,79,81,87,79,79,60,60,62,62,68,31,37,23,0,0],"gold":130,"neow_bonus":"TWENTY_PERCENT_HP_BONUS","is_daily":false,"chose_seed":false,"campfire_upgraded":2,"win_rate":0.0,"timestamp":1612995853,"path_taken":["R","M","M","M","$","M","T","E","R","M","R","M","E","M","M","BOSS"],"items_purchased_type":["Card"],"build_version":"2020-12-22","purchased_purges":0,"victory":false,"max_hp_per_floor":[96,96,96,96,96,96,96,96,96,96,96,96,96,96,96,96,96],"relic_stats":{"counters":[12,59],"obtain_stats":[{"downfall:HeartBlessingRed":9,"Thread and Needle":13,"Snack Pack":8,"Burning Blood":0},{"downfall:HeartBlessingRed":6,"Thread and Needle":9,"Snack Pack":6,"Burning Blood":0},{"downfall:HeartBlessingRed":26,"Thread and Needle":41,"Snack Pack":26,"Burning Blood":0}],"Burning Blood":66},"card_choices":[{"not_picked":["Clash","ReplayTheSpireMod:Strike From Hell"],"picked":"Intimidate","floor":2},{"not_picked":["Entrench","Clash"],"picked":"Thunderclap","floor":3},{"not_picked":["hubris:StunningStrike","Evolve"],"picked":"True Grit","floor":4},{"not_picked":["True Grit","Flex"],"picked":"Impervious","floor":5},{"not_picked":["Havoc","Rupture"],"picked":"Twin Strike","floor":6},{"not_picked":["hubris:ReadiedAction","Battle Trance"],"picked":"Inflame","floor":8},{"not_picked":["Clothesline","Sever Soul"],"picked":"Armaments","floor":10},{"not_picked":["Feel No Pain","Perfected Strike"],"picked":"Shrug It Off","floor":12},{"not_picked":["Clothesline","Dropkick"],"picked":"Wild Strike","floor":13},{"not_picked":["Blood for Blood","Headbutt","Armaments"],"picked":"SKIP","floor":14},{"not_picked":["Second Wind","hubris:SharpeningStone"],"picked":"True Grit","floor":15}],"player_experience":186239,"relics_obtained":[{"floor":8,"key":"Snack Pack"},{"floor":13,"key":"Thread and Needle"}],"event_choices":[],"is_beta":false,"boss_relics":[],"items_purged_floors":[],"is_endless":false,"potions_floor_spawned":[3,4,10,15],"killed_by":"DF_ARCHETYPE_STREAMLINE","ascension_level":3}}