{"host":"jqln3q8z91cyrmpl","time":1612944405,"event":{"mods":["AchievementEnabler","BaseMod","Colored Map","DeckTracker","Keyboard Shortcuts","Minty Spire (QoL Compilation)","SuperFastMode"],"gold_per_floor":[117,117,117,134,150,150,75,75,75,21,37,56,88,102,102,174,174,184,96,115,115,133,133,467,484,484,495,395,395,413,288,288,288,288],"floor_reached":33,"language":"KOR","playtime":963,"items_purged":["Strike_G","Defend_G","Strike_G"],"score":444,"play_id":"d886fac8-25d7-42ee-a93f-e87dddadbfc8","local_time":"20210210170645","is_ascension_mode":true,"campfire_choices":[{"data":"Blade Dance","floor":6.0,"key":"SMITH"},{"data":"Deadly Poison","floor":8.0,"key":"SMITH"},{"data":"Neutralize","floor":15,"key":"SMITH"},{"data":"Catalyst","floor":23,"key":"SMITH"},{"floor":32,"key":"REST"}],"circlet_count":0,"master_deck":["AscendersBane","Strike_G","Defend_G","Defend_G","Defend_G","Survivor","Neutralize+1","Cloak And Dagger+1","Blade Dance+1","Deadly Poison+1","Dagger Spray","Envenom+1","Backflip","Impatience","Catalyst+1","Reflex"],"relics":["Ring of the Snake","NeowsBlessing","Shuriken","Ninja Scroll","Oddly Smooth Stone","Empty Cage","Old Coin","Sundial"],"acts_visited":["Exordium","TheCity"],"potions_floor_usage":[14,20,25,29,33],"damage_taken":[{"damage":0.0,"enemies":"2 Louse","floor":1.0,"turns":1.0},{"damage":0.0,"enemies":"Jaw Worm","floor":4.0,"turns":1.0},{"damage":0.0,"enemies":"Cultist","floor":5.0,"turns":1.0},{"damage":0.0,"enemies":"Red Slaver","floor":11.0,"turns":1.0},{"damage":0.0,"enemies":"Large Slime","floor":12.0,"turns":3.0},{"damage":2.0,"enemies":"3 Sentries","floor":13.0,"turns":4.0},{"damage":0,"enemies":"Lots of Slimes","floor":14,"turns":1},{"damage":14,"enemies":"The Guardian","floor":16,"turns":10},{"damage":5,"enemies":"Chosen","floor":18,"turns":3},{"damage":1,"enemies":"2 Thieves","floor":20,"turns":4},{"damage":8,"enemies":"Shelled Parasite and Fungi","floor":22,"turns":5},{"damage":28,"enemies":"Book of Stabbing","floor":24,"turns":5},{"damage":9,"enemies":"Cultist and Chosen","floor":25,"turns":6},{"damage":3,"enemies":"Centurion and Healer","floor":27,"turns":5},{"damage":0,"enemies":"Masked Bandits","floor":29,"turns":1},{"damage":0,"enemies":"3 Cultists","floor":30,"turns":4},{"damage":37,"enemies":"Automaton","floor":33,"turns":6}],"seed_played":"7829496170675836658","potions_obtained":[{"floor":4.0,"key":"Fruit Juice"},{"floor":11.0,"key":"AttackPotion"},{"floor":13.0,"key":"Explosive Potion"},{"floor":20,"key":"SmokeBomb"},{"floor":22,"key":"EssenceOfSteel"},{"floor":25,"key":"SpeedPotion"}],"is_trial":false,"path_per_floor":["M","?","?","M","M","R","$","R","T","?","M","M","E","M","R","B",null,"M","$","M","?","M","R","E","M","T","M","$","?","M","$","R","B"],"character_chosen":"THE_SILENT","items_purchased":["Impatience"],"campfire_rested":1,"item_purchase_floors":[19],"current_hp_per_floor":[63,56,56,61,61,61,61,61,61,61,61,61,59,59,59,45,68,63,63,62,62,54,54,26,17,17,14,14,14,14,14,36,0,0],"gold":288,"neow_bonus":"THREE_ENEMY_KILL","is_daily":false,"chose_seed":false,"campfire_upgraded":4,"win_rate":0.0,"timestamp":1612944405,"path_taken":["M","?","?","M","?","R","?","R","T","?","M","M","E","M","R","BOSS","M","?","?","?","M","R","E","?","T","M","$","?","M","$","R","BOSS"],"items_purchased_type":["Card"],"build_version":"2020-12-22","purchased_purges":3,"victory":false,"max_hp_per_floor":[70,70,70,75,75,75,75,75,75,75,75,75,75,75,75,75,75,75,75,75,75,75,75,75,75,75,75,75,75,75,75,75,75,75],"card_choices":[{"not_picked":["PiercingWail","Slice"],"picked":"Cloak And Dagger","floor":1.0},{"not_picked":["Endless Agony","Flying Knee"],"picked":"Blade Dance","floor":4.0},{"not_picked":["Backflip","Calculated Gamble"],"picked":"Deadly Poison","floor":5.0},{"not_picked":["Predator","Backstab"],"picked":"Dagger Spray","floor":11.0},{"not_picked":["Deflect","Night Terror","Dagger Spray"],"picked":"SKIP","floor":12.0},{"not_picked":["Quick Slash","Crippling Poison","Backstab"],"picked":"SKIP","floor":13.0},{"not_picked":["Masterful Stab","Cloak And Dagger","Flying Knee"],"picked":"SKIP","floor":14},{"not_picked":["A Thousand Cuts","Corpse Explosion"],"picked":"Envenom","floor":16},{"not_picked":["PiercingWail","Acrobatics"],"picked":"Backflip","floor":18},{"not_picked":["Sucker Punch","Dash","Dagger Throw"],"picked":"SKIP","floor":20},{"not_picked":["Deadly Poison","PiercingWail"],"picked":"Catalyst","floor":22},{"not_picked":["Bouncing Flask","Dagger Spray","Riddle With Holes"],"picked":"SKIP","floor":24},{"not_picked":["Outmaneuver","Deflect","Dodge and Roll"],"picked":"SKIP","floor":25},{"not_picked":["Bane+1","Backflip"],"picked":"Reflex","floor":27},{"not_picked":["Poisoned Stab","Skewer+1","Heel Hook"],"picked":"SKIP","floor":30}],"player_experience":429968,"relics_obtained":[{"floor":9.0,"key":"Shuriken"},{"floor":13.0,"key":"Oddly Smooth Stone"},{"floor":24,"key":"Old Coin"},{"floor":26,"key":"Sundial"}],"event_choices":[{"cards_removed":["Strike_G"],"damage_healed":0.0,"max_hp_gain":0.0,"max_hp_loss":0.0,"gold_gain":0.0,"event_name":"Golden Wing","player_choice":"Card Removal","floor":2.0,"gold_loss":0.0,"damage_taken":7.0},{"damage_healed":0.0,"max_hp_gain":0.0,"max_hp_loss":0.0,"gold_gain":0.0,"event_name":"Upgrade Shrine","player_choice":"Upgraded","floor":3.0,"gold_loss":0.0,"damage_taken":0.0,"cards_upgraded":["Cloak And Dagger"]},{"damage_healed":0.0,"max_hp_gain":0.0,"max_hp_loss":0.0,"gold_gain":0.0,"event_name":"WeMeetAgain","player_choice":"Paid Gold","floor":10.0,"gold_loss":54.0,"damage_taken":0.0,"relics_obtained":["Ninja Scroll"]},{"damage_healed":0,"gold_gain":0,"player_choice":"Forge","damage_taken":0,"max_hp_gain":0,"max_hp_loss":0,"event_name":"Accursed Blacksmith","floor":21,"gold_loss":0,"cards_upgraded":["Envenom"]},{"damage_healed":0,"gold_gain":0,"player_choice":"Fought Bandits","damage_taken":0,"max_hp_gain":0,"max_hp_loss":0,"event_name":"Masked Bandits","floor":29,"gold_loss":0}],"is_beta":false,"boss_relics":[{"not_picked":["Runic Dome","Ectoplasm"],"picked":"Empty Cage"}],"items_purged_floors":[7,28,31],"is_endless":false,"potions_floor_spawned":[4,11,13,20,22,25],"killed_by":"Automaton","ascension_level":13}}