{"host":"u0qetpmu4y58k1tf","time":1612970562,"event":{"mods":["AchievementEnabler","BaseMod","CapriCore","Colored Map","Colored Powertips","Hermit","Marisa£¨Ùöéë¡¡Øª×âÞÞ£©","Minty Spire (QoL Compilation)","Reliquary","Replay The Spire","StSLib","SuperFastMode","The Bug Knight","The Cursed","The Gatherer","The Hierophant","The Immortal","The Runesmith"],"gold_per_floor":[363,178,178,178,78,78,103,103,128,139,139,149,149,163,163,267,267,284,120,137,137,412,412,442,442,442,455,455,455,466,416,416,514,514,532,14,24,24,24],"floor_reached":38,"language":"KOR","playtime":1444,"items_purged":["Delirium","Strike_B","Defend_B","Defend_B"],"score":523,"play_id":"defbca26-36d1-4d5b-9a4c-5348006bba7c","local_time":"20210211002242","is_ascension_mode":true,"campfire_choices":[{"data":"Zap","floor":6,"key":"SMITH"},{"data":"Dualcast","floor":13,"key":"SMITH"},{"data":"Steam Power","floor":23,"key":"SMITH"},{"floor":25,"key":"RECALL"},{"data":"Turbo","floor":32,"key":"SMITH"}],"circlet_count":0,"master_deck":["Strike_B+1","Defend_B","Defend_B","Zap+1","Dualcast+1","FTL+1","Beam Cell","Trip+1","Conserve Battery","Beam Cell","Rainbow+1","All For One","Turbo+1","Steam Power+1","Steam+1","Go for the Eyes+1","Conserve Battery+1","Steam+1","Gash","Deep Breath","Panic Button+1","Go for the Eyes"],"relics":["Cracked Core","Pocketwatch","reliquary:Conveyor","Tiny Chest","GremlinMask","Empty Cage","reliquary:RoseTintedGlasses","Strawberry","reliquary:BallBearing","Inserter","Replay:Baseball"],"acts_visited":["Exordium","TheCity","TheBeyond"],"potions_floor_usage":[7,16,18,24,24,33,33,33,38],"damage_taken":[{"damage":4,"enemies":"Small Slimes","floor":1,"turns":3},{"damage":20,"enemies":"3 Sentries","floor":7,"turns":6},{"damage":2,"enemies":"Jaw Worm","floor":10,"turns":2},{"damage":0,"enemies":"Cultist","floor":12,"turns":3},{"damage":0,"enemies":"Looter","floor":14,"turns":2},{"damage":18,"enemies":"Hexaghost","floor":16,"turns":8},{"damage":8,"enemies":"2 Thieves","floor":18,"turns":2},{"damage":0,"enemies":"3 Byrds","floor":20,"turns":3},{"damage":21,"enemies":"Book of Stabbing","floor":24,"turns":4},{"damage":3,"enemies":"Sentry and Sphere","floor":27,"turns":3},{"damage":1,"enemies":"Centurion and Healer","floor":30,"turns":4},{"damage":6,"enemies":"Champ","floor":33,"turns":8},{"damage":27,"enemies":"3 Darklings","floor":35,"turns":7},{"damage":2,"enemies":"3 Shapes","floor":37,"turns":1},{"damage":59,"enemies":"2 Orb Walkers","floor":38,"turns":4}],"seed_played":"-2950574643791569810","potions_obtained":[{"floor":1,"key":"AttackPotion"},{"floor":10,"key":"Block Potion"},{"floor":12,"key":"Adrenaline Potion"},{"floor":14,"key":"Fire Potion"},{"floor":20,"key":"Swift Potion"},{"floor":24,"key":"Explosive Potion"},{"floor":27,"key":"FocusPotion"},{"floor":30,"key":"AttackPotion"},{"floor":35,"key":"FearPotion"},{"floor":37,"key":"Explosive Potion"}],"is_trial":false,"path_per_floor":["M","$","?","?","$","R","E","?","T","M","?","M","R","M","R_BF","B",null,"M","$","M","T","?","R","E","R","T","M","?","T","M","?","R","B",null,"M","$","M","?"],"character_chosen":"DEFECT","items_purchased":["Beam Cell","Trip","Steam Power","Gash","Deep Breath","Replay:Baseball","Panic Button+1","Go for the Eyes"],"campfire_rested":0,"item_purchase_floors":[2,2,19,36,36,36,36,36],"current_hp_per_floor":[71,71,59,59,59,59,39,24,24,22,22,22,22,22,44,26,75,67,67,67,67,67,67,53,53,53,50,50,50,49,49,49,43,82,55,55,53,0,0],"gold":24,"neow_bonus":"TWO_FIFTY_GOLD","is_daily":false,"chose_seed":false,"campfire_upgraded":4,"win_rate":0.0,"timestamp":1612970562,"path_taken":["M","$","?","?","?","R","E","?","T","?","?","?","R","M","R_BF","BOSS","M","$","M","?","?","R","E","R","T","?","?","?","M","?","R","BOSS","M","?","M","?"],"items_purchased_type":["Card","Card","Card","Card","Card","Relic","Card","Card"],"build_version":"2020-12-22","purchased_purges":4,"victory":false,"max_hp_per_floor":[75,75,75,75,75,75,75,75,75,75,75,75,75,75,75,75,75,75,75,75,75,75,75,82,82,82,82,82,82,82,82,82,82,82,82,82,82,82,82],"card_choices":[{"not_picked":["Doom and Gloom","Ball Lightning"],"picked":"FTL","floor":1},{"not_picked":["Redo","BasicCrystalCard","Undo"],"picked":"SKIP","floor":7},{"not_picked":["Rebound","Hologram"],"picked":"Conserve Battery","floor":10},{"not_picked":["Undo","Conserve Battery"],"picked":"Beam Cell","floor":12},{"not_picked":["Auto Shields","ReplayTheSpireMod:Reroute Power"],"picked":"Rainbow","floor":14},{"not_picked":["Core Surge","Electrodynamics"],"picked":"All For One","floor":16},{"not_picked":["Stack","Coolheaded"],"picked":"Turbo","floor":18},{"not_picked":["ReplayGash","Consume+1","BasicCrystalCard"],"picked":"SKIP","floor":20},{"not_picked":["Defragment","Time Bomb+1"],"picked":"Steam+1","floor":24},{"not_picked":["Storm","ReplaySolidLightProjector"],"picked":"Go for the Eyes+1","floor":27},{"not_picked":["Ball Lightning","Barrage"],"picked":"Conserve Battery+1","floor":30},{"not_picked":["Recycle","Undo+1"],"picked":"Steam+1","floor":35},{"not_picked":["Static Discharge+1","Stack+1","Compile Driver+1"],"picked":"SKIP","floor":37}],"player_experience":92328,"relics_obtained":[{"floor":7,"key":"reliquary:Conveyor"},{"floor":9,"key":"Tiny Chest"},{"floor":21,"key":"reliquary:RoseTintedGlasses"},{"floor":24,"key":"Strawberry"},{"floor":29,"key":"reliquary:BallBearing"}],"event_choices":[{"damage_healed":0,"gold_gain":0,"player_choice":"Success","damage_taken":12,"relics_obtained":["Pocketwatch"],"max_hp_gain":0,"max_hp_loss":0,"event_name":"Scrap Ooze","floor":3,"gold_loss":0},{"damage_healed":0,"gold_gain":0,"player_choice":"Entered Light","damage_taken":15,"max_hp_gain":0,"max_hp_loss":0,"event_name":"Shining Light","floor":8,"gold_loss":0,"cards_upgraded":["Strike_B","FTL"]},{"damage_healed":0,"gold_gain":0,"player_choice":"Trade","damage_taken":0,"relics_obtained":["GremlinMask"],"max_hp_gain":0,"max_hp_loss":0,"event_name":"FaceTrader","floor":11,"gold_loss":0},{"damage_healed":0,"gold_gain":275,"player_choice":"Desecrate","damage_taken":0,"max_hp_gain":0,"max_hp_loss":0,"event_name":"Golden Shrine","floor":22,"gold_loss":0,"cards_obtained":["Regret"]},{"cards_removed":["Regret"],"damage_healed":0,"gold_gain":0,"player_choice":"Elegance","damage_taken":0,"max_hp_gain":0,"max_hp_loss":0,"event_name":"Back to Basics","floor":28,"gold_loss":0},{"damage_healed":0,"gold_gain":0,"player_choice":"Bet on Owner","damage_taken":0,"max_hp_gain":0,"max_hp_loss":0,"event_name":"The Joust","floor":31,"gold_loss":50},{"damage_healed":0,"gold_gain":0,"player_choice":"Fight","damage_taken":0,"max_hp_gain":0,"max_hp_loss":0,"event_name":"Mysterious Sphere","floor":38,"gold_loss":0}],"is_beta":false,"boss_relics":[{"not_picked":["Coffee Dripper","Replay:Ancient Bell"],"picked":"Empty Cage"},{"not_picked":["Velvet Choker","Ring of Chaos"],"picked":"Inserter"}],"items_purged_floors":[2,5,19,36],"is_endless":false,"potions_floor_spawned":[1,10,12,14,20,24,27,30,35,37],"killed_by":"2 Orb Walkers","ascension_level":4}}