{"host":"76qcaerkv4ktjkdu","time":1612947293,"event":{"mods":["ATMod(°¢èªMod)","BaseMod","Downfall","Minty Spire (QoL Compilation)","MostiFishMod","StSLib","¡¾ÒÅÎï¿¨ÅÆ¡¿REMEMod"],"gold_per_floor":[99,113,113,113,113,263,263,263,63,94,708,738,738,503,520,622,622,522,539,539,539,556,556,556,573,607,620,620,632,632,648,663,761,761,761,779,779,252,252,268,268,268,13,66,166,183,183,199,210,210,210,238,12,12,12,12],"floor_reached":57,"language":"ZHS","playtime":4305,"items_purged":["Guardian:Strike_Guardian","Guardian:Defend_Guardian","Writhe"],"score":1555,"play_id":"d4ece207-3898-4e2e-b909-23bfa73f045b","local_time":"20210210165453","is_ascension_mode":false,"campfire_choices":[{"floor":1.0,"key":"RECALL"},{"data":"Guardian:ArmoredProtocol","floor":9.0,"key":"SMITH"},{"data":"AT_FamilyPortrait","floor":18.0,"key":"SMITH"},{"data":"Guardian:SphericShield","floor":28.0,"key":"SMITH"},{"data":"Guardian:PiercingHide","floor":35.0,"key":"SMITH"},{"data":"expansioncontent:DashGenerateEvil","floor":42,"key":"SMITH"},{"data":"Guardian:Repulse","floor":47,"key":"SMITH"},{"data":"Guardian:TimeCapacitor","floor":54,"key":"SMITH"}],"circlet_count":0,"master_deck":["Guardian:Defend_Guardian+1","Guardian:Defend_Guardian+1","Guardian:Defend_Guardian","Guardian:CurlUp","CurseOfTheBell","AT_FamilyPortrait+1","Impervious","Guardian:ArmoredProtocol+1","Guardian:Harden","Guardian:SphericShield+1","downfall:Malfunctioning","Guardian:ShieldCharger","Guardian:PiercingHide+1","Guardian:RevengeProtocol","Guardian:Gem_Green","Slimebound:Tackle+1","Slimebound:Tackle+1","Slimebound:Tackle+1","Guardian:Recover","Guardian:Harden","Guardian:FierceBash+1","Guardian:Repulse+1","Guardian:EvasiveProtocol+1","expansioncontent:DashGenerateEvil+1","Guardian:RollAttack","Guardian:BodySlam","Guardian:SphericShield","Guardian:TimeCapacitor+1"],"relics":["AT_ATBox","DaveBox","REME_ComplimentaryCards","Calling Bell","Singing Bowl","CaptainsWheel","BloodWine","Bottled Tornado","ImprovedEquipment","downfall:HeartBlessingBlue","downfall:HeartBlessingRed","REME_PuzzleBoxRelic","Lizard Tail","PreservedInsect","FeatherPendant","downfall:HeartBlessingGreen","Mummified Hand","Shuriken","StrikeDummy","xbg","AT_SunfireAegis","Red Mask","downfall:RedIOUUpgrade","AT_ForceNature","Technique","Gremlin Horn","Thread and Needle","AT_EbonyIvory"],"acts_visited":["Exordium","TheCity","TheBeyond","TheEnding"],"potions_floor_usage":[46,50,56],"damage_taken":[{"damage":6.0,"enemies":"Jaw Worm","floor":2.0,"turns":4.0},{"damage":23.0,"enemies":"3 Sentries","floor":10.0,"turns":9.0},{"damage":0.0,"enemies":"2 Louse","floor":11.0,"turns":2.0},{"damage":25.0,"enemies":"Gremlin Nob","floor":12.0,"turns":5.0},{"damage":0.0,"enemies":"downfall:FleeingMerchant","floor":14.0,"turns":4.0},{"damage":0.0,"enemies":"Small Slimes","floor":15.0,"turns":3.0},{"damage":3.0,"enemies":"WA_ARCHETYPE_RETAIN","floor":16.0,"turns":6.0},{"damage":0.0,"enemies":"Shell Parasite","floor":19.0,"turns":4.0},{"damage":0.0,"enemies":"Snake Plant","floor":22.0,"turns":3.0},{"damage":0.0,"enemies":"Centurion and Healer","floor":25.0,"turns":3.0},{"damage":0.0,"enemies":"Slavers","floor":26.0,"turns":4.0},{"damage":0.0,"enemies":"3 Cultists","floor":27.0,"turns":3.0},{"damage":0.0,"enemies":"Snake Plant","floor":29.0,"turns":4.0},{"damage":0.0,"enemies":"Snecko","floor":31.0,"turns":3.0},{"damage":0.0,"enemies":"3 Cultists","floor":32.0,"turns":4.0},{"damage":0.0,"enemies":"SI_MIRROR_ARCHETYPE","floor":33.0,"turns":7.0},{"damage":0,"enemies":"3 Darklings","floor":36,"turns":4},{"damage":0,"enemies":"downfall:FleeingMerchant","floor":38,"turns":4},{"damage":0,"enemies":"3 Shapes","floor":40,"turns":2},{"damage":0,"enemies":"downfall:FleeingMerchant","floor":43,"turns":3},{"damage":0,"enemies":"2 Orb Walkers","floor":44,"turns":2},{"damage":0,"enemies":"Transient","floor":46,"turns":3},{"damage":1,"enemies":"Maw","floor":48,"turns":4},{"damage":0,"enemies":"4 Shapes","floor":49,"turns":2},{"damage":0,"enemies":"IC_BLOCK_ARCHETYPE","floor":50,"turns":1},{"damage":0,"enemies":"downfall:CharBossMerchant","floor":52,"turns":3},{"damage":0,"enemies":"downfall:NeowBoss","floor":55,"turns":5},{"damage":0,"enemies":"downfall:NeowBossFinal","floor":56,"turns":6}],"seed_played":"5759386343259616176","potions_obtained":[{"floor":10.0,"key":"champ:CounterPotion"},{"floor":12.0,"key":"SneckoOil"},{"floor":16.0,"key":"PowerPotion"},{"floor":19.0,"key":"Energy Potion"},{"floor":27.0,"key":"REME_GoldPotion"},{"floor":32.0,"key":"Fire Potion"},{"floor":44,"key":"SkillPotion"},{"floor":46,"key":"Strength Potion"},{"floor":52,"key":"AttackPotion"}],"is_trial":false,"path_per_floor":["R","M","?","T","?","?","T","T","R","E","M","E","?","$","M","B",null,"R","M","?","?","M","?","T","M","E","M","R","M","?","M","M","B",null,"R","M","?","$","?","M","T","R","$","?","?","M","R","M","M","B",null,"E","$","R","B","B",null],"character_chosen":"GUARDIAN","items_purchased":["PreservedInsect","AT_SunfireAegis","Guardian:EvasiveProtocol","expansioncontent:DashGenerateEvil","Technique","Gremlin Horn","Guardian:BodySlam","Guardian:Gem_Orange","Guardian:TimeCapacitor"],"campfire_rested":0,"item_purchase_floors":[14,38,38,38,43,43,43,53,53],"current_hp_per_floor":[80,79,84,84,84,84,84,84,94,71,73,48,48,48,57,54,97,97,97,97,97,97,97,97,97,97,99,99,101,101,101,101,101,101,101,103,103,103,103,103,103,103,105,107,107,109,109,110,112,112,113,113,113,113,113,113],"gold":12,"neow_bonus":"BOSS_RELIC","is_daily":false,"chose_seed":false,"campfire_upgraded":7,"win_rate":0.0,"timestamp":1612947293,"path_taken":["R","M","?","?","?","?","T","?","R","E","?","E","?","$","M","BOSS","R","M","?","?","M","?","T","M","E","M","R","?","?","M","M","BOSS","R","M","?","$","?","?","T","R","$","?","?","?","R","M","M","BOSS","E","$","R","BOSS","BOSS"],"items_purchased_type":["Relic","Relic","Card","Card","Relic","Relic","Card","Card","Card"],"build_version":"2020-12-22","purchased_purges":3,"victory":true,"max_hp_per_floor":[80,80,85,85,85,85,85,85,95,95,97,97,97,97,97,97,97,97,97,97,97,97,97,97,97,97,99,99,101,101,101,101,101,101,101,103,103,103,103,103,103,103,105,107,107,109,109,111,113,113,113,113,113,113,113,113],"card_choices":[{"not_picked":["Guardian:RefractedBeam","Guardian:RollAttack"],"picked":"Guardian:ArmoredProtocol","floor":2.0},{"not_picked":["Guardian:EvasiveProtocol","Guardian:Gem_Cyan"],"picked":"Guardian:Harden","floor":10.0},{"not_picked":["Guardian:PolyBeam","Guardian:ChargeCore","Guardian:SentryBeam"],"picked":"Singing Bowl","floor":11.0},{"not_picked":["Guardian:PiercingHide","Guardian:CrystalBeam"],"picked":"Guardian:SphericShield","floor":12.0},{"not_picked":["Guardian:PrimingBeam","Guardian:WalkerClaw"],"picked":"Guardian:ShieldCharger","floor":14.0},{"not_picked":["Guardian:BronzeArmor","Guardian:Reroute"],"picked":"Guardian:PiercingHide","floor":15.0},{"not_picked":["Guardian:StasisField","Guardian:GatlingBeam"],"picked":"Guardian:RevengeProtocol","floor":16.0},{"not_picked":["Guardian:PolyBeam","Guardian:Reroute"],"picked":"Guardian:Gem_Green","floor":19.0},{"not_picked":["Guardian:Gem_Lightblue","Guardian:TemporalShield"],"picked":"Guardian:Gem_Blue","floor":22.0},{"not_picked":["Guardian:ShieldCharger","Guardian:Preprogram"],"picked":"Guardian:Recover","floor":25.0},{"not_picked":["Guardian:Orbwalk+1","Guardian:CrystalBeam"],"picked":"Guardian:Harden","floor":26.0},{"not_picked":["Guardian:VentSteam+1","Guardian:WalkerClaw","Guardian:Gem_Cyan"],"picked":"Singing Bowl","floor":27.0},{"not_picked":["Guardian:ChargeCore+1","Guardian:TemporalShield","Guardian:ShieldCharger"],"picked":"Singing Bowl","floor":29.0},{"not_picked":["Guardian:CrystalBeam","Guardian:Incinerate"],"picked":"Guardian:Gem_White","floor":31.0},{"not_picked":["Guardian:CrystalBeam+1","Guardian:BronzeArmor"],"picked":"Guardian:Gem_Yellow","floor":32.0},{"not_picked":["Guardian:RevengeProtocol","Guardian:BaubleBeam"],"picked":"Guardian:FierceBash","floor":33.0},{"not_picked":["Guardian:Gem_Lightblue","Guardian:Incinerate+1","Guardian:ChargeCore+1"],"picked":"Singing Bowl","floor":36},{"not_picked":["Guardian:Gem_Lightblue","Guardian:MultiBeam+1"],"picked":"Guardian:Repulse","floor":38},{"not_picked":["Guardian:ChargeCore+1","Guardian:Gem_Red"],"picked":"Guardian:RollAttack","floor":40},{"not_picked":["Guardian:ChargeCore+1","Guardian:RefractedBeam","Guardian:Clone+1"],"picked":"Singing Bowl","floor":43},{"not_picked":["Guardian:RefractedBeam","Guardian:Gem_Crimson","Guardian:PrimingBeam+1"],"picked":"Singing Bowl","floor":44},{"not_picked":["Guardian:PiercingHide+1","Guardian:Gem_Green","Guardian:Planning+1"],"picked":"Singing Bowl","floor":46},{"not_picked":["Guardian:Reroute+1","Guardian:Gem_Lightblue","Guardian:PiercingHide+1"],"picked":"Singing Bowl","floor":48},{"not_picked":["Guardian:GuardianWhirl","Guardian:Gem_White","Guardian:PrimingBeam"],"picked":"Singing Bowl","floor":49},{"not_picked":["Guardian:Gem_Lightblue","Guardian:MultiBeam"],"picked":"Guardian:SphericShield","floor":52}],"player_experience":98842,"relics_obtained":[{"floor":0.0,"key":"Vajra"},{"floor":0.0,"key":"Singing Bowl"},{"floor":0.0,"key":"CaptainsWheel"},{"floor":7.0,"key":"Bottled Tornado"},{"floor":8.0,"key":"ImprovedEquipment"},{"floor":10.0,"key":"REME_PuzzleBoxRelic"},{"floor":12.0,"key":"Lizard Tail"},{"floor":24.0,"key":"Shuriken"},{"floor":26.0,"key":"StrikeDummy"},{"floor":41,"key":"AT_ForceNature"},{"floor":44,"key":"Thread and Needle"},{"floor":52,"key":"AT_EbonyIvory"}],"event_choices":[{"damage_healed":0.0,"max_hp_gain":5.0,"max_hp_loss":0.0,"gold_gain":0.0,"event_name":"Big Fish","player_choice":"Donut","floor":3.0,"gold_loss":0.0,"damage_taken":0.0},{"damage_healed":0,"gold_gain":0,"player_choice":"Fight","damage_taken":0,"max_hp_gain":0,"max_hp_loss":0,"event_name":"Mysterious Sphere","floor":44,"gold_loss":0}],"is_beta":false,"boss_relics":[{"not_picked":["Fusion Hammer","GuanYuAspect"],"picked":"FeatherPendant"},{"not_picked":["REME_DemonsWealth","AT_TrinityForce"],"picked":"xbg"}],"items_purged_floors":[14,38,43],"is_endless":false,"potions_floor_spawned":[10,12,16,19,27,32,44,46,52],"ascension_level":0}}