{"host":"lehbxtjrpalkmwwj","time":1612955794,"event":{"mods":["Aspiration","BaseMod","Colored Map","Colored Powertips","Conspire","GungeonMod","KomeijiMod","Lobotomy","Minty Spire (QoL Compilation)","Quick Restart","Replay The Spire","Shop Mod","StSLib","The Cursed","The Poker Player","[IsaacMod]ÒÔÈö¼âËþ"],"gold_per_floor":[179,197,210,229,244,278,278,278,278,303,314,329,357,377,377,480,480,497,514,533,632,647,647,679,693,693,287,287,287],"floor_reached":28,"language":"ZHS","playtime":1023,"items_purged":[],"score":366,"play_id":"e7074850-3ee7-4bb1-874e-cfc8d8b6d089","local_time":"20210210191634","is_ascension_mode":false,"campfire_choices":[{"floor":7.0,"key":"RECALL"},{"data":"RedMagic","floor":15.0,"key":"SMITH"},{"data":"PartStrengthen","floor":23.0,"key":"SMITH"}],"circlet_count":0,"master_deck":["Strike_Remiria","Strike_Remiria","Strike_Remiria","Strike_Remiria","Defend_Remirira","Defend_Remirira","Defend_Remirira","Defend_Remirira","Absorbed","Scratch","EpicFetus","DemonsDinnerFork_Remiria","DemonsDinnerFork_Remiria","StigmaNizer+1","DoubleEdge","PartStrengthen+1","PartStrengthen","Impregnable","RedMagic+1","VampireKiss_Remiria","DamonLordCradle_Remiria","TricksterDevil","ScarletDestiny","StigmaNizer+1","DemonsDinnerFork_Remiria+1","RocketKickup","LifeBreak+1","BloodPact+1","CurseofVladTepes","ReplayUltimateDefense","BloodSurge+1"],"relics":["ThirstyCrossSpe","HushsDoor","SteamSale","aspiration:Nostalgia","KomeijisEye","DemoMod:MemoryAlloy","YumHeart","SatanicBible","Anchor","aspiration:SecretTechniqueScroll","RottenBaby","Lizard Tail","aspiration:ChemicalBlood","Replay:Accelerometer","Whetstone","aspiration:HiddenCompartment","Shovel","Strange Spoon","aspiration:Lifesprig","Void"],"acts_visited":["Exordium","TheCity"],"potions_floor_usage":[25,28],"damage_taken":[{"damage":7.0,"enemies":"Jaw Worm","floor":1.0,"turns":3.0},{"damage":5.0,"enemies":"2 Louse","floor":2.0,"turns":2.0},{"damage":6.0,"enemies":"Cultist","floor":3.0,"turns":3.0},{"damage":17.0,"enemies":"Exordium Thugs","floor":4.0,"turns":4.0},{"damage":1.0,"enemies":"3 Louse","floor":5.0,"turns":2.0},{"damage":32.0,"enemies":"Lagavulin","floor":6.0,"turns":6.0},{"damage":35.0,"enemies":"Gremlin Nob","floor":10.0,"turns":4.0},{"damage":0.0,"enemies":"Lots of Slimes","floor":11.0,"turns":2.0},{"damage":19.0,"enemies":"Looter","floor":12.0,"turns":3.0},{"damage":0.0,"enemies":"Lagavulin","floor":13.0,"turns":2.0},{"damage":3.0,"enemies":"Red Slaver","floor":14.0,"turns":3.0},{"damage":0.0,"enemies":"Slime Boss","floor":16.0,"turns":5.0},{"damage":0.0,"enemies":"conspire:FuzzyDice","floor":18.0,"turns":4.0},{"damage":8.0,"enemies":"Spheric Guardian","floor":19.0,"turns":3.0},{"damage":0.0,"enemies":"Shelled Parasite and Fungi","floor":20.0,"turns":4.0},{"damage":0.0,"enemies":"Snake Plant","floor":22.0,"turns":3.0},{"damage":0.0,"enemies":"Slavers","floor":24.0,"turns":2.0},{"damage":13,"enemies":"Centurion and Healer","floor":25,"turns":4},{"damage":3,"enemies":"Shelled Parasite and Fungi","floor":28,"turns":2}],"seed_played":"7133395210903276936","potions_obtained":[{"floor":4.0,"key":"LiquidBronze"},{"floor":6.0,"key":"SteroidPotion"},{"floor":10.0,"key":"Elixir"},{"floor":13.0,"key":"Venom Potion"},{"floor":16.0,"key":"Adrenaline Potion"},{"floor":19.0,"key":"Energy Potion"},{"floor":20.0,"key":"SpeedPotion"},{"floor":24,"key":"PowerPotion"},{"floor":25,"key":"LifebloodPotion"},{"floor":25,"key":"BlessingOfTheForge"}],"is_trial":false,"path_per_floor":["M","M","M","M","M","E","R","?","T","E","M","M","E","M","R","B",null,"M","M","M","?","M","R","E","M","T","$","M"],"character_chosen":"RemiriaScarlet","items_purchased":["RottenBaby","Damocles","Strange Spoon","aspiration:Lifesprig","Void","ReplayUltimateDefense","BloodSurge+1"],"campfire_rested":0,"item_purchase_floors":[17,17,27,27,27,27,27],"current_hp_per_floor":[93,88,82,65,64,39,39,39,39,29,29,10,10,32,32,37,74,74,66,66,66,74,74,43,36,36,36,33,33],"gold":287,"neow_bonus":"NOSTALGIA","is_daily":false,"chose_seed":false,"campfire_upgraded":2,"win_rate":0.0,"timestamp":1612955794,"path_taken":["M","M","M","M","M","E","R","?","T","E","M","M","E","M","R","BOSS","M","M","M","?","?","R","E","M","T","$","M"],"items_purchased_type":["Relic","Relic","Relic","Relic","Card","Card","Card"],"build_version":"2020-12-22","purchased_purges":0,"victory":false,"max_hp_per_floor":[100,100,100,100,100,100,100,100,100,100,100,100,100,100,100,100,74,74,74,74,74,74,74,74,74,74,74,74,74],"card_choices":[{"not_picked":[],"picked":"EpicFetus","floor":0.0},{"not_picked":["PainBurst","FateMeister"],"picked":"DemonsDinnerFork_Remiria","floor":1.0},{"not_picked":["FierceSweep","FateEnsemble"],"picked":"DemonsDinnerFork_Remiria","floor":2.0},{"not_picked":["Bomb","ThirstForBlood"],"picked":"StigmaNizer","floor":3.0},{"not_picked":["ChainGang","DemonsDinnerFork_Remiria"],"picked":"DoubleEdge","floor":4.0},{"not_picked":["Warpath","FateMeister"],"picked":"PartStrengthen","floor":5.0},{"not_picked":["FateCollect","RocketKickup"],"picked":"PartStrengthen","floor":6.0},{"not_picked":["Rewrite","Warpath"],"picked":"Impregnable","floor":10.0},{"not_picked":["Bomb","RocketKickup"],"picked":"RedMagic","floor":11.0},{"not_picked":["BloodCollect","DemonsDinnerFork_Remiria"],"picked":"VampireKiss_Remiria","floor":12.0},{"not_picked":["BloodCollect","BodyStrengthen"],"picked":"DamonLordCradle_Remiria","floor":13.0},{"not_picked":["StigmaNizer","BodyStrengthen"],"picked":"TricksterDevil","floor":14.0},{"not_picked":["QueenOfMidnight","FateConcerto"],"picked":"ScarletDestiny","floor":16.0},{"not_picked":["DamonLordCradle_Remiria","Feint"],"picked":"StigmaNizer","floor":18.0},{"not_picked":["Culling","Feint+1"],"picked":"DemonsDinnerFork_Remiria+1","floor":19.0},{"not_picked":["BloodCollect","Warpath"],"picked":"RocketKickup","floor":20.0},{"not_picked":["FateEnsemble","FastHealing"],"picked":"LifeBreak+1","floor":22.0},{"not_picked":["FateEnsemble","FastHealing+1"],"picked":"BloodPact+1","floor":24},{"not_picked":["BloodySuit","BodyStrengthen"],"picked":"CurseofVladTepes","floor":25}],"player_experience":157024,"relics_obtained":[{"floor":6.0,"key":"DemoMod:MemoryAlloy"},{"floor":9.0,"key":"YumHeart"},{"floor":10.0,"key":"SatanicBible"},{"floor":13.0,"key":"Anchor"},{"floor":18.0,"key":"Lizard Tail"},{"floor":19.0,"key":"aspiration:ChemicalBlood"},{"floor":20.0,"key":"Replay:Accelerometer"},{"floor":22.0,"key":"Whetstone"},{"floor":24,"key":"aspiration:HiddenCompartment"},{"floor":26,"key":"Shovel"}],"event_choices":[{"damage_healed":0.0,"max_hp_gain":0.0,"max_hp_loss":0.0,"gold_gain":0.0,"event_name":"Golden Wing","player_choice":"Ignored","floor":8.0,"gold_loss":0.0,"damage_taken":0.0},{"damage_healed":0.0,"max_hp_gain":0.0,"max_hp_loss":0.0,"gold_gain":99.0,"event_name":"Nest","player_choice":"Stole From Cult","floor":21.0,"gold_loss":0.0,"damage_taken":0.0}],"is_beta":false,"boss_relics":[{"not_picked":["Ectoplasm","Replay:Ancient Bell"],"picked":"aspiration:SecretTechniqueScroll"},{"not_picked":[]}],"items_purged_floors":[],"is_endless":false,"potions_floor_spawned":[4,6,10,12,13,16,19,20,24,25],"killed_by":"Shelled Parasite and Fungi","ascension_level":0}}