{"host":"at5b10nm0iti0w4x","time":1612917921,"event":{"mods":["2.2 Compatiblity","AchievementEnabler","BaseMod","Bestiary","Block Reminder","Colored Map","Colored Powertips","Highlight Path","Keyboard Shortcuts","Minty Spire (QoL Compilation)","Relic Stats","Slay the Relics Exporter","StSLib","SuperFastMode","Unknown Chances"],"gold_per_floor":[111,111,127,60,60,60,75,75,75,250,250,266,366,377,377,475,475,493,395,395,395,408,408,408],"floor_reached":23,"language":"ENG","playtime":581,"items_purged":[],"score":179,"play_id":"52a233ad-c904-4bc4-9afd-100fad19a34f","local_time":"20210209194521","is_ascension_mode":false,"campfire_choices":[{"data":"Inflame","floor":6,"key":"SMITH"},{"data":"Bash","floor":8,"key":"SMITH"},{"data":"Perfected Strike","floor":15,"key":"SMITH"}],"circlet_count":0,"master_deck":["Strike_R","Strike_R","Strike_R","Strike_R","Strike_R","Defend_R","Defend_R","Defend_R","Defend_R","Bash+1","Flame Barrier","Cleave","Inflame+1","Metallicize","Doubt","Perfected Strike+1","Perfected Strike","Juggernaut","Thunderclap","Metallicize","True Grit","Dropkick"],"relics":["Runic Pyramid"],"acts_visited":["Exordium","TheCity"],"potions_floor_usage":[16,16],"damage_taken":[{"damage":6,"enemies":"Jaw Worm","floor":1,"turns":3},{"damage":3,"enemies":"2 Louse","floor":3,"turns":4},{"damage":5,"enemies":"Small Slimes","floor":7,"turns":2},{"damage":7,"enemies":"Looter","floor":12,"turns":4},{"damage":19,"enemies":"Gremlin Gang","floor":14,"turns":4},{"damage":40,"enemies":"The Guardian","floor":16,"turns":11},{"damage":0,"enemies":"Chosen","floor":18,"turns":6},{"damage":25,"enemies":"Shell Parasite","floor":22,"turns":6},{"damage":63,"enemies":"Book of Stabbing","floor":23,"turns":6}],"seed_played":"-8724541533541476218","potions_obtained":[{"floor":1,"key":"Energy Potion"},{"floor":7,"key":"Energy Potion"},{"floor":16,"key":"CultistPotion"},{"floor":18,"key":"Swift Potion"},{"floor":22,"key":"SteroidPotion"}],"is_trial":false,"path_per_floor":["M","?","M","$","?","R","M","R","T","?","T","M","?","M","R","B",null,"M","$","?","T","M","E"],"character_chosen":"IRONCLAD","items_purchased":["Inflame","Metallicize","True Grit"],"campfire_rested":0,"item_purchase_floors":[4,19,19],"current_hp_per_floor":[74,74,71,71,76,76,71,71,71,71,71,64,64,45,45,5,85,85,85,85,85,60,0,0],"gold":408,"neow_bonus":"BOSS_RELIC","is_daily":false,"chose_seed":false,"campfire_upgraded":3,"win_rate":0.0,"timestamp":1612917921,"path_taken":["M","?","M","$","?","R","M","R","T","?","?","?","?","?","R","BOSS","M","$","?","?","M","E"],"items_purchased_type":["Card","Card","Card"],"build_version":"2020-12-22","purchased_purges":0,"victory":false,"max_hp_per_floor":[80,80,80,80,85,85,85,85,85,85,85,85,85,85,85,85,85,85,85,85,85,85,85,85],"relic_stats":{"counters":[9,46],"obtain_stats":[{"Burning Blood":0,"Runic Pyramid":0},{"Burning Blood":0,"Runic Pyramid":0},{"Burning Blood":0,"Runic Pyramid":0}]},"card_choices":[{"not_picked":["Sentinel","Infernal Blade"],"picked":"Flame Barrier","floor":1},{"not_picked":["Shockwave","Wild Strike"],"picked":"Cleave","floor":3},{"not_picked":["Second Wind","Warcry"],"picked":"Metallicize","floor":7},{"not_picked":["Carnage","Searing Blow"],"picked":"Perfected Strike","floor":12},{"not_picked":["Shrug It Off","Dark Embrace"],"picked":"Perfected Strike","floor":14},{"not_picked":["Exhume","Double Tap"],"picked":"Juggernaut","floor":16},{"not_picked":["Intimidate","Pommel Strike"],"picked":"Thunderclap","floor":18},{"not_picked":["Pommel Strike","Warcry+1"],"picked":"Dropkick","floor":22}],"player_experience":88517,"relics_obtained":[],"event_choices":[{"damage_healed":0,"gold_gain":0,"player_choice":"Ignored","damage_taken":0,"max_hp_gain":0,"max_hp_loss":0,"event_name":"Golden Idol","floor":2,"gold_loss":0},{"damage_healed":0,"gold_gain":0,"player_choice":"Donut","damage_taken":0,"max_hp_gain":5,"max_hp_loss":0,"event_name":"Big Fish","floor":5,"gold_loss":0},{"damage_healed":0,"gold_gain":175,"player_choice":"AGREE","damage_taken":0,"max_hp_gain":0,"max_hp_loss":0,"event_name":"Liars Game","floor":10,"gold_loss":0,"cards_obtained":["Doubt"]},{"damage_healed":0,"gold_gain":100,"player_choice":"Pray","damage_taken":0,"max_hp_gain":0,"max_hp_loss":0,"event_name":"Golden Shrine","floor":13,"gold_loss":0},{"damage_healed":0,"gold_gain":0,"player_choice":"Ignored","damage_taken":0,"max_hp_gain":0,"max_hp_loss":0,"event_name":"The Mausoleum","floor":20,"gold_loss":0}],"is_beta":false,"boss_relics":[{"not_picked":["Coffee Dripper","Empty Cage","Pandora\u0027s Box"]}],"items_purged_floors":[],"is_endless":false,"potions_floor_spawned":[1,7,16,18,22],"killed_by":"Book of Stabbing","ascension_level":0}}