{"host":"Tomy","time":1612930798,"event":{"mods":["AchievementEnabler","Act Like it!","BaseMod","Better Third Choice","BetterRewards","Colored Map","Hermit","Hyrulean Relics","Minty Spire (QoL Compilation)","Quick Restart","Rare Cards Sparkle","Replay The Spire","Spicy Shops","StSLib","Uncapped"],"gold_per_floor":[115,321,338,357,368,396,396,396,423,423,23,54,54,54,54,161,261,289,289,289,332,9,56,68,68],"floor_reached":24,"language":"SPA","playtime":1029,"items_purged":[],"score":214,"play_id":"4d33a3f2-1307-4b4d-998b-329d03a9f501","local_time":"20210210011958","is_ascension_mode":false,"campfire_choices":[{"floor":7,"key":"REST"},{"floor":10,"key":"REST"},{"data":"Dagger Spray","floor":13,"key":"SMITH"},{"data":"Parasite","floor":15,"key":"PURGE"}],"circlet_count":0,"master_deck":["Strike_G+1","Strike_G+1","Strike_G+1","Strike_G+1","Strike_G+1","Defend_G+1","Defend_G+1","Defend_G+1","Defend_G+1","Defend_G+1","Survivor","Neutralize","Cloak And Dagger","Heel Hook","Dagger Spray+1","Poisoned Stab","Blade Dance","All Out Attack","All Out Attack","Distraction","HandOfGreed","Hidden Blade+1","Poisoned Stab","Replay:Poison Smokescreen","Atom Bomb","Deadly Poison+1","Riddle With Holes","PiercingWail","Accuracy","Bandage Up","Cloak And Dagger"],"relics":["Ring of the Snake","Potion Belt","Juzu Bracelet","PreservedInsect","TwistedFunnel","Replay:Bandana","Replay:Wanted Poster","Blue Doll","ReplayTheSpireMod:TigerMarble"],"acts_visited":["Exordium","TheCity"],"potions_floor_usage":[16,23],"damage_taken":[{"damage":0,"enemies":"Small Slimes","floor":1,"turns":5},{"damage":0,"enemies":"Cultist","floor":3,"turns":3},{"damage":0,"enemies":"Jaw Worm","floor":4,"turns":4},{"damage":4,"enemies":"Gremlin Gang","floor":5,"turns":3},{"damage":17,"enemies":"Replay:BlueRogue","floor":6,"turns":5},{"damage":3,"enemies":"Blue Slaver","floor":12,"turns":3},{"damage":29,"enemies":"Hexaghost","floor":16,"turns":8},{"damage":11,"enemies":"Shell Parasite","floor":18,"turns":5},{"damage":12,"enemies":"3 Byrds","floor":21,"turns":4},{"damage":41,"enemies":"Book of Stabbing","floor":23,"turns":6},{"damage":8,"enemies":"Cultist and Chosen","floor":24,"turns":4}],"seed_played":"7227364588527869973","potions_obtained":[{"floor":5,"key":"SkillPotion"},{"floor":12,"key":"Flashbang"},{"floor":16,"key":"Swift Potion"},{"floor":21,"key":"Explosive Potion"},{"floor":23,"key":"FearPotion"}],"is_trial":false,"path_per_floor":["M","?","M","M","M","E","R","?","T","R","$","M","R","?","R_BF","B",null,"M","?","?","M","$","E","M"],"character_chosen":"THE_SILENT","items_purchased":["Cloak And Dagger","Potion Belt","Heel Hook","HandOfGreed","Hidden Blade+1","Poisoned Stab","TwistedFunnel","Accuracy","Blue Doll","Bandage Up"],"campfire_rested":2,"item_purchase_floors":[0,0,0,11,11,11,11,22,22,22],"current_hp_per_floor":[70,42,42,42,38,21,42,42,42,63,63,60,60,60,60,31,67,56,56,56,44,44,7,0,0],"gold":68,"neow_bonus":"","is_daily":false,"chose_seed":false,"campfire_upgraded":1,"win_rate":0.0,"timestamp":1612930798,"path_taken":["M","?","M","M","?","E","R","?","T","R","$","M","R","?","R_BF","BOSS","M","?","?","M","$","E","M"],"items_purchased_type":["Card","Relic","Card","Card","Card","Card","Relic","Card","Relic","Card"],"build_version":"2020-12-18","purchased_purges":0,"victory":false,"max_hp_per_floor":[70,70,70,70,70,70,70,70,70,70,70,70,70,70,67,67,67,67,67,67,67,67,67,67,67],"card_choices":[{"not_picked":["Slice","Leg Sweep"],"picked":"Dagger Spray","floor":1},{"not_picked":["Deflect","Acrobatics"],"picked":"Poisoned Stab","floor":2},{"not_picked":["Atom Bomb","Bane"],"picked":"Blade Dance","floor":3},{"not_picked":["Prepared","Dodge and Roll"],"picked":"All Out Attack","floor":4},{"not_picked":["Blade Dance","Cloak And Dagger"],"picked":"All Out Attack","floor":5},{"not_picked":["Heel Hook","Escape Plan"],"picked":"Distraction","floor":6},{"not_picked":["ReplayTheSpireMod:Scrap Shanks","Endless Agony"],"picked":"Replay:Poison Smokescreen","floor":12},{"not_picked":["Tools of the Trade","Wraith Form v2"],"picked":"Atom Bomb","floor":16},{"not_picked":["Heel Hook","Dodge and Roll"],"picked":"Deadly Poison+1","floor":18},{"not_picked":["Hidden Blade","Sucker Punch"],"picked":"PiercingWail","floor":21},{"not_picked":["Flechettes","Eviscerate"],"picked":"Cloak And Dagger","floor":23}],"player_experience":91506,"relics_obtained":[{"floor":6,"key":"Juzu Bracelet"},{"floor":9,"key":"PreservedInsect"},{"floor":23,"key":"ReplayTheSpireMod:TigerMarble"}],"event_choices":[{"damage_healed":0,"gold_gain":0,"player_choice":"Gave Potion","damage_taken":0,"relics_obtained":["Replay:Bandana"],"max_hp_gain":0,"max_hp_loss":0,"event_name":"WeMeetAgain","floor":14,"gold_loss":0},{"damage_healed":0,"gold_gain":0,"player_choice":"Simplicity","damage_taken":0,"max_hp_gain":0,"max_hp_loss":9,"event_name":"betterThird:BetterWriting","floor":19,"gold_loss":0},{"damage_healed":0,"gold_gain":0,"player_choice":"Read","damage_taken":0,"max_hp_gain":0,"max_hp_loss":0,"event_name":"The Library","floor":20,"gold_loss":0,"cards_obtained":["Riddle With Holes"]}],"is_beta":true,"boss_relics":[{"not_picked":["Philosopher\u0027s Stone","Snecko Eye"],"picked":"Replay:Wanted Poster"}],"items_purged_floors":[],"is_endless":false,"potions_floor_spawned":[5,12,16,21,23],"killed_by":"Cultist and Chosen","ascension_level":0}}