{"host":"uv5ws9rdk87e8i5k","time":1612927395,"event":{"mods":["AchievementEnabler","BaseMod","Colored Map","Minty Spire (QoL Compilation)","Permanent Neow","Quick Restart","StSLib","SuperFastMode","The Necromancer"],"gold_per_floor":[115,132,142,142,160,190,269,300,300,21,47,47,74,85,85,185,185,196,196,196,208,219,248,248,277,302,319,334,334,379,397,397,499,499,511,511,47,47,47,79,79,114,126,149,196,208,231,256,268,280,292,304,6,33,33],"floor_reached":56,"language":"ENG","playtime":1343,"items_purged":["Reckless Charge"],"score":2100,"play_id":"65fe1d06-e9f8-4956-9579-d2bbc4c052f0","local_time":"20210209212315","is_ascension_mode":true,"campfire_choices":[{"data":"Whirlwind","floor":12.0,"key":"SMITH"},{"data":"Uppercut","floor":15.0,"key":"SMITH"},{"data":"Fiend Fire","floor":24.0,"key":"SMITH"},{"data":"Impervious","floor":32.0,"key":"SMITH"},{"data":"1","floor":41.0,"key":"LIFT"},{"floor":46,"key":"RECALL"},{"data":"2","floor":49,"key":"LIFT"},{"data":"3","floor":52,"key":"LIFT"}],"circlet_count":0,"master_deck":["AscendersBane","Bash","Uppercut+1","Whirlwind+1","Impervious+1","Clothesline","Barricade","Necronomicurse","Pommel Strike+1","Fiend Fire+1","Heavy Blade+1","Blood for Blood","Juggernaut","Heavy Blade","Impervious+1","Reaper","Fiend Fire","Berserk","Bloodletting+1","Dropkick","Cleave","Limit Break+1","Impervious+1","Exhume+1","Sever Soul+1"],"relics":["Snecko Eye","The Courier","Blue Candle","Meat on the Bone","Membership Card","Vajra","PreservedInsect","Pantograph","Kunai","Philosopher\u0027s Stone","Necronomicon","Bronze Scales","Smiling Mask","Lantern","White Beast Statue","Toxic Egg 2","Pandora\u0027s Box","DollysMirror","Oddly Smooth Stone","Gambling Chip","Matryoshka","Girya","Bag of Preparation","MawBank","Centennial Puzzle","Strawberry","TheAbacus","Mercury Hourglass","HornCleat","Blood Vial"],"acts_visited":["Exordium","TheCity","TheBeyond","TheEnding"],"potions_floor_usage":[45,50,55,55],"damage_taken":[{"damage":8.0,"enemies":"Jaw Worm","floor":1.0,"turns":4.0},{"damage":3.0,"enemies":"2 Louse","floor":2.0,"turns":3.0},{"damage":3.0,"enemies":"Small Slimes","floor":3.0,"turns":3.0},{"damage":3.0,"enemies":"Blue Slaver","floor":5.0,"turns":2.0},{"damage":8.0,"enemies":"Gremlin Nob","floor":6.0,"turns":3.0},{"damage":30.0,"enemies":"3 Sentries","floor":8.0,"turns":5.0},{"damage":8.0,"enemies":"Gremlin Nob","floor":11.0,"turns":3.0},{"damage":0.0,"enemies":"3 Sentries","floor":13.0,"turns":2.0},{"damage":6.0,"enemies":"Exordium Thugs","floor":14.0,"turns":3.0},{"damage":21.0,"enemies":"The Guardian","floor":16.0,"turns":7.0},{"damage":6.0,"enemies":"2 Thieves","floor":18.0,"turns":3.0},{"damage":5.0,"enemies":"Chosen","floor":21.0,"turns":3.0},{"damage":0.0,"enemies":"Centurion and Healer","floor":22.0,"turns":2.0},{"damage":18.0,"enemies":"Book of Stabbing","floor":23.0,"turns":2.0},{"damage":0.0,"enemies":"Gremlin Leader","floor":25.0,"turns":2.0},{"damage":1.0,"enemies":"Sentry and Sphere","floor":27.0,"turns":3.0},{"damage":0.0,"enemies":"Snecko","floor":28.0,"turns":3.0},{"damage":14.0,"enemies":"Slavers","floor":30.0,"turns":2.0},{"damage":10.0,"enemies":"Chosen and Byrds","floor":31.0,"turns":3.0},{"damage":6.0,"enemies":"Automaton","floor":33.0,"turns":6.0},{"damage":0.0,"enemies":"3 Shapes","floor":35.0,"turns":1.0},{"damage":20.0,"enemies":"Reptomancer","floor":40.0,"turns":2.0},{"damage":3,"enemies":"Giant Head","floor":42,"turns":3},{"damage":0,"enemies":"Orb Walker","floor":44,"turns":1},{"damage":6,"enemies":"Nemesis","floor":45,"turns":3},{"damage":0,"enemies":"Maw","floor":47,"turns":4},{"damage":3,"enemies":"Writhing Mass","floor":48,"turns":2},{"damage":24,"enemies":"Time Eater","floor":50,"turns":4},{"damage":0,"enemies":"Shield and Spear","floor":54,"turns":4},{"damage":9,"enemies":"The Heart","floor":55,"turns":5}],"seed_played":"7125019309251558678","potions_obtained":[{"floor":1.0,"key":"FearPotion"},{"floor":8.0,"key":"ElixirPotion"},{"floor":11.0,"key":"PowerPotion"},{"floor":14.0,"key":"AttackPotion"},{"floor":16.0,"key":"Block Potion"},{"floor":23.0,"key":"HeartOfIron"},{"floor":28.0,"key":"ColorlessPotion"},{"floor":30.0,"key":"FearPotion"},{"floor":31.0,"key":"FairyPotion"},{"floor":33.0,"key":"PowerPotion"},{"floor":40.0,"key":"SpeedPotion"},{"floor":44,"key":"BlessingOfTheForge"},{"floor":45,"key":"Energy Potion"},{"floor":54,"key":"Fruit Juice"}],"is_trial":false,"path_per_floor":["M","M","M","?","M","E","?","E","T","$","E","R","E","M","R","B",null,"M","?","?","M","M","E","R","E","T","M","M","?","E","M","R","B",null,"M","?","$","?","$","E","R","E","T","M","E","R","M","M","R","B",null,"R","$","E","B",null],"character_chosen":"IRONCLAD","items_purchased":["Membership Card","Vajra","PreservedInsect","AttackPotion","BloodPotion","DollysMirror","Oddly Smooth Stone","Gambling Chip","Matryoshka","Girya","TheAbacus","Mercury Hourglass","HornCleat"],"campfire_rested":0,"item_purchase_floors":[10,10,10,10,10,37,37,37,37,37,53,53,53],"current_hp_per_floor":[64,61,58,58,55,47,47,17,17,17,37,37,49,43,43,47,72,66,50,50,45,45,39,39,51,51,50,50,50,48,50,50,69,77,77,76,76,76,76,56,56,66,66,66,67,67,67,64,64,75,81,81,81,81,79],"gold":33,"neow_bonus":"BOSS_RELIC","is_daily":false,"chose_seed":false,"campfire_upgraded":4,"win_rate":0.0,"timestamp":1612927395,"path_taken":["M","M","M","?","M","E","?","E","T","?","E","R","E","M","R","BOSS","M","?","?","M","M","E","R","E","T","M","?","?","E","M","R","BOSS","M","?","$","?","$","E","R","E","T","?","E","R","M","M","R","BOSS","R","$","E","BOSS"],"items_purchased_type":["Relic","Relic","Relic","Potion","Potion","Relic","Relic","Relic","Relic","Relic","Relic","Relic","Relic"],"build_version":"2020-12-22","purchased_purges":1,"victory":true,"max_hp_per_floor":[80,80,80,80,80,80,80,80,80,80,80,80,80,80,80,80,80,80,80,80,80,80,80,80,80,80,80,80,80,80,80,80,80,80,80,76,76,76,76,76,76,76,76,76,83,83,83,83,83,83,83,83,83,83,88],"card_choices":[{"not_picked":["Second Wind","Thunderclap"],"picked":"Uppercut","floor":1.0},{"not_picked":["Combust","Cleave","Spot Weakness"],"picked":"SKIP","floor":2.0},{"not_picked":["Feel No Pain","Hemokinesis","Havoc"],"picked":"SKIP","floor":3.0},{"not_picked":["Clash","Fire Breathing"],"picked":"Whirlwind","floor":5.0},{"not_picked":["Dropkick","Thunderclap","Havoc"],"picked":"SKIP","floor":6.0},{"not_picked":["Clash","Thunderclap","True Grit"],"picked":"SKIP","floor":8.0},{"not_picked":["Battle Trance","Anger"],"picked":"Impervious","floor":11.0},{"not_picked":["Dark Embrace","Havoc"],"picked":"Clothesline","floor":13.0},{"not_picked":["Second Wind","Warcry","Rampage"],"picked":"SKIP","floor":14.0},{"not_picked":["Double Tap","Offering"],"picked":"Barricade","floor":16.0},{"not_picked":["Fire Breathing+1","Combust","Body Slam"],"picked":"SKIP","floor":18.0},{"not_picked":["Twin Strike","Anger"],"picked":"Pommel Strike+1","floor":21.0},{"not_picked":["Iron Wave+1","Warcry"],"picked":"Fiend Fire","floor":22.0},{"not_picked":["Iron Wave+1","Thunderclap"],"picked":"Heavy Blade+1","floor":23.0},{"not_picked":["Clash+1","Armaments"],"picked":"Blood for Blood","floor":25.0},{"not_picked":["Anger","Thunderclap+1","Iron Wave"],"picked":"SKIP","floor":27.0},{"not_picked":["Feel No Pain","Reckless Charge"],"picked":"Juggernaut","floor":28.0},{"not_picked":["Body Slam","Feed","Thunderclap+1"],"picked":"SKIP","floor":30.0},{"not_picked":["Anger+1","Inflame"],"picked":"Heavy Blade","floor":31.0},{"not_picked":["Double Tap+1","Reaper"],"picked":"Impervious+1","floor":33.0},{"not_picked":["Warcry+1","Carnage","Wild Strike"],"picked":"SKIP","floor":35.0},{"not_picked":["Armaments+1","Warcry+1","Cleave"],"picked":"SKIP","floor":40.0},{"not_picked":["Burning Pact+1","Disarm+1"],"picked":"Exhume+1","floor":42},{"not_picked":["Twin Strike","Clash+1","Evolve+1"],"picked":"SKIP","floor":44},{"not_picked":["Twin Strike","Clash+1","Evolve+1"],"picked":"SKIP","floor":44},{"not_picked":["Rupture+1","Barricade","Battle Trance+1"],"picked":"SKIP","floor":45},{"not_picked":["Wild Strike","Bloodletting+1","Iron Wave"],"picked":"SKIP","floor":47},{"not_picked":["Power Through+1","Thunderclap","Pommel Strike"],"picked":"SKIP","floor":48},{"not_picked":["Flex+1","Thunderclap"],"picked":"Sever Soul+1","floor":54}],"player_experience":149534,"relics_obtained":[{"floor":6.0,"key":"The Courier"},{"floor":8.0,"key":"Blue Candle"},{"floor":9.0,"key":"Meat on the Bone"},{"floor":11.0,"key":"Pantograph"},{"floor":13.0,"key":"Kunai"},{"floor":19.0,"key":"Necronomicon"},{"floor":23.0,"key":"Bronze Scales"},{"floor":25.0,"key":"Smiling Mask"},{"floor":26.0,"key":"Lantern"},{"floor":30.0,"key":"Toxic Egg 2"},{"floor":40.0,"key":"Bag of Preparation"},{"floor":42,"key":"MawBank"},{"floor":43,"key":"Centennial Puzzle"},{"floor":45,"key":"Strawberry"},{"floor":54,"key":"Blood Vial"}],"event_choices":[{"damage_healed":0.0,"max_hp_gain":0.0,"max_hp_loss":0.0,"gold_gain":0.0,"event_name":"Liars Game","player_choice":"Ignored","floor":4.0,"gold_loss":0.0,"damage_taken":0.0},{"damage_healed":0.0,"max_hp_gain":0.0,"max_hp_loss":0.0,"gold_gain":79.0,"event_name":"Golden Wing","player_choice":"Gained Gold","floor":7.0,"gold_loss":0.0,"damage_taken":0.0},{"damage_healed":0.0,"max_hp_gain":0.0,"max_hp_loss":0.0,"gold_gain":0.0,"event_name":"Cursed Tome","player_choice":"Obtained Book","floor":19.0,"gold_loss":0.0,"damage_taken":16.0},{"cards_removed":["Strike_R"],"damage_healed":0.0,"max_hp_gain":0.0,"max_hp_loss":0.0,"gold_gain":0.0,"event_name":"Purifier","player_choice":"Purged","floor":20.0,"gold_loss":0.0,"damage_taken":0.0},{"damage_healed":0.0,"max_hp_gain":0.0,"max_hp_loss":0.0,"gold_gain":0.0,"event_name":"WeMeetAgain","player_choice":"Gave Potion","floor":29.0,"gold_loss":0.0,"damage_taken":0.0,"relics_obtained":["White Beast Statue"]},{"damage_healed":0.0,"max_hp_gain":0.0,"max_hp_loss":4.0,"gold_gain":0.0,"event_name":"Winding Halls","player_choice":"Max HP","floor":36.0,"gold_loss":0.0,"damage_taken":0.0},{"damage_healed":0.0,"max_hp_gain":0.0,"max_hp_loss":0.0,"gold_gain":0.0,"event_name":"Wheel of Change","player_choice":"Full Heal","floor":38.0,"gold_loss":0.0,"damage_taken":0.0}],"is_beta":false,"boss_relics":[{"not_picked":["SacredBark","SlaversCollar"],"picked":"Philosopher\u0027s Stone"},{"not_picked":["Coffee Dripper","Tiny House"],"picked":"Pandora\u0027s Box"}],"items_purged_floors":[53],"is_endless":false,"potions_floor_spawned":[1,8,11,14,16,23,28,30,31,33,35,40,42,44,45,47,48,54],"ascension_level":10}}