{"host":"d8cz15m779bv9isj","time":1612963950,"event":{"mods":["Aspiration","BaseMod","Colored Map","Colored Powertips","DeckTracker","Downfall","Hermit","Highlight Path","Hubris","Infinite Spire","Minty Spire (QoL Compilation)","Quick Restart","Random Character Button","Relic Sorter","Replay The Spire","StSLib","SuperFastMode","Synergy Search","The Cursed","The Disciple","The Jungle","The Runesmith"],"gold_per_floor":[115,115,35,47,64,92,106,106,131,131,131],"floor_reached":10,"language":"ENG","playtime":294,"items_purged":[],"score":88,"play_id":"b883bfa0-248c-48ab-8fcf-a015d7b4b49c","local_time":"20210210143230","is_ascension_mode":true,"campfire_choices":[],"circlet_count":0,"master_deck":["Strike_R","Strike_R","Strike_R","Strike_R","Strike_R","Defend_R","Defend_R","Defend_R","Defend_R","Bash","Body Slam+1","ReplayReversal","Seeing Red","Body Slam","Entrench+1"],"relics":["hubris:ScarierMask","Orichalcum","Pet Ghost"],"acts_visited":["Exordium"],"potions_floor_usage":[],"damage_taken":[{"damage":0,"enemies":"Small Slimes","floor":1,"turns":3},{"damage":1,"enemies":"Cultist","floor":4,"turns":4},{"damage":12,"enemies":"Jaw Worm","floor":5,"turns":5},{"damage":30,"enemies":"3 Sentries","floor":6,"turns":11},{"damage":12,"enemies":"Looter","floor":7,"turns":3},{"damage":27,"enemies":"Lagavulin","floor":10,"turns":7}],"seed_played":"2038050174089392208","potions_obtained":[{"floor":4,"key":"Elixir"},{"floor":5,"key":"Strength Potion"}],"is_trial":false,"path_per_floor":["M","?","$","M","M","E","M","?","T","E"],"character_chosen":"IRONCLAD","items_purchased":["ReplayReversal"],"campfire_rested":0,"item_purchase_floors":[3],"current_hp_per_floor":[72,72,72,71,59,29,17,17,17,0,0],"gold":131,"neow_bonus":"BOSS_RELIC","is_daily":false,"chose_seed":false,"campfire_upgraded":0,"win_rate":0.0,"timestamp":1612963950,"path_taken":["M","?","?","M","M","E","M","?","T","E"],"items_purchased_type":["Card"],"build_version":"2020-12-22","purchased_purges":0,"victory":false,"max_hp_per_floor":[80,80,80,80,80,80,80,80,80,80,80],"card_choices":[{"not_picked":["Intimidate","Clash"],"picked":"Body Slam","floor":1},{"not_picked":["Dropkick","hubris:SharpeningStone"],"picked":"Seeing Red","floor":4},{"not_picked":["Inflame","Abandon"],"picked":"Body Slam","floor":5},{"not_picked":["Heavy Blade","Anger","Life Link"],"picked":"SKIP","floor":6},{"not_picked":["ReplayTheSpireMod:Limb From Limb","Combust"],"picked":"Entrench","floor":7}],"player_experience":244797,"relics_obtained":[{"floor":6,"key":"Orichalcum"},{"floor":9,"key":"Pet Ghost"}],"event_choices":[{"damage_healed":0,"gold_gain":0,"player_choice":"Upgraded","damage_taken":0,"max_hp_gain":0,"max_hp_loss":0,"event_name":"Upgrade Shrine","floor":2,"gold_loss":0,"cards_upgraded":["Body Slam"]},{"damage_healed":0,"gold_gain":0,"player_choice":"Forge","damage_taken":0,"max_hp_gain":0,"max_hp_loss":0,"event_name":"Accursed Blacksmith","floor":8,"gold_loss":0,"cards_upgraded":["Entrench"]}],"is_beta":false,"boss_relics":[],"items_purged_floors":[],"is_endless":false,"potions_floor_spawned":[4,5],"killed_by":"Lagavulin","ascension_level":6}}