{"host":"sutwlwo4qckeqch7","time":1612996768,"event":{"mods":["AchievementEnabler","BaseMod","BetterRewards","Colored Map","Minty Spire (QoL Compilation)","StSLib"],"gold_per_floor":[118,40,40,51,51,79,106,103,103,103,127,127,127,150,150,254,254,274,274,274,274,60,60,60,78,101,127,158,171,171,196,196,300,309,328,328,33,50,59,59,71,96,173,186,186,198,198,208,208,208,208,208,54,79,79,79],"floor_reached":55,"language":"ENG","playtime":1720,"items_purged":["Strike_P","Strike_P","Strike_P","Strike_P","Defend_P","Defend_P","Defend_P","Defend_P","ThirdEye","Adaptation+1"],"score":1210,"play_id":"916177bb-ec4a-4497-82a4-749ddf9f6659","local_time":"20210210163928","is_ascension_mode":true,"campfire_choices":[{"floor":10,"key":"DIG"},{"floor":12,"key":"DIG"},{"floor":15,"key":"DIG"},{"data":"Reboot","floor":23,"key":"PURGE"},{"data":"Alpha","floor":30,"key":"SMITH"},{"data":"Worship+1","floor":32,"key":"PURGE"},{"floor":40,"key":"RECALL"},{"floor":45,"key":"DIG"},{"floor":47,"key":"DIG"},{"data":"MentalFortress+1","floor":49,"key":"PURGE"},{"data":"Apotheosis","floor":52,"key":"PURGE"}],"circlet_count":0,"master_deck":["Eruption+1","Vigilance+1","FollowUp+1","PathToVictory+1","PathToVictory+1","FearNoEvil+1","ThirdEye+1","Pray+1","Prostrate+1","Protect+1","EmptyBody+1","Prostrate+1","FollowUp+1","FollowUp+1","WheelKick+1","Alpha+1","Omniscience+1","CurseOfTheBell","Brilliance"],"relics":["PureWater","Medical Kit","Ginger","Ornamental Fan","WingedGreaves","Vajra","CeramicFish","Strange Spoon","Peace Pipe","Membership Card","White Beast Statue","Shovel","Pantograph","Darkstone Periapt","PrismaticShard","Bird Faced Urn","TheAbacus","MealTicket","Kunai","ClockworkSouvenir","Potion Belt","Tiny Chest","Gambling Chip","Happy Flower","Lizard Tail","Incense Burner","Thread and Needle","Bag of Marbles","Pocketwatch","Strawberry","Bronze Scales","Mango","TungstenRod","Question Card","War Paint","Cauldron","Sling","Ancient Tea Set","GoldenEye","Matryoshka","Eternal Feather","StoneCalendar","Blue Candle","Bag of Preparation","Bottled Lightning","PreservedInsect","Boot","Lantern","Blood Vial","Centennial Puzzle","Calling Bell","Damaru","Mercury Hourglass","Unceasing Top","Mark of the Bloom","Juzu Bracelet","Anchor","Yang","Omamori","Dream Catcher","Ice Cream","Oddly Smooth Stone"],"acts_visited":["Exordium","TheCity","TheBeyond","TheEnding"],"potions_floor_usage":[25,28,28,41,48,48,50,50,55,55,55],"damage_taken":[{"damage":0,"enemies":"Jaw Worm","floor":1,"turns":2},{"damage":0,"enemies":"2 Louse","floor":4,"turns":1},{"damage":0,"enemies":"Lagavulin","floor":6,"turns":4},{"damage":0,"enemies":"Gremlin Nob","floor":7,"turns":2},{"damage":0,"enemies":"Cultist","floor":11,"turns":2},{"damage":0,"enemies":"Large Slime","floor":14,"turns":2},{"damage":0,"enemies":"The Guardian","floor":16,"turns":7},{"damage":0,"enemies":"Shell Parasite","floor":18,"turns":3},{"damage":0,"enemies":"Chosen","floor":25,"turns":3},{"damage":61,"enemies":"Gremlin Leader","floor":28,"turns":4},{"damage":0,"enemies":"3 Cultists","floor":29,"turns":3},{"damage":4,"enemies":"Slavers","floor":31,"turns":4},{"damage":27,"enemies":"Automaton","floor":33,"turns":7},{"damage":34,"enemies":"3 Darklings","floor":35,"turns":3},{"damage":3,"enemies":"3 Shapes","floor":38,"turns":4},{"damage":0,"enemies":"Transient","floor":41,"turns":5},{"damage":8,"enemies":"Spire Growth","floor":44,"turns":4},{"damage":5,"enemies":"Sphere and 2 Shapes","floor":46,"turns":3},{"damage":0,"enemies":"Jaw Worm Horde","floor":48,"turns":2},{"damage":14,"enemies":"Donu and Deca","floor":50,"turns":4},{"damage":14,"enemies":"Shield and Spear","floor":54,"turns":3},{"damage":43,"enemies":"The Heart","floor":55,"turns":2}],"seed_played":"-1823460068493996168","potions_obtained":[{"floor":0,"key":"Ancient Potion"},{"floor":0,"key":"Regen Potion"},{"floor":0,"key":"Swift Potion"},{"floor":6,"key":"DistilledChaos"},{"floor":16,"key":"Ambrosia"},{"floor":25,"key":"CultistPotion"},{"floor":28,"key":"Fire Potion"},{"floor":29,"key":"StancePotion"},{"floor":33,"key":"BottledMiracle"},{"floor":41,"key":"DistilledChaos"},{"floor":44,"key":"Energy Potion"},{"floor":48,"key":"Fire Potion"},{"floor":54,"key":"Explosive Potion"}],"is_trial":false,"path_per_floor":["M","$","?","M","?","E","E","$","T","R","M","R","?","M","R","B",null,"M","T","?","?","$","R","?","M","T","T","E","M","R","E","R","B",null,"M","?","$","M","?","R","M","T","T","M","R","M","R","M","R","B",null,"R","$","E","B"],"character_chosen":"WATCHER","items_purchased":["Medical Kit","Ginger","Ornamental Fan","FollowUp","ThirdEye","PathToVictory","Worship","PathToVictory","Vajra","CeramicFish","Strange Spoon","FearNoEvil","ThirdEye","Pray","Peace Pipe","Membership Card","White Beast Statue","Pantograph","Darkstone Periapt","PrismaticShard","Prostrate","Protect","Adaptation","TheAbacus","MealTicket","Kunai","EmptyBody","Regen Potion","ClockworkSouvenir","Fruit Juice","Potion Belt","Tiny Chest","Happy Flower","Lizard Tail","Prostrate","Bag of Marbles","Strawberry","Bronze Scales","MentalFortress","FollowUp","Question Card","War Paint","Cauldron","Sling","FollowUp","PreservedInsect","Brilliance","Juzu Bracelet","Ice Cream"],"campfire_rested":0,"item_purchase_floors":[0,0,0,0,0,0,0,0,0,0,0,0,0,0,0,0,0,0,0,0,0,0,0,0,0,0,0,0,0,0,0,0,0,0,0,0,0,0,0,0,0,0,0,2,8,22,37,37,53],"current_hp_per_floor":[93,93,93,93,75,77,77,92,92,92,93,93,93,93,93,93,93,93,93,93,76,91,98,98,103,103,103,52,56,65,69,78,80,109,81,81,81,78,78,78,78,78,78,70,70,65,65,65,65,51,51,51,51,37,0,0],"gold":79,"neow_bonus":"","is_daily":false,"chose_seed":false,"campfire_upgraded":1,"win_rate":0.0,"timestamp":1612996768,"path_taken":["M","$","?","M","?","E","E","$","T","R","M","R","?","M","R","BOSS","M","?","?","?","$","R","?","M","T","?","E","?","R","E","R","BOSS","M","?","$","M","?","R","M","?","T","M","R","M","R","M","R","BOSS","R","$","E","BOSS"],"items_purchased_type":["Relic","Relic","Relic","Card","Card","Card","Card","Card","Relic","Relic","Relic","Card","Card","Card","Relic","Relic","Relic","Relic","Relic","Relic","Card","Card","Card","Relic","Relic","Relic","Card","Potion","Relic","Potion","Relic","Relic","Relic","Relic","Card","Relic","Relic","Relic","Card","Card","Relic","Relic","Relic","Relic","Card","Relic","Card","Relic","Relic"],"build_version":"2020-12-22","purchased_purges":10,"victory":false,"max_hp_per_floor":[93,93,93,93,93,93,93,93,93,93,93,93,93,93,93,93,93,93,93,93,98,98,98,98,103,103,103,103,103,103,103,103,103,109,109,109,109,109,109,109,109,109,109,109,109,109,109,109,109,109,109,109,109,109,109,109],"card_choices":[{"not_picked":["Expertise","Chill","Sword Boomerang","Rip and Tear"],"picked":"SKIP","floor":1},{"not_picked":["Go for the Eyes","Lockon","Armaments","LessonLearned"],"picked":"SKIP","floor":4},{"not_picked":["EmptyBody","EmptyMind","Concentrate","Enlightenment"],"picked":"SKIP","floor":6},{"not_picked":["Hello World","Mind Blast","BootSequence","Barrage"],"picked":"SKIP","floor":7},{"not_picked":["Conserve Battery","Sucker Punch","Dagger Throw"],"picked":"WheelKick","floor":11},{"not_picked":["Madness","FollowUp","DeceiveReality"],"picked":"Reboot","floor":14},{"not_picked":["Berserk","All For One","Sadistic Nature"],"picked":"Alpha","floor":16},{"not_picked":["Gash","ThirdEye","Prostrate","Wild Strike"],"picked":"SKIP","floor":18},{"not_picked":["LikeWater","Finisher","Coolheaded","Conserve Battery"],"picked":"SKIP","floor":25},{"not_picked":["EmptyBody","Deadly Poison+1","Twin Strike","Poisoned Stab"],"picked":"SKIP","floor":28},{"not_picked":["EmptyFist+1","Prostrate","PanicButton","Leg Sweep"],"picked":"SKIP","floor":29},{"not_picked":["Underhanded Strike","Biased Cognition","Cold Snap+1","Dropkick"],"picked":"SKIP","floor":31},{"not_picked":["Blasphemy","Ragnarok","MasterReality"],"picked":"Omniscience","floor":33},{"not_picked":["Protect+1","PathToVictory+1","Armaments","Shrug It Off+1"],"picked":"SKIP","floor":35},{"not_picked":["Dual Wield","Good Instincts+1","Slice","Backflip+1"],"picked":"SKIP","floor":38},{"not_picked":["Thinking Ahead","Trip","Mayhem"],"picked":"Apotheosis","floor":39},{"not_picked":["Well Laid Plans","CutThroughFate","Bloodletting+1","Outmaneuver+1"],"picked":"SKIP","floor":41},{"not_picked":["Barrage+1","Footwork","WaveOfTheHand+1","SignatureMove+1"],"picked":"SKIP","floor":44},{"not_picked":["Skim","Pommel Strike+1","Leap+1","Crippling Poison+1"],"picked":"SKIP","floor":46},{"not_picked":["Entrench","Anger+1","PiercingWail","Headbutt"],"picked":"SKIP","floor":48},{"not_picked":["InnerPeace","Leap","Capacitor","Heavy Blade+1"],"picked":"SKIP","floor":54}],"player_experience":183625,"relics_obtained":[{"floor":6,"key":"Ancient Tea Set"},{"floor":7,"key":"GoldenEye"},{"floor":9,"key":"Matryoshka"},{"floor":10,"key":"Eternal Feather"},{"floor":12,"key":"StoneCalendar"},{"floor":15,"key":"Blue Candle"},{"floor":19,"key":"Bag of Preparation"},{"floor":19,"key":"Bottled Lightning"},{"floor":26,"key":"Boot"},{"floor":27,"key":"Lantern"},{"floor":28,"key":"Blood Vial"},{"floor":31,"key":"Centennial Puzzle"},{"floor":34,"key":"Damaru"},{"floor":34,"key":"Mercury Hourglass"},{"floor":34,"key":"Unceasing Top"},{"floor":42,"key":"Anchor"},{"floor":43,"key":"Yang"},{"floor":45,"key":"Omamori"},{"floor":47,"key":"Dream Catcher"},{"floor":54,"key":"Oddly Smooth Stone"}],"event_choices":[{"damage_healed":0,"gold_gain":0,"player_choice":"Grow","damage_taken":0,"max_hp_gain":0,"max_hp_loss":0,"event_name":"Living Wall","floor":3,"gold_loss":0,"cards_upgraded":["PathToVictory"]},{"damage_healed":0,"gold_gain":0,"player_choice":"Entered Light","damage_taken":19,"max_hp_gain":0,"max_hp_loss":0,"event_name":"Shining Light","floor":5,"gold_loss":0,"cards_upgraded":["Adaptation","ThirdEye"]},{"damage_healed":0,"gold_gain":0,"player_choice":"Upgraded","damage_taken":0,"max_hp_gain":0,"max_hp_loss":0,"event_name":"Upgrade Shrine","floor":13,"gold_loss":0,"cards_upgraded":["WheelKick"]},{"damage_healed":0,"gold_gain":0,"player_choice":"Simplicity","damage_taken":0,"max_hp_gain":0,"max_hp_loss":0,"event_name":"Back to Basics","floor":20,"gold_loss":0,"cards_upgraded":[]},{"damage_healed":0,"gold_gain":0,"player_choice":"Shed Blood","damage_taken":23,"max_hp_gain":5,"max_hp_loss":0,"event_name":"Forgotten Altar","floor":21,"gold_loss":0},{"damage_healed":0,"gold_gain":0,"player_choice":"Ignored","damage_taken":0,"max_hp_gain":0,"max_hp_loss":0,"event_name":"Ghosts","floor":24,"gold_loss":0},{"damage_healed":0,"gold_gain":0,"player_choice":"Upgrade","damage_taken":0,"relics_obtained":["Mark of the Bloom"],"max_hp_gain":0,"max_hp_loss":0,"event_name":"MindBloom","floor":36,"gold_loss":0,"cards_upgraded":["Eruption","Vigilance","FollowUp","PathToVictory","FearNoEvil","Pray","Prostrate","Protect","Prostrate","MentalFortress","FollowUp","FollowUp","Omniscience"]},{"damage_healed":0,"gold_gain":0,"player_choice":"Memory 1","damage_taken":0,"max_hp_gain":0,"max_hp_loss":0,"event_name":"SensoryStone","floor":39,"gold_loss":0}],"is_beta":false,"boss_relics":[{"not_picked":["Snecko Eye","Velvet Choker","Astrolabe"]},{"not_picked":["Pandora\u0027s Box","Cursed Key"],"picked":"Calling Bell"}],"items_purged_floors":[0,0,0,0,0,0,0,0,22,37],"is_endless":false,"potions_floor_spawned":[1,4,6,7,11,14,16,18,25,28,29,31,33,35,38,41,44,46,48,54],"killed_by":"The Heart","ascension_level":1}}