{"host":"d42v9a78iaxjks5w","time":1612980990,"event":{"mods":["BaseMod","BetterRewards","Colored Map","Colored Powertips","Downfall","Infinite Spire","Minty Spire (QoL Compilation)","Replay The Spire","StSLib"],"gold_per_floor":[112,122,122,136,151,151,162,162,185,103,103,150,168,181,181,283,283,293,304,317,344,344,375,375,395,420,420,436,471,471,471],"floor_reached":30,"language":"ENG","playtime":1152,"items_purged":[],"score":290,"play_id":"030ccca8-2f76-44ba-94b6-d50e691209c6","local_time":"20210210121630","is_ascension_mode":true,"campfire_choices":[{"data":"Bash","floor":6,"key":"SMITH"},{"data":"Inflame","floor":11,"key":"SMITH"},{"data":"Ghostly Armor","floor":15,"key":"SMITH"},{"floor":24,"key":"REST"}],"circlet_count":0,"master_deck":["Strike_R","Strike_R","Strike_R","Strike_R+1","Strike_R","Defend_R+1","Defend_R","Defend_R","Defend_R+1","Bash+1","Shrug It Off+1","Ghostly Armor+1","Twin Strike","Cleave","Inflame+1","Inflame","Bludgeon","CurseOfTheBell","Dropkick","Twin Strike","Replay:Fractal Strike","Body Slam","Brutality+1","Bash"],"relics":["Burning Blood","NeowsBlessing","Happy Flower","Strawberry","ReplayFunnel","Calling Bell","Oddly Smooth Stone","Divine Protection","Lizard Tail","Bag of Preparation","Golden Egg","War Paint","Vajra","Replay:Rubber Ducky"],"acts_visited":["Exordium","TheCity"],"potions_floor_usage":[13,16,16,16,20],"damage_taken":[{"damage":0,"enemies":"Small Slimes","floor":1,"turns":1},{"damage":0,"enemies":"Jaw Worm","floor":2,"turns":1},{"damage":0,"enemies":"Cultist","floor":4,"turns":1},{"damage":21,"enemies":"Blue Slaver","floor":5,"turns":5},{"damage":30,"enemies":"Gremlin Gang","floor":7,"turns":7},{"damage":12,"enemies":"Large Slime","floor":13,"turns":3},{"damage":1,"enemies":"Red Slaver","floor":14,"turns":5},{"damage":23,"enemies":"Hexaghost","floor":16,"turns":9},{"damage":16,"enemies":"Spheric Guardian","floor":18,"turns":4},{"damage":52,"enemies":"3 Byrds","floor":19,"turns":7},{"damage":16,"enemies":"Cultist and Chosen","floor":20,"turns":6},{"damage":43,"enemies":"Nightmare","floor":23,"turns":8},{"damage":24,"enemies":"Centurion and Healer","floor":25,"turns":6},{"damage":24,"enemies":"Sentry and Sphere","floor":28,"turns":7},{"damage":34,"enemies":"Book of Stabbing","floor":29,"turns":6},{"damage":21,"enemies":"Chosen and Byrds","floor":30,"turns":6}],"seed_played":"4707542935485646960","potions_obtained":[{"floor":2,"key":"Strength Potion"},{"floor":4,"key":"SpeedPotion"},{"floor":7,"key":"Fire Potion"},{"floor":14,"key":"champ:CounterPotion"},{"floor":18,"key":"Energy Potion"},{"floor":19,"key":"FairyPotion"},{"floor":29,"key":"FearPotion"}],"is_trial":false,"path_per_floor":["M","M","?","M","M","R","M","?","T","$","R","T","M","M","R","B",null,"M","M","M","T","AVR","NM","R","M","T","?","M","E","M"],"character_chosen":"IRONCLAD","items_purchased":["Inflame"],"campfire_rested":1,"item_purchase_floors":[10],"current_hp_per_floor":[80,80,64,70,55,55,31,19,26,26,26,26,20,25,25,8,87,77,31,21,21,21,13,39,21,21,21,49,21,0,0],"gold":471,"neow_bonus":"THREE_ENEMY_KILL","is_daily":false,"chose_seed":false,"campfire_upgraded":3,"win_rate":0.0,"timestamp":1612980990,"path_taken":["M","M","?","M","M","R","M","?","T","$","R","?","M","M","R","BOSS","M","M","M","?","AVR","NM","R","M","T","?","M","E","?"],"items_purchased_type":["Card"],"build_version":"2020-12-22","purchased_purges":0,"victory":false,"max_hp_per_floor":[80,80,80,80,80,80,80,80,87,87,87,87,87,87,87,87,87,87,87,87,87,87,87,87,87,87,87,87,87,87,87],"card_choices":[{"not_picked":["Cleave","Havoc"],"picked":"Shrug It Off","floor":1},{"not_picked":["Wild Strike","Heavy Blade"],"picked":"Ghostly Armor","floor":2},{"not_picked":["Pommel Strike","Fire Breathing","Armaments"],"picked":"SKIP","floor":4},{"not_picked":["Armaments","Infernal Blade"],"picked":"Twin Strike","floor":5},{"not_picked":["Uppercut","Evolve"],"picked":"Cleave","floor":7},{"not_picked":["ReplayTheSpireMod:Strike From Hell","Cleave"],"picked":"Inflame","floor":13},{"not_picked":["Rage","Flex","Defy Death"],"picked":"SKIP","floor":14},{"not_picked":["Reaper","Berserk"],"picked":"Bludgeon","floor":16},{"not_picked":["Clash","Sever Soul"],"picked":"Dropkick","floor":18},{"not_picked":["Demonic Infusion","Power Through"],"picked":"Twin Strike","floor":19},{"not_picked":["Anger","Burning Pact","Defy Death"],"picked":"SKIP","floor":20},{"not_picked":["Heavy Blade","Armaments"],"picked":"Body Slam","floor":23},{"not_picked":["Anger+1","Run Through","Searing Blow"],"picked":"SKIP","floor":25},{"not_picked":["Disarm","Flex","Carnage"],"picked":"SKIP","floor":28},{"not_picked":["Massacre","Heavy Blade","Abandon"],"picked":"SKIP","floor":29}],"player_experience":102584,"relics_obtained":[{"floor":9,"key":"Strawberry"},{"floor":12,"key":"ReplayFunnel"},{"floor":17,"key":"Oddly Smooth Stone"},{"floor":17,"key":"Divine Protection"},{"floor":17,"key":"Lizard Tail"},{"floor":21,"key":"Bag of Preparation"},{"floor":23,"key":"War Paint"},{"floor":26,"key":"Vajra"},{"floor":29,"key":"Replay:Rubber Ducky"}],"event_choices":[{"damage_healed":0,"gold_gain":0,"player_choice":"Entered Light","damage_taken":16,"max_hp_gain":0,"max_hp_loss":0,"event_name":"Shining Light","floor":3,"gold_loss":0,"cards_upgraded":["Defend_R","Strike_R"]},{"damage_healed":0,"gold_gain":0,"player_choice":"Success","damage_taken":12,"relics_obtained":["Happy Flower"],"max_hp_gain":0,"max_hp_loss":0,"event_name":"Scrap Ooze","floor":8,"gold_loss":0},{"damage_healed":0,"gold_gain":0,"player_choice":"2 cards matched","damage_taken":0,"max_hp_gain":0,"max_hp_loss":0,"event_name":"Match and Keep!","floor":27,"gold_loss":0,"cards_obtained":["Brutality","Bash"]},{"damage_healed":0,"gold_gain":0,"player_choice":"2 cards matched","damage_taken":0,"max_hp_gain":0,"max_hp_loss":0,"event_name":"Match and Keep!","floor":27,"gold_loss":0,"cards_obtained":["Brutality","Bash"]}],"is_beta":false,"boss_relics":[{"not_picked":["Ooze Armor","Replay:Ancient Bell"],"picked":"Calling Bell"}],"items_purged_floors":[],"is_endless":true,"potions_floor_spawned":[2,4,7,14,18,19,29],"killed_by":"Chosen and Byrds","ascension_level":2}}