{"host":"lx2ngef1mcpp0cnu","time":1612958261,"event":{"mods":["2.2 Compatiblity","Aspiration","Astrologer","BaseMod","Better Note","BetterRewards","Colored Map","Custom Start","Downfall","Googly Eyes","GungeonMod","Highlight Path","Mad Scientist","Marisa????????","Minty Spire (QoL Compilation)","Potionbrewer","READ ME - Guardian Mod","Shop Mod","Somnambulant","StSLib","SuperFastMode","Td1madao Mod","The Bug Knight","The Construct","The Cursed","The Disciple","The Hierophant","The Judge","The Necromancer","The Saiyan","The Servant 0.9.4","[IsaacMod]????","thorton"],"gold_per_floor":[115,65,115,115,31,31,60,60,131,131,150,150,165,225,225,327,327,346,346,356,369,369,369,369,55,55,72,89,124,124,134,134,237,237,249,261,2,19,33,62,62,10,10,38,54,21,65,65,65,65],"floor_reached":51,"language":"ENG","playtime":2876,"items_purged":["TheCursedMod:Strike_TheCursed"],"score":818,"play_id":"eecb6d40-59cf-45ae-b217-410012c0f560","local_time":"20210210065741","is_ascension_mode":true,"campfire_choices":[{"floor":6.0,"key":"REST"},{"floor":8.0,"key":"DIG"},{"floor":10.0,"key":"DIG"},{"floor":12.0,"key":"REST"},{"floor":15.0,"key":"DIG"},{"floor":30.0,"key":"DIG"},{"floor":32.0,"key":"REST"},{"floor":41,"key":"DIG"},{"floor":49,"key":"DIG"}],"circlet_count":0,"master_deck":["TheCursedMod:Strike_TheCursed","TheCursedMod:Strike_TheCursed","TheCursedMod:Strike_TheCursed","TheCursedMod:Defend_TheCursed","TheCursedMod:Defend_TheCursed","TheCursedMod:Defend_TheCursed","TheCursedMod:CursedWand","TheCursedMod:CleanUpWorkshop","TheCursedMod:Dregs","TheCursedMod:SpitefulPlan","TheCursedMod:SoulCrush","TheCursedMod:WearCloak","TheCursedMod:Evocation","TheCursedMod:AshesToAshes","TheCursedMod:RapidMovement","TheCursedMod:SmokeScreen","TheCursedMod:Stretching+1","TheCursedMod:CollectTribute","TheCursedMod:CursedBoomerang","RitualDagger","TheCursedMod:Obscuration+1","TheCursedMod:Torture+1","TheCursedMod:CursedShiv+1","TheCursedMod:DoubleShield+1","TheCursedMod:CursedBlade","TheCursedMod:TroublousMinions+1","TheCursedMod:DarkBarrier+1","TheCursedMod:DoubleShield+1","TheCursedMod:ManaCirculation","TheCursedMod:Mangle+1","TheCursedMod:RavingStaff","TheCursedMod:CursedArmor+1","Bandage Up+1","TheCursedMod:FleshFromBone+1","TheCursedMod:DemonSword+1","TheCursedMod:TacticalStrike+1","TheCursedMod:LuckyCharm","TheCursedMod:SpitefulPray+1","TheCursedMod:CursedShiv+1","TheCursedMod:SpitefulStrike+1","TheCursedMod:CursedSpellbook+1","Madness+1","Madness+1"],"relics":["TheCursedMod:BlackMagicAdvanced","HushsDoor","GuppysTail","DemoMod:OrangeGuonStone","DemoMod:ClearGuonStone","Shovel","Juzu Bracelet","Kunai","DemoMod:Metronome","Toxic Egg 2","Boot","aspiration:RunicSpoon","Enchiridion","HollowMod:StagPassRelic","DemoMod:MeatBun","DemoMod:GundromedaStrain","DemoMod:LamentConfigurum","aspiration:HummingbirdHeart","PunchingBag","DemoMod:VorpalBullet","DemoMod:MonsterBlood","DoctorsRemote","aspiration:Lifesprig"],"acts_visited":["Exordium","TheCity","TheBeyond"],"potions_floor_usage":[50],"damage_taken":[{"damage":1.0,"enemies":"2 Louse","floor":1.0,"turns":4.0},{"damage":75.0,"enemies":"Hiden Room Battle","floor":3.0,"turns":9.0},{"damage":9.0,"enemies":"Gremlin Nob","floor":7.0,"turns":3.0},{"damage":0.0,"enemies":"Small Slimes","floor":11.0,"turns":2.0},{"damage":0.0,"enemies":"Jaw Worm","floor":13.0,"turns":5.0},{"damage":0.0,"enemies":"3 Sentries","floor":14.0,"turns":6.0},{"damage":44.0,"enemies":"The Guardian","floor":16.0,"turns":12.0},{"damage":13.0,"enemies":"Spheric Guardian","floor":18.0,"turns":4.0},{"damage":4.0,"enemies":"Chosen","floor":20.0,"turns":6.0},{"damage":9.0,"enemies":"Snecko","floor":21.0,"turns":6.0},{"damage":6.0,"enemies":"Snake Plant","floor":27.0,"turns":3.0},{"damage":6.0,"enemies":"Centurion and Healer","floor":28.0,"turns":5.0},{"damage":12.0,"enemies":"Book of Stabbing","floor":29.0,"turns":5.0},{"damage":3.0,"enemies":"Chosen and Byrds","floor":31.0,"turns":3.0},{"damage":38.0,"enemies":"Automaton","floor":33.0,"turns":13.0},{"damage":0,"enemies":"Orb Walker","floor":35,"turns":4},{"damage":9,"enemies":"3 Shapes","floor":36,"turns":3},{"damage":0,"enemies":"3 Darklings","floor":38,"turns":7},{"damage":2,"enemies":"Jaw Worm Horde","floor":39,"turns":4},{"damage":1,"enemies":"Nemesis","floor":40,"turns":5},{"damage":0,"enemies":"Reptomancer","floor":44,"turns":3},{"damage":3,"enemies":"Writhing Mass","floor":45,"turns":5},{"damage":27,"enemies":"Awakened One","floor":50,"turns":11}],"seed_played":"1989628569448651442","potions_obtained":[{"floor":3.0,"key":"Explosive Potion"},{"floor":13.0,"key":"potionbrewer:DiscountPotion"},{"floor":14.0,"key":"ColorlessPotion"},{"floor":27.0,"key":"potionbrewer:CleansingPotion"},{"floor":28.0,"key":"Dexterity Potion"},{"floor":33.0,"key":"EssenceOfSteel"},{"floor":36,"key":"ColorlessPotion"},{"floor":39,"key":"TheCursedMod:DregsPotion"}],"is_trial":false,"path_per_floor":["M","?","?","?","$","R","E","R","T","R","M","R","M","?","R","B",null,"M","?","M","M","?","T","?","$","T","M","M","E","R","M","R","B",null,"M","M","$","M","M","E","R","$","T","E","M","$","?","?","R","B",null],"character_chosen":"THE_CURSED","items_purchased":["TheCursedMod:WearCloak","TheCursedMod:Evocation","DemoMod:MeatBun","TheCursedMod:CursedShiv","TheCursedMod:DoubleShield+1","TheCursedMod:CursedArmor+1","Bandage Up+1","TheCursedMod:FleshFromBone+1","TheCursedMod:DemonSword","Weak Potion","SkillPotion","TheCursedMod:CursedSpellbook+1"],"campfire_rested":3,"item_purchase_floors":[5,5,25,25,25,37,37,37,37,37,42,46],"current_hp_per_floor":[81,81,6,6,6,30,21,21,21,21,21,45,45,45,45,1,82,69,63,59,50,34,34,34,48,48,42,36,24,24,21,45,7,82,82,73,73,79,77,81,88,88,88,89,89,89,74,63,63,42],"gold":65,"neow_bonus":"TEN_PERCENT_HP_BONUS","is_daily":false,"chose_seed":false,"campfire_upgraded":0,"win_rate":0.0,"timestamp":1612958261,"path_taken":["M","?","?","?","$","R","E","R","T","R","M","R","M","?","R","BOSS","M","?","M","M","?","?","?","$","T","M","M","E","R","M","R","BOSS","M","M","$","M","M","E","R","$","T","E","M","$","?","?","R","BOSS"],"items_purchased_type":["Card","Card","Relic","Card","Card","Card","Card","Card","Card","Potion","Potion","Card"],"build_version":"2020-12-22","purchased_purges":1,"victory":true,"max_hp_per_floor":[82,82,82,82,82,82,82,82,82,82,82,82,82,82,82,82,82,82,82,82,82,82,82,82,82,82,82,82,82,82,82,82,82,82,82,82,82,82,82,82,89,89,89,89,89,89,89,89,89,89],"card_choices":[{"not_picked":[],"picked":"Bomb","floor":0.0},{"not_picked":["TheCursedMod:Mangle","TheCursedMod:RavingStaff"],"picked":"TheCursedMod:SpitefulPlan","floor":1.0},{"not_picked":["TheCursedMod:HellsGateOpen","TheCursedMod:TacticalStrike"],"picked":"TheCursedMod:SoulCrush","floor":3.0},{"not_picked":["TheCursedMod:TroublousMinions","TheCursedMod:VitalStrike"],"picked":"TheCursedMod:AshesToAshes","floor":7.0},{"not_picked":["Bomb","TheCursedMod:CircleOfCorruption"],"picked":"TheCursedMod:RapidMovement","floor":11.0},{"not_picked":["TheCursedMod:CursedMace","TheCursedMod:DoubleShield"],"picked":"TheCursedMod:SmokeScreen","floor":13.0},{"not_picked":["TheCursedMod:CircleOfWindfury+1","TheCursedMod:CircleOfFocus+1"],"picked":"TheCursedMod:Stretching+1","floor":14.0},{"not_picked":["TheCursedMod:CircleOfAbyss+1","TheCursedMod:UltimatePain+1"],"picked":"TheCursedMod:CollectTribute","floor":16.0},{"not_picked":["TheCursedMod:FleshFromBone+1","TheCursedMod:CursedAmulet+1"],"picked":"TheCursedMod:CursedBoomerang","floor":18.0},{"not_picked":["TheCursedMod:PrepareRite+1","TheCursedMod:Evocation+1"],"picked":"TheCursedMod:Obscuration+1","floor":20.0},{"not_picked":["TheCursedMod:TacticalStrike","TheCursedMod:SmokeScreen+1"],"picked":"TheCursedMod:Torture+1","floor":21.0},{"not_picked":["TheCursedMod:Stretching+1","TheCursedMod:Mangle"],"picked":"TheCursedMod:CursedBlade","floor":27.0},{"not_picked":["TheCursedMod:Wield+1","TheCursedMod:RapidMovement+1"],"picked":"TheCursedMod:TroublousMinions+1","floor":28.0},{"not_picked":["TheCursedMod:CursedSpellbook+1","TheCursedMod:Stretching+1"],"picked":"TheCursedMod:DarkBarrier+1","floor":29.0},{"not_picked":["TheCursedMod:VitalStrike","TheCursedMod:SmokeScreen+1"],"picked":"TheCursedMod:DoubleShield+1","floor":31.0},{"not_picked":["TheCursedMod:DarkBarrier+1","TheCursedMod:UltimatePain+1"],"picked":"TheCursedMod:ManaCirculation","floor":33.0},{"not_picked":["TheCursedMod:CursedShiv","TheCursedMod:CursedSpellbook+1"],"picked":"TheCursedMod:Mangle+1","floor":35},{"not_picked":["TheCursedMod:Obscuration+1","TheCursedMod:CircleOfCorruption+1"],"picked":"TheCursedMod:RavingStaff","floor":36},{"not_picked":["TheCursedMod:CursedBlade","TheCursedMod:SmokeScreen+1"],"picked":"TheCursedMod:TacticalStrike+1","floor":38},{"not_picked":["TheCursedMod:CursedAmulet+1","TheCursedMod:StingEye"],"picked":"TheCursedMod:LuckyCharm","floor":39},{"not_picked":["TheCursedMod:WearCloak+1","TheCursedMod:ManaBullet"],"picked":"TheCursedMod:SpitefulPray+1","floor":40},{"not_picked":["TheCursedMod:CircleOfAmplification+1","TheCursedMod:Obscuration+1"],"picked":"TheCursedMod:CursedShiv+1","floor":44},{"not_picked":["TheCursedMod:SmokeScreen+1","TheCursedMod:TacticalStrike"],"picked":"TheCursedMod:SpitefulStrike+1","floor":45}],"player_experience":584200,"relics_obtained":[{"floor":3.0,"key":"DemoMod:OrangeGuonStone"},{"floor":3.0,"key":"DemoMod:ClearGuonStone"},{"floor":7.0,"key":"Shovel"},{"floor":8.0,"key":"Juzu Bracelet"},{"floor":9.0,"key":"Kunai"},{"floor":10.0,"key":"DemoMod:Metronome"},{"floor":14.0,"key":"Toxic Egg 2"},{"floor":15.0,"key":"Boot"},{"floor":22.0,"key":"Enchiridion"},{"floor":23.0,"key":"HollowMod:StagPassRelic"},{"floor":26.0,"key":"DemoMod:GundromedaStrain"},{"floor":29.0,"key":"DemoMod:LamentConfigurum"},{"floor":30.0,"key":"aspiration:HummingbirdHeart"},{"floor":40,"key":"DemoMod:VorpalBullet"},{"floor":41,"key":"DemoMod:MonsterBlood"},{"floor":44,"key":"DoctorsRemote"},{"floor":49,"key":"aspiration:Lifesprig"}],"event_choices":[{"cards_removed":["TheCursedMod:Defend_TheCursed"],"damage_healed":0.0,"max_hp_gain":0.0,"max_hp_loss":0.0,"gold_gain":0.0,"event_name":"The Cleric","player_choice":"Card Removal","floor":2.0,"gold_loss":50.0,"damage_taken":0.0},{"damage_healed":0.0,"max_hp_gain":0.0,"max_hp_loss":0.0,"gold_gain":0.0,"event_name":"HidenRoomEvent","player_choice":"Fight","floor":3.0,"gold_loss":0.0,"damage_taken":0.0},{"damage_healed":0.0,"max_hp_gain":0.0,"max_hp_loss":0.0,"gold_gain":0.0,"event_name":"Shining Light","player_choice":"Ignored","floor":4.0,"gold_loss":0.0,"damage_taken":0.0},{"damage_healed":0.0,"max_hp_gain":0.0,"max_hp_loss":0.0,"gold_gain":30.0,"event_name":"Dead Adventurer","player_choice":"Searched \u00272\u0027 times","floor":14.0,"gold_loss":0.0,"damage_taken":0.0},{"damage_healed":0.0,"max_hp_gain":0.0,"max_hp_loss":0.0,"gold_gain":0.0,"event_name":"Nest","player_choice":"Joined the Cult","floor":19.0,"gold_loss":0.0,"damage_taken":6.0,"cards_obtained":["RitualDagger"]},{"damage_healed":0.0,"max_hp_gain":0.0,"max_hp_loss":0.0,"gold_gain":0.0,"event_name":"Cursed Tome","player_choice":"Obtained Book","floor":22.0,"gold_loss":0.0,"damage_taken":16.0},{"damage_healed":0.0,"max_hp_gain":0.0,"max_hp_loss":0.0,"gold_gain":0.0,"event_name":"Ghosts","player_choice":"Ignored","floor":24.0,"gold_loss":0.0,"damage_taken":0.0},{"damage_healed":0,"gold_gain":0,"player_choice":"Embrace Madness","damage_taken":11,"max_hp_gain":0,"max_hp_loss":0,"event_name":"Winding Halls","floor":48,"gold_loss":0,"cards_obtained":["Madness","Madness"]}],"is_beta":false,"boss_relics":[{"not_picked":["Tiny House","Astrolabe"],"picked":"aspiration:RunicSpoon"},{"not_picked":[]},{"not_picked":["Pandora\u0027s Box","aspiration:MarisaSkillbook"],"picked":"TheCursedMod:BlackMagicAdvanced"},{"not_picked":[]}],"items_purged_floors":[25],"is_endless":false,"potions_floor_spawned":[3,13,14,27,28,33,36,38,39],"ascension_level":2}}