{"host":"0ma1l65sntb3rtgl","time":1612979965,"event":{"mods":["AchievementEnabler","BaseMod","Better Note","Better Third Choice","Colored Map","Colored Powertips","Curses Come First","Highlight Path","Minty Spire (QoL Compilation)","Rare Cards Sparkle","Relic Stats","StSLib"],"gold_per_floor":[116,41,41,41,41,70,99,99,171,204,233,81,81,81,81,183,183,202,18,18,37,37,65,65,65,91,91,91,91,91,119,119,223,223,233,244,97,150,50,50,50,50,50,50,78,78,109,144,144,248,248,259,274,41,41,41,41,41,116,116,116,145,145,1,1,1,97,97,117,162,19,28,0,0,17,17,42,71,71,71,71,171,171,268,268,282,282,197,197,197,197,209,209,240,240,295,148,370,165,165,266,266,279,279,279,207,207,207,207,63,98,134,209,63,63,95,95,214,214,227,248,264,42,42,85,121,321,361,361,131,131,12,21,21,141,141,141],"floor_reached":136,"language":"ENG","playtime":7792,"items_purged":["Darkness","Steam"],"score":3864,"play_id":"4a06677f-4704-45b2-9613-0982765dd466","local_time":"20210210115925","daily_mods":["Draft","Heirloom","Flight"],"is_ascension_mode":false,"campfire_choices":[{"data":"Coolheaded","floor":8.0,"key":"SMITH"},{"data":"Defragment","floor":15.0,"key":"SMITH"},{"data":"Apotheosis","floor":24.0,"key":"SMITH"},{"data":"Genetic Algorithm","floor":25.0,"key":"SMITH"},{"data":"White Noise","floor":27.0,"key":"SMITH"},{"data":"RitualDagger","floor":32.0,"key":"SMITH"},{"data":"Stack","floor":40.0,"key":"PURGE"},{"data":"Hologram","floor":41.0,"key":"PURGE"},{"data":"Leap","floor":42.0,"key":"PURGE"},{"data":"Blizzard","floor":46.0,"key":"PURGE"},{"data":"Ball Lightning+1","floor":49.0,"key":"PURGE"},{"data":"Madness","floor":57.0,"key":"SMITH"},{"data":"Undo","floor":58.0,"key":"PURGE"},{"data":"Electrodynamics","floor":61.0,"key":"PURGE"},{"data":"Apotheosis+1","floor":63.0,"key":"PURGE"},{"data":"RitualDagger+1","floor":66.0,"key":"PURGE"},{"data":"Writhe","floor":74.0,"key":"PURGE"},{"floor":76.0,"key":"REST"},{"data":"Defragment+1","floor":79.0,"key":"PURGE"},{"data":"White Noise+1","floor":80.0,"key":"PURGE"},{"data":"White Noise+1","floor":83.0,"key":"PURGE"},{"floor":91.0,"key":"REST"},{"data":"Flash of Steel","floor":93.0,"key":"PURGE"},{"floor":100.0,"key":"REST"},{"data":"Consume","floor":108.0,"key":"PURGE"},{"data":"Echo Form+1","floor":117.0,"key":"PURGE"},{"data":"RitualDagger","floor":134.0,"key":"PURGE"}],"circlet_count":3,"master_deck":["Genetic Algorithm+1","Cold Snap","Blizzard+1","Glacier+1","Coolheaded+1","Coolheaded+1","Reboot+1","Turbo+1","Madness+1","Ghostly","Ghostly","Ghostly","Ghostly","Ghostly","Panache+1"],"relics":["FrozenCore","Bird Faced Urn","Emotion Chip","Gremlin Horn","Bottled Flame","Kunai","Eternal Feather","Ancient Tea Set","Art of War","DollysMirror","Inserter","DataDisk","Juzu Bracelet","MutagenicStrength","Red Mask","Black Star","PreservedInsect","Peace Pipe","Centennial Puzzle","Whetstone","CeramicFish","Frozen Egg 2","Blood Vial","Happy Flower","Cables","Bag of Preparation","War Paint","Odd Mushroom","Vajra","Fusion Hammer","Akabeko","MealTicket","Lizard Tail","Sundial","Nuclear Battery","Pocketwatch","Membership Card","Medical Kit","Ornamental Fan","Coffee Dripper","Golden Idol","Sling","Incense Burner","Circlet","Calipers","Runic Dome","TungstenRod","Regal Pillow","ClockworkSouvenir","Anchor","Dream Catcher","HornCleat","Sozu"],"acts_visited":["Exordium","TheCity","TheBeyond","Exordium","TheCity","TheBeyond","Exordium","TheCity","TheBeyond"],"potions_floor_usage":[],"damage_taken":[{"damage":0.0,"enemies":"Small Slimes","floor":1.0,"turns":4.0},{"damage":0.0,"enemies":"Lagavulin","floor":6.0,"turns":9.0},{"damage":0.0,"enemies":"Gremlin Nob","floor":7.0,"turns":5.0},{"damage":3.0,"enemies":"3 Sentries","floor":10.0,"turns":7.0},{"damage":10.0,"enemies":"Gremlin Nob","floor":11.0,"turns":4.0},{"damage":23.0,"enemies":"Slime Boss","floor":16.0,"turns":9.0},{"damage":1.0,"enemies":"Chosen","floor":18.0,"turns":8.0},{"damage":0.0,"enemies":"Spheric Guardian","floor":21.0,"turns":6.0},{"damage":39.0,"enemies":"Gremlin Leader","floor":23.0,"turns":7.0},{"damage":0.0,"enemies":"Masked Bandits","floor":31.0,"turns":4.0},{"damage":8.0,"enemies":"Automaton","floor":33.0,"turns":15.0},{"damage":0.0,"enemies":"Orb Walker","floor":35.0,"turns":5.0},{"damage":6.0,"enemies":"3 Shapes","floor":36.0,"turns":3.0},{"damage":0.0,"enemies":"2 Orb Walkers","floor":38.0,"turns":5.0},{"damage":0.0,"enemies":"Giant Head","floor":45.0,"turns":9.0},{"damage":0.0,"enemies":"Reptomancer","floor":47.0,"turns":4.0},{"damage":0.0,"enemies":"Giant Head","floor":48.0,"turns":10.0},{"damage":22.0,"enemies":"Awakened One","floor":50.0,"turns":14.0},{"damage":4.0,"enemies":"Jaw Worm","floor":52.0,"turns":4.0},{"damage":0.0,"enemies":"Cultist","floor":53.0,"turns":4.0},{"damage":0.0,"enemies":"The Mushroom Lair","floor":62.0,"turns":2.0},{"damage":12.0,"enemies":"Hexaghost","floor":67.0,"turns":7.0},{"damage":0.0,"enemies":"Shell Parasite","floor":69.0,"turns":3.0},{"damage":0.0,"enemies":"Chosen","floor":75.0,"turns":3.0},{"damage":0.0,"enemies":"Slavers","floor":77.0,"turns":4.0},{"damage":0.0,"enemies":"Shelled Parasite and Fungi","floor":78.0,"turns":4.0},{"damage":0.0,"enemies":"Colosseum Slavers","floor":82.0,"turns":5.0},{"damage":0.0,"enemies":"Colosseum Nobs","floor":82.0,"turns":4.0},{"damage":0.0,"enemies":"Champ","floor":84.0,"turns":9.0},{"damage":0.0,"enemies":"3 Darklings","floor":86.0,"turns":3.0},{"damage":0.0,"enemies":"Orb Walker","floor":92.0,"turns":6.0},{"damage":0.0,"enemies":"Reptomancer","floor":94.0,"turns":5.0},{"damage":61.0,"enemies":"2 Orb Walkers","floor":96.0,"turns":9.0},{"damage":0.0,"enemies":"Awakened One","floor":101.0,"turns":10.0},{"damage":0.0,"enemies":"Cultist","floor":103.0,"turns":3.0},{"damage":0.0,"enemies":"Gremlin Nob","floor":111.0,"turns":4.0},{"damage":0.0,"enemies":"The Mushroom Lair","floor":112.0,"turns":2.0},{"damage":0.0,"enemies":"Small Slimes","floor":116.0,"turns":3.0},{"damage":0.0,"enemies":"The Guardian","floor":118.0,"turns":6.0},{"damage":0.0,"enemies":"Spheric Guardian","floor":120.0,"turns":3.0},{"damage":0.0,"enemies":"Shell Parasite","floor":121.0,"turns":4.0},{"damage":0.0,"enemies":"Chosen and Byrds","floor":122.0,"turns":5.0},{"damage":0.0,"enemies":"Slavers","floor":125.0,"turns":3.0},{"damage":0.0,"enemies":"Masked Bandits","floor":126.0,"turns":2.0},{"damage":0.0,"enemies":"Book of Stabbing","floor":128.0,"turns":3.0},{"damage":0.0,"enemies":"Automaton","floor":135.0,"turns":5.0}],"seed_played":"-8180212087537397105","potions_obtained":[{"floor":6.0,"key":"Strength Potion"},{"floor":10.0,"key":"Dexterity Potion"},{"floor":16.0,"key":"LiquidMemories"},{"floor":21.0,"key":"Energy Potion"},{"floor":23.0,"key":"Fruit Juice"},{"floor":35.0,"key":"BlessingOfTheForge"},{"floor":47.0,"key":"FairyPotion"},{"floor":48.0,"key":"Regen Potion"},{"floor":101.0,"key":"AttackPotion"},{"floor":103.0,"key":"EntropicBrew"},{"floor":111.0,"key":"EssenceOfSteel"},{"floor":135.0,"key":"Fruit Juice"}],"is_trial":true,"path_per_floor":["M","$","?","?","$","E","E","R","T","E","E","$","$","?","R","B",null,"M","$","?","M","?","E","R","R","T","R","$","?","?","?","R","B",null,"M","M","$","?","$","R","R","R","T","?","E","R","E","E","R","B",null,"M","M","$","?","?","R","R","?","T","R","?","R","$","?","R","B",null,"M","?","$","?","?","R","M","R","E","M","R","R","$","?","R","B",null,"M","?","$","?","?","R","M","R","E","$","?","$","?","$","R","B",null,"M","?","?","$","?","R","?","$","E","?","?","$","$","M","R","B",null,"M","M","M","$","?","E","?","?","E","?","$","?","$","?","R","B",null],"character_chosen":"DEFECT","items_purchased":["DollysMirror","Apotheosis","PreservedInsect","Bag of Preparation","Madness","Vajra","Akabeko","Flash of Steel","Membership Card","Medical Kit","Ornamental Fan","Sling","Incense Burner","Calipers","Panache+1","TungstenRod","ClockworkSouvenir","Anchor","Dream Catcher","HornCleat"],"campfire_rested":3,"item_purchase_floors":[12,19,37,54,54,64,71,88,97,99,99,106,110,114,123,123,130,130,130,132],"current_hp_per_floor":[75,75,75,53,53,55,57,57,57,58,52,52,52,37,46,27,75,75,75,75,75,75,49,61,73,73,80,80,74,74,80,80,78,80,80,78,78,80,80,80,80,80,80,80,80,80,80,80,80,60,80,80,80,80,80,80,80,80,69,69,78,80,80,80,80,80,68,80,80,40,40,40,40,40,40,40,40,40,40,40,40,40,40,40,40,40,40,40,40,40,40,40,40,40,40,20,35,35,40,40,40,40,40,40,37,37,37,37,37,37,37,37,26,37,37,37,37,37,37,37,37,37,37,37,37,37,37,37,37,37,37,37,32,37,42,42,42],"gold":141,"neow_bonus":"","is_daily":false,"chose_seed":false,"campfire_upgraded":7,"win_rate":0.0,"timestamp":1612979965,"path_taken":["M","$","?","?","?","E","E","R","T","E","E","$","$","?","R","BOSS","M","$","?","?","?","E","R","R","T","R","$","?","?","?","R","BOSS","M","M","$","?","$","R","R","R","T","?","E","R","E","E","R","BOSS","M","M","$","?","?","R","R","?","T","R","?","R","$","?","R","BOSS","M","?","$","?","?","R","M","R","E","M","R","R","?","?","R","BOSS","M","?","?","?","?","R","M","R","E","$","?","$","?","$","R","BOSS","M","?","?","$","?","R","?","$","E","?","?","?","$","M","R","BOSS","M","M","M","$","?","E","?","?","E","?","$","?","$","?","R","BOSS"],"items_purchased_type":["Relic","Card","Relic","Relic","Card","Relic","Relic","Card","Relic","Relic","Relic","Relic","Relic","Relic","Card","Relic","Relic","Relic","Relic","Relic"],"build_version":"2020-12-22","purchased_purges":2,"victory":false,"max_hp_per_floor":[75,75,75,75,75,75,75,75,75,75,75,75,75,75,75,75,75,75,75,75,75,75,80,80,80,80,80,80,80,80,80,80,80,80,80,80,80,80,80,80,80,80,80,80,80,80,80,80,80,80,80,80,80,80,80,80,80,80,80,80,80,80,80,80,80,80,80,80,80,40,40,40,40,40,40,40,40,40,40,40,40,40,40,40,40,40,40,40,40,40,40,40,40,40,40,40,40,40,40,40,40,40,40,40,37,37,37,37,37,37,37,37,37,37,37,37,37,37,37,37,37,37,37,37,37,37,37,37,37,37,37,37,37,37,42,42,42],"relic_stats":{"Regal Pillow":0,"Gremlin Horn":[40,40],"CeramicFish":117,"Juzu Bracelet":9,"Bag of Preparation":[52],"Whetstone":["Ball Lightning","Blizzard"],"FrozenCore":[12],"Blood Vial":2,"Sozu":0,"Emotion Chip":[51,17,34,0,0],"Centennial Puzzle":[12],"Lizard Tail":20,"Dream Catcher":0,"Sundial":[216],"MealTicket":31,"Kunai":[30],"Inserter":[102],"Happy Flower":[46],"counters":[46,253],"Golden Idol":101,"Eternal Feather":54,"PreservedInsect":710,"War Paint":["Reboot"],"Medical Kit":[33],"Cables":[132,6,104,0,22],"Peace Pipe":27,"Ornamental Fan":[32],"Bird Faced Urn":[49],"Art of War":[30],"Black Star":8,"obtain_stats":[{"Calipers":114,"Gremlin Horn":4,"CeramicFish":45,"Vajra":64,"Whetstone":45,"Sling":106,"FrozenCore":51,"Blood Vial":47,"Sozu":136,"Centennial Puzzle":43,"Lizard Tail":82,"HornCleat":132,"DollysMirror":12,"Sundial":82,"MealTicket":72,"Fusion Hammer":68,"Kunai":7,"Happy Flower":48,"Eternal Feather":9,"War Paint":60,"Akabeko":71,"Cables":48,"Runic Dome":119,"Bottled Flame":6,"Bird Faced Urn":0,"MutagenicStrength":30,"Black Star":34,"Pocketwatch":96,"Regal Pillow":124,"Juzu Bracelet":26,"Bag of Preparation":54,"Incense Burner":110,"Ancient Tea Set":10,"ClockworkSouvenir":130,"Emotion Chip":4,"Dream Catcher":130,"Red Mask":31,"Cracked Core":0,"Inserter":17,"Golden Idol":105,"Circlet":112,"PreservedInsect":37,"Frozen Egg 2":47,"Odd Mushroom":62,"Medical Kit":99,"Nuclear Battery":85,"Peace Pipe":38,"DataDisk":23,"Anchor":130,"Ornamental Fan":99,"Art of War":11,"Coffee Dripper":102,"Membership Card":97,"TungstenRod":123},{"Calipers":37,"Gremlin Horn":1,"CeramicFish":15,"Vajra":21,"Whetstone":15,"Sling":35,"FrozenCore":18,"Blood Vial":16,"Sozu":46,"Centennial Puzzle":14,"Lizard Tail":28,"HornCleat":45,"DollysMirror":5,"Sundial":28,"MealTicket":23,"Fusion Hammer":22,"Kunai":3,"Happy Flower":17,"Eternal Feather":3,"War Paint":20,"Akabeko":23,"Cables":17,"Runic Dome":39,"Bottled Flame":2,"Bird Faced Urn":0,"MutagenicStrength":9,"Black Star":11,"Pocketwatch":33,"Regal Pillow":42,"Juzu Bracelet":9,"Bag of Preparation":20,"Incense Burner":35,"Ancient Tea Set":4,"ClockworkSouvenir":45,"Emotion Chip":1,"Dream Catcher":45,"Red Mask":10,"Cracked Core":0,"Inserter":6,"Golden Idol":35,"Circlet":37,"PreservedInsect":13,"Frozen Egg 2":16,"Odd Mushroom":21,"Medical Kit":33,"Nuclear Battery":29,"Peace Pipe":14,"DataDisk":9,"Anchor":45,"Ornamental Fan":33,"Art of War":5,"Coffee Dripper":34,"Membership Card":33,"TungstenRod":42},{"Calipers":219,"Gremlin Horn":4,"CeramicFish":100,"Vajra":138,"Whetstone":100,"Sling":213,"FrozenCore":128,"Blood Vial":104,"Sozu":253,"Centennial Puzzle":91,"Lizard Tail":168,"HornCleat":248,"DollysMirror":29,"Sundial":168,"MealTicket":148,"Fusion Hammer":145,"Kunai":18,"Happy Flower":114,"Eternal Feather":18,"War Paint":136,"Akabeko":148,"Cables":114,"Runic Dome":228,"Bottled Flame":13,"Bird Faced Urn":0,"MutagenicStrength":59,"Black Star":78,"Pocketwatch":200,"Regal Pillow":240,"Juzu Bracelet":59,"Bag of Preparation":136,"Incense Burner":213,"Ancient Tea Set":25,"ClockworkSouvenir":248,"Emotion Chip":4,"Dream Catcher":248,"Red Mask":63,"Cracked Core":0,"Inserter":38,"Golden Idol":213,"Circlet":219,"PreservedInsect":86,"Frozen Egg 2":104,"Odd Mushroom":138,"Medical Kit":200,"Nuclear Battery":177,"Peace Pipe":91,"DataDisk":59,"Anchor":248,"Ornamental Fan":200,"Art of War":29,"Coffee Dripper":210,"Membership Card":200,"TungstenRod":240}],"TungstenRod":1,"Pocketwatch":[1]},"card_choices":[{"not_picked":["Beam Cell","Streamline"],"picked":"White Noise","floor":0.0},{"not_picked":["Hologram","Go for the Eyes"],"picked":"Genetic Algorithm","floor":0.0},{"not_picked":["Gash","Beam Cell"],"picked":"Streamline","floor":0.0},{"not_picked":["FTL","Tempest"],"picked":"Cold Snap","floor":0.0},{"not_picked":["Scrape","Leap"],"picked":"Blizzard","floor":0.0},{"not_picked":["Aggregate","Ball Lightning"],"picked":"Defragment","floor":0.0},{"not_picked":["Sweeping Beam","Steam"],"picked":"Undo","floor":0.0},{"not_picked":["Reprogram","Hello World"],"picked":"Darkness","floor":0.0},{"not_picked":["Rebound","Fusion"],"picked":"Stack","floor":0.0},{"not_picked":["Force Field","Turbo"],"picked":"Steam","floor":0.0},{"not_picked":["Leap","Compile Driver"],"picked":"Cold Snap","floor":0.0},{"not_picked":["Streamline","Steam Power"],"picked":"Hologram","floor":0.0},{"not_picked":["Barrage","Consume"],"picked":"Blizzard","floor":0.0},{"not_picked":["Streamline","Rebound"],"picked":"Leap","floor":0.0},{"not_picked":["Steam Power","Doom and Gloom"],"picked":"Ball Lightning","floor":0.0},{"not_picked":["Cold Snap","Steam"],"picked":"Glacier","floor":1.0},{"not_picked":["Beam Cell","Go for the Eyes","Redo"],"picked":"SKIP","floor":6.0},{"not_picked":["Gash","Fission"],"picked":"Coolheaded","floor":7.0},{"not_picked":["Go for the Eyes","Sweeping Beam","Gash"],"picked":"SKIP","floor":10.0},{"not_picked":["Steam","BootSequence","Rip and Tear"],"picked":"SKIP","floor":11.0},{"not_picked":["Multi-Cast","Hyperbeam"],"picked":"Electrodynamics","floor":16.0},{"not_picked":["Gash","Chaos","Coolheaded"],"picked":"SKIP","floor":18.0},{"not_picked":["Rebound","Conserve Battery","Darkness"],"picked":"SKIP","floor":21.0},{"not_picked":["Coolheaded","Glacier","BootSequence"],"picked":"SKIP","floor":23.0},{"not_picked":["Rainbow","Core Surge"],"picked":"Reboot","floor":33.0},{"not_picked":["Hologram+1","Storm+1","Hello World"],"picked":"SKIP","floor":35.0},{"not_picked":["Streamline","Beam Cell+1","Leap+1"],"picked":"SKIP","floor":36.0},{"not_picked":["Conserve Battery+1","Coolheaded","Recycle+1"],"picked":"SKIP","floor":45.0},{"not_picked":["Lockon","Conserve Battery","Melter"],"picked":"SKIP","floor":47.0},{"not_picked":["Hello World+1","Go for the Eyes+1"],"picked":"Turbo+1","floor":48.0},{"not_picked":["Go for the Eyes","Recycle","Steam Power"],"picked":"SKIP","floor":52.0},{"not_picked":["Coolheaded","Static Discharge+1","Cold Snap"],"picked":"SKIP","floor":53.0},{"not_picked":["Auto Shields","Hologram","Conserve Battery"],"picked":"SKIP","floor":69.0},{"not_picked":["Compile Driver+1","Steam Power","Glacier+1"],"picked":"SKIP","floor":75.0},{"not_picked":["Doom and Gloom","Self Repair+1","Blizzard"],"picked":"SKIP","floor":77.0},{"not_picked":["Skim","Compile Driver"],"picked":"Consume","floor":78.0},{"not_picked":["Doom and Gloom","Conserve Battery+1","Steam Power+1"],"picked":"SKIP","floor":86.0},{"not_picked":["Blizzard+1","Ball Lightning+1","Leap+1"],"picked":"SKIP","floor":92.0},{"not_picked":["Conserve Battery+1","Cold Snap+1","Leap+1"],"picked":"SKIP","floor":94.0},{"not_picked":["Stack","Rebound","Turbo"],"picked":"SKIP","floor":103.0},{"not_picked":["Storm+1","Chill","Steam Power"],"picked":"SKIP","floor":111.0},{"not_picked":["Echo Form+1","Compile Driver","Gash"],"picked":"SKIP","floor":116.0},{"not_picked":["Compile Driver","Gash"],"picked":"Echo Form+1","floor":116.0},{"not_picked":["Force Field","White Noise+1","Hello World+1"],"picked":"SKIP","floor":120.0},{"not_picked":["Beam Cell","Hologram","Redo"],"picked":"SKIP","floor":121.0},{"not_picked":["Gash","Hologram","Ball Lightning"],"picked":"SKIP","floor":122.0},{"not_picked":["Gash","Sunder","Double Energy"],"picked":"SKIP","floor":125.0},{"not_picked":["Self Repair+1","Core Surge","Coolheaded"],"picked":"SKIP","floor":128.0}],"player_experience":377185,"relics_obtained":[{"floor":6.0,"key":"Bottled Flame"},{"floor":7.0,"key":"Kunai"},{"floor":9.0,"key":"Eternal Feather"},{"floor":10.0,"key":"Ancient Tea Set"},{"floor":11.0,"key":"Art of War"},{"floor":23.0,"key":"DataDisk"},{"floor":26.0,"key":"Juzu Bracelet"},{"floor":31.0,"key":"Red Mask"},{"floor":38.0,"key":"Peace Pipe"},{"floor":43.0,"key":"Centennial Puzzle"},{"floor":45.0,"key":"Whetstone"},{"floor":45.0,"key":"CeramicFish"},{"floor":47.0,"key":"Frozen Egg 2"},{"floor":47.0,"key":"Blood Vial"},{"floor":48.0,"key":"Happy Flower"},{"floor":48.0,"key":"Cables"},{"floor":60.0,"key":"War Paint"},{"floor":62.0,"key":"Odd Mushroom"},{"floor":82.0,"key":"Lizard Tail"},{"floor":82.0,"key":"Sundial"},{"floor":96.0,"key":"Pocketwatch"},{"floor":112.0,"key":"Circlet"},{"floor":126.0,"key":"Circlet"}],"event_choices":[{"damage_healed":0.0,"max_hp_gain":0.0,"max_hp_loss":0.0,"gold_gain":0.0,"cards_transformed":["Streamline"],"event_name":"Living Wall","player_choice":"Change","floor":3.0,"gold_loss":0.0,"damage_taken":0.0,"cards_obtained":["Hologram"]},{"damage_healed":0.0,"max_hp_gain":0.0,"max_hp_loss":0.0,"gold_gain":1.0,"event_name":"betterThird:BetterScrap","player_choice":"Relic Relic ","floor":4.0,"gold_loss":0.0,"damage_taken":22.0,"cards_obtained":["Finisher"]},{"damage_healed":52.0,"max_hp_gain":0.0,"max_hp_loss":75.0,"gold_gain":0.0,"event_name":"betterThird:BetterShining","player_choice":"Upgrade","floor":14.0,"gold_loss":0.0,"damage_taken":15.0,"cards_upgraded":["Hologram","Glacier"]},{"cards_removed":["Apotheosis"],"damage_healed":0.0,"max_hp_gain":0.0,"max_hp_loss":0.0,"gold_gain":0.0,"event_name":"betterNote:BetterNote","player_choice":"Take \u0026 Give","floor":20.0,"gold_loss":0.0,"damage_taken":0.0,"cards_obtained":["White Noise"]},{"damage_healed":0.0,"max_hp_gain":0.0,"max_hp_loss":0.0,"gold_gain":0.0,"event_name":"Duplicator","player_choice":"Copied","floor":22.0,"gold_loss":0.0,"damage_taken":0.0,"cards_obtained":["Defragment"]},{"damage_healed":0.0,"max_hp_gain":0.0,"max_hp_loss":0.0,"gold_gain":0.0,"event_name":"betterThird:BetterNest","player_choice":"Dagger","floor":29.0,"gold_loss":0.0,"damage_taken":6.0,"cards_obtained":["RitualDagger"]},{"damage_healed":0.0,"max_hp_gain":0.0,"max_hp_loss":0.0,"gold_gain":0.0,"event_name":"Drug Dealer","player_choice":"Inject Mutagens","floor":30.0,"gold_loss":0.0,"damage_taken":0.0,"relics_obtained":["MutagenicStrength"]},{"damage_healed":0.0,"max_hp_gain":0.0,"max_hp_loss":0.0,"gold_gain":0.0,"event_name":"Masked Bandits","player_choice":"Fought Bandits","floor":31.0,"gold_loss":0.0,"damage_taken":0.0},{"damage_healed":0.0,"max_hp_gain":0.0,"max_hp_loss":0.0,"gold_gain":0.0,"event_name":"Mysterious Sphere","player_choice":"Fight","floor":38.0,"gold_loss":0.0,"damage_taken":0.0},{"cards_removed":["Hologram"],"damage_healed":0.0,"max_hp_gain":0.0,"max_hp_loss":0.0,"gold_gain":0.0,"event_name":"Falling","player_choice":"Removed Skill","floor":44.0,"gold_loss":0.0,"damage_taken":0.0},{"damage_healed":0.0,"max_hp_gain":0.0,"max_hp_loss":0.0,"gold_gain":0.0,"event_name":"The Cleric","player_choice":"Leave","floor":55.0,"gold_loss":0.0,"damage_taken":0.0},{"cards_removed":["Cold Snap"],"damage_healed":0.0,"max_hp_gain":0.0,"max_hp_loss":0.0,"gold_gain":0.0,"event_name":"Purifier","player_choice":"Purged","floor":56.0,"gold_loss":0.0,"damage_taken":0.0},{"damage_healed":0.0,"max_hp_gain":1.0,"max_hp_loss":0.0,"gold_gain":75.0,"event_name":"betterThird:BetterGoop","player_choice":"Gold","floor":59.0,"gold_loss":0.0,"damage_taken":11.0},{"damage_healed":0.0,"max_hp_gain":0.0,"max_hp_loss":0.0,"gold_gain":0.0,"event_name":"Mushrooms","player_choice":"Fought Mushrooms","floor":62.0,"gold_loss":0.0,"damage_taken":0.0},{"damage_healed":0.0,"max_hp_gain":0.0,"max_hp_loss":0.0,"gold_gain":0.0,"event_name":"betterThird:BetterSerpent","player_choice":"Ignored","floor":65.0,"gold_loss":0.0,"damage_taken":1.0},{"damage_healed":0.0,"max_hp_gain":0.0,"max_hp_loss":40.0,"gold_gain":0.0,"event_name":"Ghosts","player_choice":"Became a Ghost","floor":70.0,"gold_loss":0.0,"damage_taken":0.0,"cards_obtained":["Ghostly","Ghostly","Ghostly","Ghostly","Ghostly"]},{"damage_healed":0.0,"max_hp_gain":0.0,"max_hp_loss":0.0,"gold_gain":0.0,"event_name":"The Mausoleum","player_choice":"Opened","floor":72.0,"gold_loss":0.0,"damage_taken":0.0,"relics_obtained":["MealTicket"],"cards_obtained":["Writhe"]},{"damage_healed":0.0,"max_hp_gain":0.0,"max_hp_loss":0.0,"gold_gain":0.0,"event_name":"Masked Bandits","player_choice":"Paid Fearfully","floor":73.0,"gold_loss":28.0,"damage_taken":0.0},{"damage_healed":0.0,"max_hp_gain":0.0,"max_hp_loss":0.0,"gold_gain":0.0,"event_name":"Colosseum","player_choice":"Fight","floor":82.0,"gold_loss":0.0,"damage_taken":0.0},{"damage_healed":0.0,"max_hp_gain":0.0,"max_hp_loss":0.0,"gold_gain":0.0,"event_name":"Colosseum","player_choice":"Fought Nobs","floor":82.0,"gold_loss":0.0,"damage_taken":0.0},{"cards_removed":["Defragment"],"damage_healed":0.0,"max_hp_gain":0.0,"max_hp_loss":0.0,"gold_gain":0.0,"event_name":"Bonfire Elementals","player_choice":"Offered Uncommon","floor":87.0,"gold_loss":0.0,"damage_taken":0.0},{"damage_healed":0.0,"max_hp_gain":0.0,"max_hp_loss":0.0,"gold_gain":0.0,"event_name":"SensoryStone","player_choice":"Memory 1","floor":89.0,"gold_loss":0.0,"damage_taken":0.0},{"damage_healed":0.0,"max_hp_gain":0.0,"max_hp_loss":0.0,"gold_gain":0.0,"event_name":"betterNote:BetterNote","player_choice":"Ignored","floor":90.0,"gold_loss":0.0,"damage_taken":0.0,"cards_obtained":["Apotheosis"]},{"damage_healed":0.0,"max_hp_gain":0.0,"max_hp_loss":0.0,"gold_gain":0.0,"event_name":"Mysterious Sphere","player_choice":"Fight","floor":96.0,"gold_loss":0.0,"damage_taken":0.0},{"damage_healed":0.0,"max_hp_gain":0.0,"max_hp_loss":0.0,"gold_gain":222.0,"event_name":"Tomb of Lord Red Mask","player_choice":"Wore Mask","floor":98.0,"gold_loss":0.0,"damage_taken":0.0},{"damage_healed":0.0,"max_hp_gain":0.0,"max_hp_loss":0.0,"gold_gain":0.0,"event_name":"Purifier","player_choice":"Ignored","floor":104.0,"gold_loss":0.0,"damage_taken":0.0},{"damage_healed":0.0,"max_hp_gain":0.0,"max_hp_loss":3.0,"gold_gain":0.0,"event_name":"Golden Idol","player_choice":"Lose Max HP","floor":105.0,"gold_loss":0.0,"damage_taken":0.0,"relics_obtained":["Golden Idol"]},{"damage_healed":0.0,"max_hp_gain":0.0,"max_hp_loss":0.0,"gold_gain":0.0,"event_name":"The Cleric","player_choice":"Leave","floor":107.0,"gold_loss":0.0,"damage_taken":0.0},{"damage_healed":0.0,"max_hp_gain":0.0,"max_hp_loss":0.0,"gold_gain":0.0,"event_name":"betterThird:BetterSerpent","player_choice":"Ignored","floor":109.0,"gold_loss":0.0,"damage_taken":207.0},{"damage_healed":0.0,"max_hp_gain":0.0,"max_hp_loss":0.0,"gold_gain":0.0,"event_name":"Mushrooms","player_choice":"Fought Mushrooms","floor":112.0,"gold_loss":0.0,"damage_taken":0.0},{"damage_healed":0.0,"max_hp_gain":1.0,"max_hp_loss":0.0,"gold_gain":75.0,"event_name":"betterThird:BetterGoop","player_choice":"Gold","floor":113.0,"gold_loss":0.0,"damage_taken":11.0},{"damage_healed":0.0,"max_hp_gain":0.0,"max_hp_loss":0.0,"gold_gain":0.0,"event_name":"The Mausoleum","player_choice":"Opened","floor":124.0,"gold_loss":0.0,"damage_taken":0.0,"relics_obtained":["Regal Pillow"]},{"damage_healed":0.0,"max_hp_gain":0.0,"max_hp_loss":0.0,"gold_gain":0.0,"event_name":"Masked Bandits","player_choice":"Fought Bandits","floor":126.0,"gold_loss":0.0,"damage_taken":0.0},{"damage_healed":0.0,"max_hp_gain":0.0,"max_hp_loss":0.0,"gold_gain":250.0,"event_name":"The Joust","player_choice":"Bet on Owner","floor":127.0,"gold_loss":50.0,"damage_taken":0.0},{"damage_healed":0.0,"max_hp_gain":0.0,"max_hp_loss":0.0,"gold_gain":0.0,"event_name":"Beggar","player_choice":"Ignored","floor":129.0,"gold_loss":0.0,"damage_taken":0.0},{"damage_healed":0.0,"max_hp_gain":0.0,"max_hp_loss":0.0,"gold_gain":0.0,"event_name":"Drug Dealer","player_choice":"Inject Mutagens","floor":131.0,"gold_loss":0.0,"damage_taken":0.0,"relics_obtained":["Circlet"]},{"damage_healed":0.0,"max_hp_gain":0.0,"max_hp_loss":0.0,"gold_gain":0.0,"event_name":"betterThird:BetterNest","player_choice":"Dagger","floor":133.0,"gold_loss":0.0,"damage_taken":6.0,"cards_obtained":["RitualDagger"]}],"is_beta":false,"boss_relics":[{"not_picked":["Nuclear Battery","Runic Dome"],"picked":"Inserter"},{"not_picked":["Snecko Eye","Coffee Dripper"],"picked":"Black Star"},{"not_picked":["Astrolabe","Velvet Choker"],"picked":"FrozenCore"},{"not_picked":["SlaversCollar","Runic Pyramid"],"picked":"Fusion Hammer"},{"not_picked":["Cursed Key","SacredBark"],"picked":"Nuclear Battery"},{"not_picked":["Runic Dome","Snecko Eye"],"picked":"Coffee Dripper"},{"not_picked":["Cursed Key","SacredBark"],"picked":"Runic Dome"},{"not_picked":["Velvet Choker","Astrolabe"],"picked":"Sozu"}],"items_purged_floors":[2,39],"is_endless":true,"potions_floor_spawned":[6,10,16,21,23,35,47,48,53,67,69,75,78,82,92,94,101,103,111,118,120,122,135],"ascension_level":0}}