{"host":"xo0glkmxta74xh34","time":1612996188,"event":{"mods":["BaseMod","Downfall","Minty Spire (QoL Compilation)","Reliquary","Replay The Spire","StSLib"],"gold_per_floor":[99,114,162,106,121,121,121,121,136,136,151,151,74,89,104,213,213,213,237,252,252,267,282,332,332,332,347,347,377,392,407,422,522,522,621,636,651,666,681,681,706,706,706,174,174,220,232,297,356,396],"floor_reached":51,"language":"ENG","playtime":13233,"items_purged":[],"score":697,"play_id":"81663594-b850-420d-b0f9-a8d425fc7745","local_time":"20210210162948","daily_mods":["Draft","Blue Cards","downfall:Hexed"],"is_ascension_mode":false,"campfire_choices":[{"data":"ReplayGash","floor":1.0,"key":"SMITH"},{"floor":8.0,"key":"REST"},{"data":"bronze:Flail","floor":12.0,"key":"SMITH"},{"data":"Creative AI","floor":18.0,"key":"SMITH"},{"floor":40.0,"key":"REST"},{"floor":43,"key":"REST"},{"data":"expansioncontent:QuickStudy","floor":45,"key":"SMITH"}],"circlet_count":0,"master_deck":["ReplayGash+1","Genetic Algorithm","bronze:Overheat","Go for the Eyes","bronze:DigitalCarnage","bronze:Fortify","Heatsinks","Ball Lightning","bronze:DarkDash","White Noise","bronze:ClassDefault","Beam Cell","bronze:CutThrough","bronze:Constructor","bronze:Flail+1","Time Bomb","Self Repair+1","Creative AI+1","Static Discharge+1","ReplayGash","expansioncontent:QuickStudy+1","Mirror Shield","Doubt","bronze:FollowUp+1"],"relics":["bronze:BronzeCore","Velvet Choker","reliquary:RoseTintedGlasses","Snecko Heart","bronze:BottledCode","downfall:RedIOU","reliquary:RedPaperclip","Replay:Bandana","bronze:Timepiece","reliquary:PrincelyHelmet","Strange Spoon","MawBank"],"acts_visited":["Exordium","TheCity","TheBeyond"],"potions_floor_usage":[42,50,50,50],"damage_taken":[{"damage":10.0,"enemies":"Jaw Worm","floor":2.0,"turns":2.0},{"damage":14.0,"enemies":"Gremlin Nob","floor":3.0,"turns":3.0},{"damage":0.0,"enemies":"downfall:FleeingMerchant","floor":4.0,"turns":4.0},{"damage":0.0,"enemies":"Small Slimes","floor":5.0,"turns":2.0},{"damage":0.0,"enemies":"Cultist","floor":9.0,"turns":2.0},{"damage":0.0,"enemies":"2 Fungi Beasts","floor":11.0,"turns":2.0},{"damage":0.0,"enemies":"downfall:FleeingMerchant","floor":13.0,"turns":4.0},{"damage":0.0,"enemies":"Large Slime","floor":14.0,"turns":3.0},{"damage":14.0,"enemies":"3 Louse","floor":15.0,"turns":3.0},{"damage":46.0,"enemies":"DF_ARCHETYPE_STREAMLINE","floor":16.0,"turns":6.0},{"damage":21.0,"enemies":"3 Byrds","floor":19.0,"turns":4.0},{"damage":0.0,"enemies":"Spheric Guardian","floor":20.0,"turns":2.0},{"damage":14.0,"enemies":"Shelled Parasite and Fungi","floor":22.0,"turns":4.0},{"damage":2.0,"enemies":"Centurion and Healer","floor":23.0,"turns":3.0},{"damage":12.0,"enemies":"3 Cultists","floor":27.0,"turns":4.0},{"damage":0.0,"enemies":"Gremlin Leader","floor":29.0,"turns":4.0},{"damage":4.0,"enemies":"Snecko","floor":30.0,"turns":4.0},{"damage":10.0,"enemies":"Sentry and Sphere","floor":31.0,"turns":3.0},{"damage":10.0,"enemies":"Cultist and Chosen","floor":32.0,"turns":4.0},{"damage":24.0,"enemies":"WA_ARCHETYPE_CALM","floor":33.0,"turns":5.0},{"damage":5.0,"enemies":"Orb Walker","floor":36.0,"turns":2.0},{"damage":0.0,"enemies":"3 Shapes","floor":37.0,"turns":2.0},{"damage":25.0,"enemies":"3 Darklings","floor":38.0,"turns":4.0},{"damage":32.0,"enemies":"4 Shapes","floor":39.0,"turns":6.0},{"damage":0,"enemies":"Maw","floor":42,"turns":1},{"damage":0,"enemies":"downfall:FleeingMerchant","floor":44,"turns":1},{"damage":55,"enemies":"Giant Head","floor":46,"turns":7},{"damage":23,"enemies":"Sphere and 2 Shapes","floor":48,"turns":5},{"damage":4,"enemies":"4 Shapes","floor":49,"turns":5},{"damage":56,"enemies":"IC_BLOCK_ARCHETYPE","floor":50,"turns":8}],"seed_played":"-5810517303651203205","potions_obtained":[{"floor":2.0,"key":"SpeedPotion"},{"floor":3.0,"key":"hexamod:SoulburnPotion"},{"floor":5.0,"key":"AttackPotion"},{"floor":11.0,"key":"Adrenaline Potion"},{"floor":14.0,"key":"SteroidPotion"},{"floor":20.0,"key":"Fruit Juice"},{"floor":22.0,"key":"Swift Potion"},{"floor":23.0,"key":"ColorlessPotion"},{"floor":30.0,"key":"Fire Potion"},{"floor":32.0,"key":"Block Potion"},{"floor":33.0,"key":"hexamod:SoulburnPotion"},{"floor":39.0,"key":"SmokeBomb"},{"floor":46,"key":"Cursed Concoction"}],"is_trial":false,"path_per_floor":["R","M","?","$","M","?","T","R","M","?","M","R","$","M","M","B",null,"R","M","M","?","M","M","T","?","?","M","?","E","M","M","M","B",null,"R","M","M","M","M","R","T","M","R","$","R","E","?","M","M","B",null],"character_chosen":"THE_AUTOMATON","items_purchased":["bronze:Flail","Self Repair","bronze:Timepiece","reliquary:PrincelyHelmet","Strange Spoon","expansioncontent:QuickStudy"],"campfire_rested":3,"item_purchase_floors":[4,13,44,44,44,44],"current_hp_per_floor":[70,60,46,46,46,46,46,67,67,67,67,67,67,70,63,17,70,70,56,61,61,54,59,59,59,51,46,46,56,62,62,62,48,65,65,60,60,45,23,42,42,42,61,61,61,16,65,52,58,12],"gold":408,"neow_bonus":"","is_daily":true,"chose_seed":false,"campfire_upgraded":4,"win_rate":0.0,"timestamp":1612996188,"path_taken":["R","M","?","$","M","?","T","R","M","?","M","R","$","?","M","BOSS","R","M","M","?","M","M","T","?","?","?","?","E","M","?","M","BOSS","R","M","M","?","M","R","T","M","R","$","R","E","?","M","M","BOSS"],"items_purchased_type":["Card","Card","Relic","Relic","Relic","Card"],"build_version":"2020-12-22","purchased_purges":0,"victory":true,"max_hp_per_floor":[70,70,70,70,70,70,70,70,70,70,70,70,70,70,70,70,70,70,70,75,65,65,65,65,65,65,65,65,65,65,65,65,65,65,65,65,65,65,65,65,65,65,65,65,65,65,65,65,65,65],"card_choices":[{"not_picked":["Gash","bronze:WhirlingStrike"],"picked":"ReplayGash","floor":0.0},{"not_picked":["bronze:ForceShield","Rebound"],"picked":"Genetic Algorithm","floor":0.0},{"not_picked":["Tempest","Turbo"],"picked":"bronze:Overheat","floor":0.0},{"not_picked":["Stack","Panic Button"],"picked":"Go for the Eyes","floor":0.0},{"not_picked":["Force Field","bronze:BugBarrage"],"picked":"bronze:DigitalCarnage","floor":0.0},{"not_picked":["Beam Cell","Reinforced Body"],"picked":"bronze:Fortify","floor":0.0},{"not_picked":["bronze:CutThrough","bronze:BitShift"],"picked":"Heatsinks","floor":0.0},{"not_picked":["Rebound","Beam Cell"],"picked":"Ball Lightning","floor":0.0},{"not_picked":["Turbo","Cold Snap"],"picked":"BasicCrystalCard","floor":0.0},{"not_picked":["bronze:BitShift","Aggregate"],"picked":"ReplaySolidLightProjector","floor":0.0},{"not_picked":["Rebound","bronze:Turbo"],"picked":"bronze:DarkDash","floor":0.0},{"not_picked":["bronze:ClassDefault","Auto Shields"],"picked":"White Noise","floor":0.0},{"not_picked":["bronze:Frontload","bronze:Turbo"],"picked":"bronze:ClassDefault","floor":0.0},{"not_picked":["bronze:Allocate","bronze:BuggyMess"],"picked":"Beam Cell","floor":0.0},{"not_picked":["Consume","bronze:BuggyMess"],"picked":"bronze:CutThrough","floor":0.0},{"not_picked":["Go for the Eyes","bronze:InfiniteBeams","Sunder"],"picked":"SKIP","floor":2.0},{"not_picked":["bronze:Frontload","bronze:DigitalCarnage"],"picked":"bronze:Constructor","floor":3.0},{"not_picked":["Heatsinks","bronze:OilSpill","Melter"],"picked":"SKIP","floor":4.0},{"not_picked":["Glacier","Panic Button"],"picked":"Time Bomb","floor":5.0},{"not_picked":["Recycle","Beam Cell","bronze:MaxOutput"],"picked":"SKIP","floor":9.0},{"not_picked":["bronze:BugBarrage","FIFO Queue","Stack"],"picked":"SKIP","floor":11.0},{"not_picked":["Beam Cell","bronze:FineTuning","All For One"],"picked":"SKIP","floor":13.0},{"not_picked":["bronze:Turbo","Steam","Cold Snap"],"picked":"SKIP","floor":14.0},{"not_picked":["Melter","Cold Snap","FIFO Queue"],"picked":"SKIP","floor":15.0},{"not_picked":["bronze:Verify","Fission"],"picked":"Creative AI","floor":16.0},{"not_picked":["bronze:Refactor","Panic Button"],"picked":"Static Discharge","floor":19.0},{"not_picked":["Hello World","bronze:Iterate","bronze:ClassDefault+1"],"picked":"SKIP","floor":20.0},{"not_picked":["bronze:InfiniteBeams+1","Ball Lightning","Hologram+1"],"picked":"SKIP","floor":22.0},{"not_picked":["FTL+1","bronze:BitShift","bronze:BuggyMess"],"picked":"SKIP","floor":23.0},{"not_picked":["bronze:Separator","Hologram","Gash"],"picked":"SKIP","floor":27.0},{"not_picked":["bronze:FineTuning","bronze:ClassDefault+1","bronze:Iterate+1"],"picked":"SKIP","floor":29.0},{"not_picked":["bronze:Shield","Redo"],"picked":"ReplayGash","floor":30.0},{"not_picked":["Barrage","Rip and Tear+1","bronze:Refactor"],"picked":"SKIP","floor":31.0},{"not_picked":["Cold Snap","bronze:CloningBeam","bronze:Invalidate+1"],"picked":"SKIP","floor":32.0},{"not_picked":["Redo","bronze:WildBeam+1","Streamline"],"picked":"SKIP","floor":36.0},{"not_picked":["bronze:Branch","Fusion+1","Rip and Tear"],"picked":"SKIP","floor":37.0},{"not_picked":["bronze:Terminator","bronze:Branch","Gash"],"picked":"SKIP","floor":38.0},{"not_picked":["Panic Button","bronze:BugBarrage","bronze:Iterate"],"picked":"SKIP","floor":39.0},{"not_picked":["Panic Button","bronze:Deprecate","bronze:CloningBeam"],"picked":"SKIP","floor":44},{"not_picked":["bronze:Deprecate","bronze:DelayedSlice"],"picked":"Mirror Shield","floor":46},{"not_picked":["FTL+1","ReplayGash+1","BootSequence"],"picked":"SKIP","floor":48},{"not_picked":["Conserve Battery","Ball Lightning+1"],"picked":"bronze:FollowUp+1","floor":49}],"player_experience":439700,"relics_obtained":[{"floor":3.0,"key":"reliquary:RoseTintedGlasses"},{"floor":7.0,"key":"CeramicFish"},{"floor":24.0,"key":"reliquary:TatteredRug"},{"floor":29.0,"key":"bronze:ProtectiveGoggles"},{"floor":41.0,"key":"Replay:Bandana"},{"floor":46,"key":"MawBank"}],"event_choices":[{"cards_removed":["BasicCrystalCard"],"damage_healed":0.0,"max_hp_gain":0.0,"max_hp_loss":0.0,"gold_gain":0.0,"event_name":"The Cleric","player_choice":"Card Removal","floor":6.0,"gold_loss":0.0,"damage_taken":0.0}],"is_beta":false,"boss_relics":[{"not_picked":["bronze:MakeshiftBattery","Replay:Grab Bag"],"picked":"Snecko Heart"},{"not_picked":["Replay:Wanted Poster","Replay:Bronze Core"],"picked":"reliquary:RedPaperclip"}],"items_purged_floors":[],"is_endless":false,"potions_floor_spawned":[2,3,5,11,14,20,22,23,30,32,33,39,42,46,48,49],"ascension_level":0}}