{"host":"5z7rhcocprldured","time":1612929620,"event":{"mods":["2.2 Compatiblity","AchievementEnabler","BaseMod","Best Route Mod","Better Altar","Better Match","Better Note","Better Sensory Stone","Better Skull","Better Third Choice","BetterRewards","Block Reminder","Colored Map","Colored Powertips","Emptier Cage","Googly Eyes","Hermit","Marisa????????","Minty Spire (QoL Compilation)","Permanent Neow","Potionbrewer","Rare Cards Sparkle","StSLib","Synergy Search","The Cursed","The Hierophant","The Runesmith","Unceasing Turn Reminder"],"gold_per_floor":[116,134,152,38,38,73,49,49,49,49,0,0,0,10,10,106,106,123,143,159,159,159,190,190,47,47,47,47,58,89,101,101,101,101],"floor_reached":33,"language":"ENG","playtime":1427,"items_purged":["Burn"],"score":383,"play_id":"4ec3c332-e58b-4dd5-b886-65789d522d63","local_time":"20210210040020","is_ascension_mode":false,"campfire_choices":[{"data":"Bouncing Flask","floor":8,"key":"SMITH"},{"data":"Noxious Fumes","floor":10,"key":"SMITH"},{"data":"Enlightenment","floor":12,"key":"SMITH"},{"floor":15,"key":"REST"},{"floor":24,"key":"REST"},{"data":"Catalyst","floor":28,"key":"SMITH"},{"floor":32,"key":"REST"}],"circlet_count":0,"master_deck":["Strike_G","Strike_G","Strike_G","Strike_G","Defend_G","Defend_G","Defend_G","Defend_G","Defend_G","Survivor","Neutralize","Terror","Backflip","Blade Dance","Noxious Fumes+1","Bouncing Flask+1","Accuracy","Well Laid Plans","Blade Dance","Dodge and Roll","Tools of the Trade","Prepared","PiercingWail","Blade Dance","Catalyst+1","Footwork","Backstab","Footwork"],"relics":["Ring of the Snake","Sling","Regal Pillow","Toy Ornithopter","The Courier","potionbrewer:BhaskarasWheel","Anchor","Snake Skull","Toxic Egg 2","potionbrewer:Torch"],"acts_visited":["Exordium","TheCity"],"potions_floor_usage":[6,16,20,20,23,31],"damage_taken":[{"damage":2,"enemies":"Cultist","floor":1,"turns":4},{"damage":0,"enemies":"Jaw Worm","floor":2,"turns":3},{"damage":7,"enemies":"Small Slimes","floor":3,"turns":3},{"damage":5,"enemies":"Lagavulin","floor":6,"turns":4},{"damage":14,"enemies":"Blue Slaver","floor":14,"turns":3},{"damage":38,"enemies":"Hexaghost","floor":16,"turns":8},{"damage":8,"enemies":"Shell Parasite","floor":18,"turns":5},{"damage":6,"enemies":"Chosen","floor":19,"turns":5},{"damage":35,"enemies":"3 Cultists","floor":20,"turns":5},{"damage":19,"enemies":"Gremlin Leader","floor":23,"turns":5},{"damage":14,"enemies":"Snake Plant","floor":29,"turns":4},{"damage":25,"enemies":"Book of Stabbing","floor":30,"turns":4},{"damage":9,"enemies":"Centurion and Healer","floor":31,"turns":6},{"damage":66,"enemies":"Collector","floor":33,"turns":6}],"seed_played":"3314752690823284536","potions_obtained":[{"floor":1,"key":"DistilledChaos"},{"floor":2,"key":"AttackPotion"},{"floor":3,"key":"SteroidPotion"},{"floor":16,"key":"LiquidBronze"},{"floor":19,"key":"Explosive Potion"},{"floor":30,"key":"DistilledChaos"}],"is_trial":false,"path_per_floor":["M","M","M","$","?","E","$","R","T","R","?","R","?","M","R","B",null,"M","M","M","?","?","E","R","$","T","$","R","M","E","M","R","B"],"character_chosen":"THE_SILENT","items_purchased":["Sling","Terror","Bouncing Flask","Accuracy","Blade Dance","Catalyst","Footwork"],"campfire_rested":3,"item_purchase_floors":[0,0,4,4,7,25,25],"current_hp_per_floor":[60,60,53,53,46,41,41,41,41,41,47,47,47,33,70,37,76,68,62,37,37,37,23,60,60,60,60,60,46,21,17,54,0,0],"gold":101,"neow_bonus":"","is_daily":false,"chose_seed":false,"campfire_upgraded":4,"win_rate":0.0,"timestamp":1612929620,"path_taken":["M","?","M","$","?","E","$","R","T","R","?","R","?","M","R","BOSS","M","M","M","?","?","E","R","$","T","$","R","M","E","?","R","BOSS"],"items_purchased_type":["Relic","Card","Card","Card","Card","Card","Card"],"build_version":"2020-12-22","purchased_purges":1,"victory":false,"max_hp_per_floor":[70,70,70,70,70,70,70,70,70,70,76,76,76,76,76,76,76,76,76,76,76,76,76,76,76,76,76,76,76,76,76,76,76,76],"card_choices":[{"not_picked":["Underhanded Strike","Flechettes"],"picked":"Backflip","floor":1},{"not_picked":["Dodge and Roll","Deflect"],"picked":"Blade Dance","floor":2},{"not_picked":["Terror","Masterful Stab"],"picked":"Noxious Fumes","floor":3},{"not_picked":["Dagger Spray","Die Die Die"],"picked":"Well Laid Plans","floor":6},{"not_picked":["Poisoned Stab","Acrobatics"],"picked":"Dodge and Roll","floor":14},{"not_picked":["Wraith Form v2","Unload"],"picked":"Tools of the Trade","floor":16},{"not_picked":["Sucker Punch","Deflect"],"picked":"Prepared","floor":18},{"not_picked":["All Out Attack","Poisoned Stab+1","Deflect"],"picked":"SKIP","floor":19},{"not_picked":["Skewer+1","Slice"],"picked":"PiercingWail","floor":20},{"not_picked":["PiercingWail","Escape Plan"],"picked":"Blade Dance","floor":23},{"not_picked":["Masterful Stab+1","Flying Knee"],"picked":"Backstab","floor":29},{"not_picked":["Wraith Form v2","Flying Knee+1","Acrobatics+1"],"picked":"SKIP","floor":30},{"not_picked":["Flying Knee+1","Deflect+1"],"picked":"Footwork","floor":31}],"player_experience":164792,"relics_obtained":[{"floor":6,"key":"Toy Ornithopter"},{"floor":9,"key":"The Courier"},{"floor":23,"key":"Snake Skull"},{"floor":26,"key":"Toxic Egg 2"},{"floor":30,"key":"potionbrewer:Torch"}],"event_choices":[{"cards_removed":["Strike_G"],"damage_healed":0,"gold_gain":0,"player_choice":"Card Removal","damage_taken":7,"max_hp_gain":0,"max_hp_loss":0,"event_name":"Golden Wing","floor":5,"gold_loss":0},{"damage_healed":0,"gold_gain":0,"player_choice":"RENOUNCE","damage_taken":49,"max_hp_gain":0,"max_hp_loss":0,"event_name":"betterThird:BetterSerpent","floor":11,"gold_loss":49,"cards_obtained":["Enlightenment"]},{"damage_healed":47,"gold_gain":0,"player_choice":"Embrace Burn","damage_taken":0,"max_hp_gain":0,"max_hp_loss":76,"event_name":"betterThird:BetterShining","floor":13,"gold_loss":0},{"cards_removed":["Burn"],"damage_healed":0,"gold_gain":0,"player_choice":"Give","damage_taken":0,"max_hp_gain":0,"max_hp_loss":0,"event_name":"betterNote:BetterNote","floor":21,"gold_loss":0,"cards_obtained":["Strike_R"]},{"cards_removed":["Enlightenment"],"damage_healed":0,"gold_gain":0,"player_choice":"Gave Card","damage_taken":0,"relics_obtained":["Anchor"],"max_hp_gain":0,"max_hp_loss":0,"event_name":"WeMeetAgain","floor":22,"gold_loss":0}],"is_beta":false,"boss_relics":[{"not_picked":["Tiny House","Velvet Choker"],"picked":"potionbrewer:BhaskarasWheel"}],"items_purged_floors":[25],"is_endless":false,"potions_floor_spawned":[1,2,3,16,19,30],"killed_by":"Collector","ascension_level":0}}