{"host":"nsc6ozq3atyrdr3m","time":1612983301,"event":{"mods":["BaseMod","Colored Map","Minty Spire (QoL Compilation)"],"gold_per_floor":[118,134,147,58,68,68,68,29,29,55,72,72,89,101,101,180,180,195,245,257,257,268,295,295,101,148,148,162,174,214,243,243,324,324,345,345,354,380,380,380],"floor_reached":39,"language":"FRA","playtime":1050,"items_purged":[],"score":900,"play_id":"7906b29c-30fc-4a5b-bb7d-9265c4b9dd7d","local_time":"20210210195501","is_ascension_mode":true,"campfire_choices":[{"data":"Dramatic Entrance","floor":7,"key":"SMITH"},{"data":"Hemokinesis","floor":12,"key":"SMITH"},{"data":"Bludgeon","floor":15,"key":"SMITH"},{"floor":24,"key":"REST"},{"data":"Apotheosis","floor":27,"key":"SMITH"},{"data":"Bash","floor":32,"key":"SMITH"}],"circlet_count":0,"master_deck":["AscendersBane","Strike_R","Strike_R","Strike_R","Strike_R","Defend_R","Defend_R","Defend_R","Defend_R","Bash+1","Entrench","Burning Pact","Dramatic Entrance+1","Battle Trance","Hemokinesis+1","Clothesline","Pommel Strike","Bludgeon+1","Disarm","Immolate","Burning Pact","Dual Wield+1","Apotheosis+1","Blood for Blood","Sentinel","Double Tap","Thunderclap","Bludgeon+1","Metallicize"],"relics":["Burning Blood","NeowsBlessing","Thread and Needle","StrikeDummy","Strawberry","Velvet Choker","Ancient Tea Set","CeramicFish","Pear","Black Star"],"acts_visited":["Exordium","TheCity","TheBeyond"],"potions_floor_usage":[10,16,33,33,38,39],"damage_taken":[{"damage":0,"enemies":"Jaw Worm","floor":1,"turns":1},{"damage":0,"enemies":"Cultist","floor":2,"turns":1},{"damage":0,"enemies":"Small Slimes","floor":3,"turns":1},{"damage":16,"enemies":"Blue Slaver","floor":5,"turns":4},{"damage":10,"enemies":"3 Sentries","floor":10,"turns":8},{"damage":4,"enemies":"Large Slime","floor":11,"turns":4},{"damage":0,"enemies":"Gremlin Gang","floor":13,"turns":2},{"damage":0,"enemies":"3 Louse","floor":14,"turns":1},{"damage":30,"enemies":"The Guardian","floor":16,"turns":10},{"damage":8,"enemies":"3 Byrds","floor":18,"turns":5},{"damage":15,"enemies":"2 Thieves","floor":20,"turns":2},{"damage":46,"enemies":"Shelled Parasite and Fungi","floor":22,"turns":7},{"damage":0,"enemies":"Slavers","floor":23,"turns":1},{"damage":5,"enemies":"Centurion and Healer","floor":28,"turns":3},{"damage":0,"enemies":"3 Cultists","floor":29,"turns":3},{"damage":10,"enemies":"Gremlin Leader","floor":30,"turns":4},{"damage":2,"enemies":"Chosen and Byrds","floor":31,"turns":4},{"damage":88,"enemies":"Champ","floor":33,"turns":10},{"damage":62,"enemies":"3 Darklings","floor":35,"turns":4},{"damage":8,"enemies":"Orb Walker","floor":38,"turns":3},{"damage":14,"enemies":"Jaw Worm Horde","floor":39,"turns":1}],"seed_played":"6366673065107386756","potions_obtained":[{"floor":1,"key":"BlessingOfTheForge"},{"floor":2,"key":"SkillPotion"},{"floor":11,"key":"BloodPotion"},{"floor":16,"key":"ColorlessPotion"},{"floor":20,"key":"SteroidPotion"},{"floor":29,"key":"DuplicationPotion"},{"floor":35,"key":"BlessingOfTheForge"},{"floor":38,"key":"EssenceOfSteel"}],"is_trial":false,"path_per_floor":["M","M","M","$","M","?","R","$","T","E","M","R","M","M","R","B",null,"M","?","M","$","M","E","R","$","T","R","M","M","E","M","R","B",null,"M","?","?","M","M"],"character_chosen":"IRONCLAD","items_purchased":["Dramatic Entrance","Hemokinesis","Apotheosis"],"campfire_rested":1,"item_purchase_floors":[4,8,25],"current_hp_per_floor":[74,75,75,75,65,65,65,65,65,68,70,70,76,82,82,58,76,74,74,65,65,25,31,55,55,55,55,56,62,68,72,72,8,71,15,15,15,13,0,0],"gold":380,"neow_bonus":"THREE_ENEMY_KILL","is_daily":false,"chose_seed":false,"campfire_upgraded":5,"win_rate":0.0,"timestamp":1612983301,"path_taken":["M","M","M","$","M","?","R","$","T","E","M","R","M","?","R","BOSS","M","?","M","$","M","E","R","$","T","R","M","M","E","M","R","BOSS","M","?","?","?","M"],"items_purchased_type":["Card","Card","Card"],"build_version":"2020-12-22","purchased_purges":0,"victory":false,"max_hp_per_floor":[75,75,75,75,75,75,75,75,75,82,82,82,82,82,82,82,82,82,82,82,82,82,82,82,82,82,82,82,82,92,92,92,92,92,92,92,92,92,92,92],"card_choices":[{"not_picked":["Twin Strike","Clash"],"picked":"Entrench","floor":1},{"not_picked":["Infernal Blade","Headbutt"],"picked":"Rampage","floor":2},{"not_picked":["Warcry","Evolve"],"picked":"Burning Pact","floor":3},{"not_picked":["Sword Boomerang","Flex"],"picked":"Battle Trance","floor":5},{"not_picked":["Cleave","Heavy Blade"],"picked":"Clothesline","floor":10},{"not_picked":["Perfected Strike","Sword Boomerang"],"picked":"Pommel Strike","floor":11},{"not_picked":["Body Slam","Bloodletting"],"picked":"Bludgeon","floor":13},{"not_picked":["Pommel Strike","Sentinel"],"picked":"Disarm","floor":14},{"not_picked":["Juggernaut","Double Tap"],"picked":"Immolate","floor":16},{"not_picked":["Thunderclap","True Grit"],"picked":"Burning Pact","floor":18},{"not_picked":["Power Through","Whirlwind+1"],"picked":"Dual Wield+1","floor":20},{"not_picked":["Second Wind","Rampage+1","Fire Breathing"],"picked":"SKIP","floor":22},{"not_picked":["Havoc","Iron Wave","True Grit"],"picked":"SKIP","floor":23},{"not_picked":["Iron Wave","True Grit","Heavy Blade"],"picked":"SKIP","floor":28},{"not_picked":["Armaments","Warcry","Clothesline"],"picked":"SKIP","floor":29},{"not_picked":["Wild Strike+1","Dark Embrace"],"picked":"Blood for Blood","floor":30},{"not_picked":["Iron Wave+1","Clash+1"],"picked":"Sentinel","floor":31},{"not_picked":["Immolate","Brutality"],"picked":"Double Tap","floor":33},{"not_picked":["Havoc+1","True Grit"],"picked":"Thunderclap","floor":35},{"not_picked":["Heavy Blade","Brutality"],"picked":"Metallicize","floor":38}],"player_experience":388338,"relics_obtained":[{"floor":9,"key":"StrikeDummy"},{"floor":10,"key":"Strawberry"},{"floor":23,"key":"Ancient Tea Set"},{"floor":26,"key":"CeramicFish"},{"floor":30,"key":"Pear"}],"event_choices":[{"cards_removed":["Rampage"],"damage_healed":0,"gold_gain":0,"player_choice":"Gave Card","damage_taken":0,"relics_obtained":["Thread and Needle"],"max_hp_gain":0,"max_hp_loss":0,"event_name":"WeMeetAgain","floor":6,"gold_loss":0},{"damage_healed":0,"gold_gain":50,"player_choice":"Stole From Cult","damage_taken":0,"max_hp_gain":0,"max_hp_loss":0,"event_name":"Nest","floor":19,"gold_loss":0},{"cards_removed":["Strike_R"],"damage_healed":0,"gold_gain":0,"player_choice":"Removed Attack","damage_taken":0,"max_hp_gain":0,"max_hp_loss":0,"event_name":"Falling","floor":36,"gold_loss":0},{"damage_healed":0,"gold_gain":0,"player_choice":"Copied","damage_taken":0,"max_hp_gain":0,"max_hp_loss":0,"event_name":"Duplicator","floor":37,"gold_loss":0,"cards_obtained":["Bludgeon"]}],"is_beta":false,"boss_relics":[{"not_picked":["Black Blood","Pandora\u0027s Box"],"picked":"Velvet Choker"},{"not_picked":["Fusion Hammer","Runic Dome"],"picked":"Black Star"}],"items_purged_floors":[],"is_endless":false,"potions_floor_spawned":[1,2,5,11,16,20,29,30,31,35,38],"killed_by":"Jaw Worm Horde","ascension_level":20}}