{"host":"zsnmfqgcm92hlreo","time":1612946156,"event":{"mods":["AchievementEnabler","BaseMod","Bestiary","Block Reminder","Colored Map","Colored Powertips","Filter the Spire","Minty Spire (QoL Compilation)","Permanent Neow","Quick Restart","Relic Stats","StSLib","Weighted Paths"],"gold_per_floor":[117,117,135,285,301,301,340,358,382,48,1,1,32,46,46,141,141,164,187,187,187,102,133,133,157,157,157,157],"floor_reached":27,"language":"ENG","playtime":803,"items_purged":["Doubt"],"score":482,"play_id":"4d0cda27-97cf-4ead-ad18-90409b071f5b","local_time":"20210210023556","is_ascension_mode":true,"campfire_choices":[{"data":"Bash","floor":6.0,"key":"SMITH"},{"data":"Immolate","floor":15.0,"key":"SMITH"},{"floor":24,"key":"REST"}],"circlet_count":0,"master_deck":["AscendersBane","Strike_R","Strike_R","Strike_R","Strike_R","Strike_R","Defend_R","Defend_R+1","Defend_R","Defend_R+1","Bash+1","Shrug It Off","Clothesline","Rampage","Whirlwind","Immolate+1","Inflame","Hemokinesis","Heavy Blade","Demon Form","Exhume","Heavy Blade"],"relics":["Snecko Eye","Golden Idol","MealTicket","Happy Flower","Pen Nib","Mark of Pain","War Paint","Juzu Bracelet","Torii"],"acts_visited":["Exordium","TheCity"],"potions_floor_usage":[23],"damage_taken":[{"damage":7.0,"enemies":"Jaw Worm","floor":1.0,"turns":3.0},{"damage":5.0,"enemies":"Small Slimes","floor":3.0,"turns":2.0},{"damage":3.0,"enemies":"2 Louse","floor":5.0,"turns":3.0},{"damage":25.0,"enemies":"Lagavulin","floor":7.0,"turns":7.0},{"damage":9.0,"enemies":"Looter","floor":8.0,"turns":3.0},{"damage":6.0,"enemies":"Gremlin Nob","floor":13.0,"turns":3.0},{"damage":2.0,"enemies":"Large Slime","floor":14.0,"turns":3.0},{"damage":7.0,"enemies":"Slime Boss","floor":16.0,"turns":6.0},{"damage":22.0,"enemies":"2 Thieves","floor":18.0,"turns":2.0},{"damage":0.0,"enemies":"Shell Parasite","floor":19.0,"turns":1.0},{"damage":45,"enemies":"Slavers","floor":23,"turns":3},{"damage":8,"enemies":"Centurion and Healer","floor":25,"turns":4},{"damage":23,"enemies":"Gremlin Leader","floor":27,"turns":3}],"seed_played":"-2317261012998571199","potions_obtained":[{"floor":1.0,"key":"PowerPotion"},{"floor":7.0,"key":"FearPotion"},{"floor":8.0,"key":"DistilledChaos"},{"floor":19.0,"key":"ElixirPotion"}],"is_trial":false,"path_per_floor":["M","?","M","?","M","R","E","M","T","$","?","?","E","M","R","B",null,"M","M","$","?","?","E","R","M","T","E"],"character_chosen":"IRONCLAD","items_purchased":["Immolate","Inflame"],"campfire_rested":1,"item_purchase_floors":[10,10],"current_hp_per_floor":[61,61,56,56,53,53,28,19,19,34,34,39,33,31,31,24,61,39,39,54,54,54,9,30,22,22,0,0],"gold":157,"neow_bonus":"BOSS_RELIC","is_daily":false,"chose_seed":false,"campfire_upgraded":2,"win_rate":0.0,"timestamp":1612946156,"path_taken":["M","?","M","?","M","R","E","M","T","$","?","?","E","M","R","BOSS","M","M","$","?","?","E","R","M","T","E"],"items_purchased_type":["Card","Card"],"build_version":"2020-12-22","purchased_purges":1,"victory":false,"max_hp_per_floor":[75,68,68,68,68,68,68,68,68,68,68,73,73,73,73,73,73,73,73,73,73,73,73,73,73,73,73,73],"relic_stats":{"Happy Flower":[8],"Torii":17,"counters":[13,43],"Golden Idol":68,"Snecko Eye":[74,64,61,73],"MealTicket":30,"Pen Nib":[5],"Juzu Bracelet":0,"War Paint":["Defend_R","Defend_R"],"obtain_stats":[{"Happy Flower":9,"Torii":26,"Golden Idol":2,"Snecko Eye":0,"MealTicket":7,"Pen Nib":13,"Mark of Pain":17,"Juzu Bracelet":23,"War Paint":22,"Burning Blood":0},{"Happy Flower":5,"Torii":12,"Golden Idol":1,"Snecko Eye":0,"MealTicket":4,"Pen Nib":6,"Mark of Pain":8,"Juzu Bracelet":11,"War Paint":10,"Burning Blood":0},{"Happy Flower":18,"Torii":40,"Golden Idol":3,"Snecko Eye":0,"MealTicket":15,"Pen Nib":21,"Mark of Pain":30,"Juzu Bracelet":36,"War Paint":33,"Burning Blood":0}]},"card_choices":[{"not_picked":["Headbutt","Iron Wave"],"picked":"Shrug It Off","floor":1.0},{"not_picked":["Thunderclap","Anger"],"picked":"Clothesline","floor":3.0},{"not_picked":["Thunderclap","Anger"],"picked":"Rampage","floor":5.0},{"not_picked":["Thunderclap","Clash","Intimidate"],"picked":"SKIP","floor":7.0},{"not_picked":["Combust","Perfected Strike"],"picked":"Whirlwind","floor":8.0},{"not_picked":["Pummel","Brutality"],"picked":"Hemokinesis","floor":13.0},{"not_picked":["Rage","True Grit"],"picked":"Heavy Blade","floor":14.0},{"not_picked":["Limit Break","Offering"],"picked":"Demon Form","floor":16.0},{"not_picked":["Searing Blow","Burning Pact","Anger"],"picked":"SKIP","floor":18.0},{"not_picked":["Twin Strike","Rupture","Body Slam"],"picked":"SKIP","floor":19.0},{"not_picked":["Twin Strike","Cleave"],"picked":"Exhume","floor":23},{"not_picked":["Fire Breathing","Seeing Red"],"picked":"Heavy Blade","floor":25}],"player_experience":1072123,"relics_obtained":[{"floor":7.0,"key":"MealTicket"},{"floor":9.0,"key":"Happy Flower"},{"floor":13.0,"key":"Pen Nib"},{"floor":23,"key":"Juzu Bracelet"},{"floor":26,"key":"Torii"}],"event_choices":[{"damage_healed":0.0,"max_hp_gain":0.0,"max_hp_loss":7.0,"gold_gain":0.0,"event_name":"Golden Idol","player_choice":"Lose Max HP","floor":2.0,"gold_loss":0.0,"damage_taken":0.0,"relics_obtained":["Golden Idol"]},{"damage_healed":0.0,"max_hp_gain":0.0,"max_hp_loss":0.0,"gold_gain":150.0,"event_name":"Liars Game","player_choice":"AGREE","floor":4.0,"gold_loss":0.0,"damage_taken":0.0,"cards_obtained":["Doubt"]},{"damage_healed":0.0,"max_hp_gain":0.0,"max_hp_loss":0.0,"gold_gain":0.0,"event_name":"World of Goop","player_choice":"Left Gold","floor":11.0,"gold_loss":47.0,"damage_taken":0.0},{"damage_healed":0.0,"max_hp_gain":5.0,"max_hp_loss":0.0,"gold_gain":0.0,"event_name":"Big Fish","player_choice":"Donut","floor":12.0,"gold_loss":0.0,"damage_taken":0.0},{"damage_healed":0.0,"max_hp_gain":0.0,"max_hp_loss":0.0,"gold_gain":0.0,"event_name":"Ghosts","player_choice":"Ignored","floor":21.0,"gold_loss":0.0,"damage_taken":0.0},{"damage_healed":0.0,"max_hp_gain":0.0,"max_hp_loss":0.0,"gold_gain":0.0,"event_name":"Addict","player_choice":"Obtained Relic","floor":22.0,"gold_loss":85.0,"damage_taken":0.0,"relics_obtained":["War Paint"]}],"is_beta":false,"boss_relics":[{"not_picked":["Ectoplasm","Tiny House"],"picked":"Mark of Pain"}],"items_purged_floors":[10],"is_endless":false,"potions_floor_spawned":[1,7,8,13,19],"killed_by":"Gremlin Leader","ascension_level":20}}