{"host":"4cz9gr89nglr7k8k","time":1612977414,"event":{"mods":["BaseMod","Minty Spire (QoL Compilation)","Relic Stats","Slay-I"],"gold_per_floor":[369,369,381,381,346,346,374,374,374,374,389,445,472,484,484,561,561,580,580,505,289,339,339,350,350,399,423,454,486,518,117,117,190,190,207,207,207],"floor_reached":36,"language":"DEU","playtime":1234,"items_purged":["Strike_R"],"score":744,"play_id":"efc62d06-6002-4fc7-9b75-4af6faae5df4","local_time":"20210210181654","is_ascension_mode":true,"campfire_choices":[{"floor":6,"key":"REST"},{"floor":8,"key":"REST"},{"floor":10,"key":"REST"},{"floor":15,"key":"REST"},{"floor":23,"key":"REST"},{"floor":25,"key":"REST"},{"floor":32,"key":"REST"}],"circlet_count":0,"master_deck":["AscendersBane","Strike_R","Strike_R+1","Defend_R","Defend_R+1","Defend_R","Bash","Sword Boomerang","Anger","Cleave","Clothesline","Anger","Twin Strike","Anger","Immolate","Shrug It Off","Disarm","Reaper","Inflame","Power Through+1","Thunderclap","Demon Form","Flame Barrier","Bludgeon","Double Tap","Armaments+1"],"relics":["Black Blood","Art of War","Shuriken","Blood Vial","Pen Nib","Gambling Chip","MawBank","Happy Flower","Empty Cage"],"acts_visited":["Exordium","TheCity","TheBeyond"],"potions_floor_usage":[12,27,33,33],"damage_taken":[{"damage":14,"enemies":"Jaw Worm","floor":1,"turns":3},{"damage":10,"enemies":"2 Louse","floor":3,"turns":3},{"damage":40,"enemies":"Lagavulin","floor":7,"turns":5},{"damage":0,"enemies":"Small Slimes","floor":11,"turns":2},{"damage":18,"enemies":"Gremlin Nob","floor":12,"turns":4},{"damage":26,"enemies":"Gremlin Nob","floor":13,"turns":4},{"damage":7,"enemies":"3 Louse","floor":14,"turns":3},{"damage":26,"enemies":"Slime Boss","floor":16,"turns":7},{"damage":54,"enemies":"3 Byrds","floor":18,"turns":5},{"damage":16,"enemies":"Spheric Guardian","floor":24,"turns":4},{"damage":36,"enemies":"3 Cultists","floor":27,"turns":4},{"damage":30,"enemies":"Snecko","floor":28,"turns":5},{"damage":39,"enemies":"Chosen and Byrds","floor":29,"turns":6},{"damage":24,"enemies":"Centurion and Healer","floor":30,"turns":5},{"damage":52,"enemies":"Champ","floor":33,"turns":8},{"damage":54,"enemies":"3 Darklings","floor":35,"turns":4},{"damage":29,"enemies":"3 Shapes","floor":36,"turns":12}],"seed_played":"-3643568514255272642","potions_obtained":[{"floor":1,"key":"Block Potion"},{"floor":11,"key":"SkillPotion"},{"floor":16,"key":"BloodPotion"},{"floor":18,"key":"PowerPotion"},{"floor":27,"key":"Strength Potion"}],"is_trial":false,"path_per_floor":["M","?","M","?","?","R","E","R","T","R","M","?","E","M","R","B",null,"M","?","?","$","?","R","M","R","T","M","M","M","M","$","R","B",null,"M","M"],"character_chosen":"IRONCLAD","items_purchased":["Disarm","Reaper","Happy Flower","Bludgeon"],"campfire_rested":7,"item_purchase_floors":[21,21,31,31],"current_hp_per_floor":[42,35,31,8,26,48,14,36,36,58,64,52,34,35,57,39,66,26,26,26,26,26,48,51,73,73,66,55,39,29,29,51,31,64,24,0,0],"gold":207,"neow_bonus":"TWO_FIFTY_GOLD","is_daily":false,"chose_seed":false,"campfire_upgraded":0,"win_rate":0.0,"timestamp":1612977414,"path_taken":["M","?","M","?","?","R","E","R","T","R","M","?","E","M","R","BOSS","M","?","?","$","?","R","M","R","T","M","?","M","M","$","R","BOSS","M","M"],"items_purchased_type":["Card","Card","Relic","Card"],"build_version":"2020-12-22","purchased_purges":1,"victory":false,"max_hp_per_floor":[75,75,75,75,75,75,75,75,75,75,75,75,75,75,75,75,75,75,75,75,75,75,75,75,75,75,75,75,75,75,75,75,75,75,75,75,75],"relic_stats":{"Blood Vial":24,"Happy Flower":[8],"counters":[17,84],"Shuriken":[28],"Gambling Chip":[22],"Black Blood":144,"Pen Nib":[12],"Art of War":[7],"MawBank":60,"obtain_stats":[{"Blood Vial":12,"Happy Flower":31,"Shuriken":9,"Gambling Chip":19,"Black Blood":17,"Pen Nib":13,"Art of War":7,"MawBank":26,"Empty Cage":34,"Burning Blood":0},{"Blood Vial":5,"Happy Flower":14,"Shuriken":3,"Gambling Chip":9,"Black Blood":8,"Pen Nib":6,"Art of War":3,"MawBank":10,"Empty Cage":15,"Burning Blood":0},{"Blood Vial":17,"Happy Flower":60,"Shuriken":11,"Gambling Chip":36,"Black Blood":31,"Pen Nib":21,"Art of War":11,"MawBank":40,"Empty Cage":68,"Burning Blood":0}]},"card_choices":[{"not_picked":["Pommel Strike","Heavy Blade"],"picked":"Sword Boomerang","floor":1},{"not_picked":["Power Through","Rupture"],"picked":"Anger","floor":3},{"not_picked":["Burning Pact","Fire Breathing"],"picked":"Cleave","floor":7},{"not_picked":["Hemokinesis","Armaments"],"picked":"Clothesline","floor":11},{"not_picked":["Sword Boomerang","Flame Barrier"],"picked":"Anger","floor":12},{"not_picked":["Carnage","Sentinel"],"picked":"Twin Strike","floor":13},{"not_picked":["Impervious","Dark Embrace"],"picked":"Anger","floor":14},{"not_picked":["Demon Form","Juggernaut"],"picked":"Immolate","floor":16},{"not_picked":["Dark Embrace+1","Wild Strike"],"picked":"Shrug It Off","floor":18},{"not_picked":["Anger","Flex"],"picked":"Inflame","floor":24},{"not_picked":["Body Slam","Wild Strike"],"picked":"Power Through+1","floor":27},{"not_picked":["Carnage","Blood for Blood"],"picked":"Thunderclap","floor":28},{"not_picked":["Anger","Rupture"],"picked":"Demon Form","floor":29},{"not_picked":["Dual Wield","Iron Wave"],"picked":"Flame Barrier","floor":30},{"not_picked":["Offering","Berserk"],"picked":"Double Tap","floor":33},{"not_picked":["Wild Strike","Body Slam"],"picked":"Armaments+1","floor":35}],"player_experience":1548152,"relics_obtained":[{"floor":7,"key":"Art of War"},{"floor":9,"key":"Shuriken"},{"floor":12,"key":"Blood Vial"},{"floor":13,"key":"Pen Nib"},{"floor":26,"key":"MawBank"}],"event_choices":[{"cards_removed":["Defend_R"],"damage_healed":0,"gold_gain":0,"player_choice":"Card Removal","damage_taken":7,"max_hp_gain":0,"max_hp_loss":0,"event_name":"Golden Wing","floor":2,"gold_loss":0},{"damage_healed":0,"gold_gain":0,"player_choice":"Entered Light","damage_taken":23,"max_hp_gain":0,"max_hp_loss":0,"event_name":"Shining Light","floor":4,"gold_loss":0,"cards_upgraded":["Strike_R","Defend_R"]},{"damage_healed":18,"gold_gain":0,"player_choice":"Healed","damage_taken":0,"max_hp_gain":0,"max_hp_loss":0,"event_name":"The Cleric","floor":5,"gold_loss":35},{"damage_healed":0,"gold_gain":0,"player_choice":"Searched \u00271\u0027 times","damage_taken":0,"max_hp_gain":0,"max_hp_loss":0,"event_name":"Dead Adventurer","floor":12,"gold_loss":0},{"damage_healed":0,"gold_gain":0,"player_choice":"Opened","damage_taken":0,"relics_obtained":["Gambling Chip"],"max_hp_gain":0,"max_hp_loss":0,"event_name":"The Mausoleum","floor":19,"gold_loss":0,"cards_obtained":["Writhe"]},{"cards_removed":["Writhe"],"damage_healed":0,"gold_gain":0,"player_choice":"Gave Gold","damage_taken":0,"max_hp_gain":0,"max_hp_loss":0,"event_name":"Beggar","floor":20,"gold_loss":75},{"damage_healed":0,"gold_gain":100,"player_choice":"Bet on Murderer","damage_taken":0,"max_hp_gain":0,"max_hp_loss":0,"event_name":"The Joust","floor":22,"gold_loss":50}],"is_beta":false,"boss_relics":[{"not_picked":["Calling Bell","Black Star"],"picked":"Black Blood"},{"not_picked":["Snecko Eye","Pandora\u0027s Box"],"picked":"Empty Cage"}],"items_purged_floors":[31],"is_endless":false,"potions_floor_spawned":[1,11,16,18,24,27,30],"killed_by":"3 Shapes","ascension_level":20}}