{"host":"bz6w3lfmpwgz81o3","time":1612918475,"event":{"mods":["BaseMod","Downfall","Hermit","Minty Spire (QoL Compilation)","StSLib"],"gold_per_floor":[99,114,133,133,133,133,159,159,33,33,33,33,44,77,88,88,88,88],"floor_reached":16,"language":"ENG","playtime":625,"items_purged":["bronze:Strike"],"score":123,"play_id":"7da0588a-c5f2-441a-8275-e2e2947d3842","local_time":"20210210015435","is_ascension_mode":false,"campfire_choices":[{"data":"bronze:Goto","floor":1,"key":"SMITH"},{"data":"bronze:FineTuning","floor":6,"key":"SMITH"},{"data":"bronze:WhirlingStrike","floor":8,"key":"SMITH"},{"data":"bronze:Terminator","floor":10,"key":"SMITH"},{"data":"bronze:Replicate","floor":12,"key":"SMITH"}],"circlet_count":0,"master_deck":["bronze:Strike","bronze:Strike","bronze:Strike","bronze:Defend","bronze:Defend","bronze:Defend","bronze:Defend","bronze:Replicate+1","bronze:Goto+1","bronze:WhirlingStrike+1","bronze:FineTuning+1","bronze:Terminator+1","bronze:Turbo","bronze:BuggyMess","bronze:Fortify"],"relics":["bronze:BronzeCore","hexamod:BolsterEngine","hexamod:CandleOfCauterizing"],"acts_visited":["Exordium"],"potions_floor_usage":[],"damage_taken":[{"damage":3,"enemies":"2 Louse","floor":2,"turns":3},{"damage":1,"enemies":"Jaw Worm","floor":3,"turns":4},{"damage":0,"enemies":"Cultist","floor":5,"turns":1},{"damage":0,"enemies":"downfall:FleeingMerchant","floor":9,"turns":4},{"damage":0,"enemies":"2 Fungi Beasts","floor":13,"turns":2},{"damage":0,"enemies":"Lagavulin","floor":14,"turns":3},{"damage":13,"enemies":"Exordium Wildlife","floor":15,"turns":4},{"damage":75,"enemies":"WA_ARCHETYPE_RETAIN","floor":16,"turns":7}],"seed_played":"190257159639623840","potions_obtained":[{"floor":3,"key":"Dexterity Potion"},{"floor":15,"key":"Ancient Potion"}],"is_trial":false,"path_per_floor":["R","M","M","?","M","R","T","R","$","R","?","R","M","E","M","B"],"character_chosen":"THE_AUTOMATON","items_purchased":["bronze:Terminator"],"campfire_rested":0,"item_purchase_floors":[9],"current_hp_per_floor":[77,74,73,73,73,73,73,73,73,73,73,73,73,73,60,0,0,0],"gold":88,"neow_bonus":"TEN_PERCENT_HP_BONUS","is_daily":false,"chose_seed":false,"campfire_upgraded":5,"win_rate":0.0,"timestamp":1612918475,"path_taken":["R","M","M","?","M","R","T","R","$","R","?","R","M","E","M","BOSS"],"items_purchased_type":["Card"],"build_version":"2020-12-22","purchased_purges":1,"victory":false,"max_hp_per_floor":[77,77,77,77,77,77,77,77,77,77,77,77,77,77,77,77,77,77],"card_choices":[{"not_picked":["bronze:Deprecate","bronze:Safeguard","bronze:WildBeam"],"picked":"SKIP","floor":2},{"not_picked":["bronze:Deprecate","bronze:Overheat"],"picked":"bronze:WhirlingStrike","floor":3},{"not_picked":["bronze:ForLoop","bronze:WhirlingStrike"],"picked":"bronze:FineTuning","floor":5},{"not_picked":["bronze:MaxOutput","bronze:NullPointer","bronze:Invalidate"],"picked":"SKIP","floor":9},{"not_picked":["bronze:InfiniteLoop","bronze:BuggyMess"],"picked":"bronze:Turbo","floor":13},{"not_picked":["bronze:DelayedSlice","bronze:Backtrace"],"picked":"bronze:BuggyMess","floor":14},{"not_picked":["bronze:Iterate","bronze:Safeguard"],"picked":"bronze:Fortify","floor":15}],"player_experience":28624,"relics_obtained":[{"floor":7,"key":"hexamod:BolsterEngine"},{"floor":14,"key":"hexamod:CandleOfCauterizing"}],"event_choices":[],"is_beta":false,"boss_relics":[],"items_purged_floors":[9],"is_endless":false,"potions_floor_spawned":[3,15],"killed_by":"WA_ARCHETYPE_RETAIN","ascension_level":0}}