{"host":"hlz9nytggqnehs39","time":1612939370,"event":{"mods":["BaseMod","Highlight Path","Minty Spire (QoL Compilation)","Relic Stats"],"gold_per_floor":[116,116,136,86,97,123,123,134,134,409,429,429,429],"floor_reached":12,"language":"ENG","playtime":504,"items_purged":[],"score":124,"play_id":"3d91183f-fd51-48d6-91e9-d86b4ad1d188","local_time":"20210210074250","is_ascension_mode":true,"campfire_choices":[{"data":"Genetic Algorithm","floor":7,"key":"SMITH"}],"circlet_count":0,"master_deck":["AscendersBane","Strike_B+1","Strike_B+1","Strike_B","Defend_B","Defend_B","Defend_B","Defend_B","Zap","Dualcast","Static Discharge","Compile Driver","Streamline","Genetic Algorithm+1","Capacitor","Regret","Consume"],"relics":["Cracked Core","Blood Vial","Smiling Mask","Symbiotic Virus"],"acts_visited":["Exordium"],"potions_floor_usage":[6,12],"damage_taken":[{"damage":5,"enemies":"2 Louse","floor":1,"turns":3},{"damage":2,"enemies":"Jaw Worm","floor":3,"turns":4},{"damage":1,"enemies":"Cultist","floor":5,"turns":3},{"damage":20,"enemies":"3 Sentries","floor":6,"turns":7},{"damage":0,"enemies":"Large Slime","floor":8,"turns":4},{"damage":18,"enemies":"Lots of Slimes","floor":11,"turns":3},{"damage":35,"enemies":"Gremlin Nob","floor":12,"turns":3}],"seed_played":"-2581959152418906222","potions_obtained":[{"floor":1,"key":"SteroidPotion"},{"floor":5,"key":"DuplicationPotion"},{"floor":6,"key":"DuplicationPotion"}],"is_trial":false,"path_per_floor":["M","?","M","?","M","E","R","M","T","?","M","E"],"character_chosen":"DEFECT","items_purchased":[],"campfire_rested":0,"item_purchase_floors":[],"current_hp_per_floor":[65,50,50,50,51,33,33,35,35,35,19,0,0],"gold":429,"neow_bonus":"RANDOM_COMMON_RELIC","is_daily":false,"chose_seed":false,"campfire_upgraded":1,"win_rate":0.0,"timestamp":1612939370,"path_taken":["M","?","M","?","M","E","R","M","T","?","?","E"],"items_purchased_type":[],"build_version":"2020-12-22","purchased_purges":0,"victory":false,"max_hp_per_floor":[75,75,75,75,75,75,75,75,75,75,75,75,75],"relic_stats":{"Blood Vial":14,"counters":[7,27],"Smiling Mask":0,"obtain_stats":[{"Blood Vial":0,"Cracked Core":0,"Smiling Mask":6,"Symbiotic Virus":9},{"Blood Vial":0,"Cracked Core":0,"Smiling Mask":4,"Symbiotic Virus":5},{"Blood Vial":0,"Cracked Core":0,"Smiling Mask":17,"Symbiotic Virus":21}]},"card_choices":[{"not_picked":["Reprogram","Barrage"],"picked":"Static Discharge","floor":1},{"not_picked":["Blizzard","Storm"],"picked":"Compile Driver","floor":3},{"not_picked":["Barrage","Compile Driver"],"picked":"Streamline","floor":5},{"not_picked":["Compile Driver","Leap"],"picked":"Genetic Algorithm","floor":6},{"not_picked":["Stack","Go for the Eyes"],"picked":"Capacitor","floor":8},{"not_picked":["Sweeping Beam","Beam Cell"],"picked":"Consume","floor":11}],"player_experience":424597,"relics_obtained":[{"floor":6,"key":"Smiling Mask"},{"floor":9,"key":"Symbiotic Virus"}],"event_choices":[{"damage_healed":0,"gold_gain":0,"player_choice":"Entered Light","damage_taken":15,"max_hp_gain":0,"max_hp_loss":0,"event_name":"Shining Light","floor":2,"gold_loss":0,"cards_upgraded":["Strike_B","Strike_B"]},{"cards_removed":["Strike_B"],"damage_healed":0,"gold_gain":0,"player_choice":"Card Removal","damage_taken":0,"max_hp_gain":0,"max_hp_loss":0,"event_name":"The Cleric","floor":4,"gold_loss":50},{"damage_healed":0,"gold_gain":275,"player_choice":"Desecrate","damage_taken":0,"max_hp_gain":0,"max_hp_loss":0,"event_name":"Golden Shrine","floor":10,"gold_loss":0,"cards_obtained":["Regret"]}],"is_beta":false,"boss_relics":[],"items_purged_floors":[],"is_endless":false,"potions_floor_spawned":[1,5,6],"killed_by":"Gremlin Nob","ascension_level":11}}