{"host":"1avr1135to2copjv","time":1612979308,"event":{"mods":["BaseMod","Colored Map","Colored Powertips","Downfall","Minty Spire (QoL Compilation)","Relic Stats","StSLib"],"gold_per_floor":[112,6,6,26,26,61,78,78,102,102,121,161,236,259,259,345,345,334,352,6,29,10,46,46,72,72,72,72],"floor_reached":27,"language":"ENG","playtime":1123,"items_purged":["Injury"],"score":519,"play_id":"c494fe93-bd5d-48ac-a335-4c1f8208c685","local_time":"20210210204828","is_ascension_mode":true,"campfire_choices":[{"data":"Neutralize","floor":8,"key":"SMITH"},{"data":"Deadly Poison","floor":10,"key":"SMITH"},{"floor":15,"key":"REST"},{"data":"Calculated Gamble","floor":24,"key":"SMITH"}],"circlet_count":0,"master_deck":["AscendersBane","Strike_G","Strike_G","Strike_G","Strike_G","Defend_G","Defend_G","Defend_G","Defend_G","Defend_G","Survivor","Neutralize+1","Blade Dance","Well Laid Plans","PiercingWail","Deadly Poison+1","Quick Slash","Cloak And Dagger","Calculated Gamble+1","Masterful Stab","Sucker Punch","Die Die Die","Riddle With Holes+1","Bullet Time","Endless Agony","Poisoned Stab","Deflect","Footwork"],"relics":["Ring of the Snake","NeowsBlessing","MealTicket","CeramicFish","FossilizedHelix","Coffee Dripper","Kunai","Shuriken","Matryoshka"],"acts_visited":["Exordium","TheCity"],"potions_floor_usage":[12,12,16,23],"damage_taken":[{"damage":0,"enemies":"Jaw Worm","floor":1,"turns":1},{"damage":0,"enemies":"2 Louse","floor":4,"turns":1},{"damage":0,"enemies":"Lagavulin","floor":6,"turns":1},{"damage":0,"enemies":"Cultist","floor":7,"turns":3},{"damage":4,"enemies":"2 Fungi Beasts","floor":11,"turns":4},{"damage":32,"enemies":"Gremlin Nob","floor":12,"turns":4},{"damage":0,"enemies":"Exordium Wildlife","floor":14,"turns":2},{"damage":25,"enemies":"The Guardian","floor":16,"turns":13},{"damage":0,"enemies":"2 Thieves","floor":18,"turns":4},{"damage":10,"enemies":"3 Byrds","floor":21,"turns":6},{"damage":41,"enemies":"Gremlin Leader","floor":23,"turns":6},{"damage":14,"enemies":"Centurion and Healer","floor":25,"turns":5},{"damage":16,"enemies":"Snake Plant","floor":27,"turns":2}],"seed_played":"-2064982672959768817","potions_obtained":[{"floor":6,"key":"Fire Potion"},{"floor":7,"key":"SkillPotion"},{"floor":14,"key":"sneckomod:MuddlingPotion"},{"floor":21,"key":"SpeedPotion"},{"floor":23,"key":"hexamod:SoulburnPotion"}],"is_trial":false,"path_per_floor":["M","$","?","M","?","E","M","R","T","R","M","E","?","M","R","B",null,"M","?","$","M","$","E","R","M","T","M"],"character_chosen":"THE_SILENT","items_purchased":["Well Laid Plans","PiercingWail","Kunai","Poisoned Stab"],"campfire_rested":1,"item_purchase_floors":[2,2,20,22],"current_hp_per_floor":[59,59,64,64,57,57,57,57,57,57,53,21,10,10,31,6,55,55,55,70,60,71,30,30,16,16,0,0],"gold":72,"neow_bonus":"THREE_ENEMY_KILL","is_daily":false,"chose_seed":false,"campfire_upgraded":3,"win_rate":0.0,"timestamp":1612979308,"path_taken":["M","$","?","M","?","E","M","R","T","R","M","E","?","M","R","BOSS","M","?","$","M","?","E","R","M","T","M"],"items_purchased_type":["Card","Card","Relic","Card"],"build_version":"2020-12-22","purchased_purges":1,"victory":false,"max_hp_per_floor":[66,66,71,71,71,71,71,71,71,71,71,71,71,71,71,71,71,71,71,71,71,71,71,71,71,71,71,71],"relic_stats":{"counters":[13,52],"Shuriken":[7],"CeramicFish":99,"MealTicket":26,"Kunai":[16],"obtain_stats":[{"Matryoshka":26,"NeowsBlessing":0,"Shuriken":23,"CeramicFish":9,"MealTicket":6,"Coffee Dripper":17,"Kunai":20,"FossilizedHelix":12,"Ring of the Snake":0},{"Matryoshka":12,"NeowsBlessing":0,"Shuriken":11,"CeramicFish":4,"MealTicket":3,"Coffee Dripper":8,"Kunai":9,"FossilizedHelix":6,"Ring of the Snake":0},{"Matryoshka":50,"NeowsBlessing":0,"Shuriken":45,"CeramicFish":6,"MealTicket":3,"Coffee Dripper":29,"Kunai":33,"FossilizedHelix":14,"Ring of the Snake":0}],"Ring of the Snake":[26]},"card_choices":[{"not_picked":["Dagger Spray","Flying Knee"],"picked":"Blade Dance","floor":1},{"not_picked":["Bane","Acrobatics"],"picked":"Deadly Poison","floor":4},{"not_picked":["Prepared","Blade Dance"],"picked":"Quick Slash","floor":6},{"not_picked":["Underhanded Strike","Dodge and Roll"],"picked":"Cloak And Dagger","floor":7},{"not_picked":["Setup","Underhanded Strike"],"picked":"Calculated Gamble","floor":11},{"not_picked":["Reflex","Storm of Steel"],"picked":"Masterful Stab","floor":12},{"not_picked":["Distraction","All Out Attack"],"picked":"Sucker Punch","floor":14},{"not_picked":["Unload","Venomology"],"picked":"Die Die Die","floor":16},{"not_picked":["Dagger Spray+1","Dagger Throw"],"picked":"Riddle With Holes+1","floor":18},{"not_picked":["Quick Slash","Masterful Stab+1"],"picked":"Endless Agony","floor":21},{"not_picked":["Sucker Punch","Outmaneuver+1"],"picked":"Deflect","floor":23},{"not_picked":["Tactician","Die Die Die"],"picked":"Footwork","floor":25}],"player_experience":1081989,"relics_obtained":[{"floor":6,"key":"MealTicket"},{"floor":9,"key":"CeramicFish"},{"floor":12,"key":"FossilizedHelix"},{"floor":23,"key":"Shuriken"},{"floor":26,"key":"Matryoshka"}],"event_choices":[{"damage_healed":0,"gold_gain":0,"player_choice":"Donut","damage_taken":0,"max_hp_gain":5,"max_hp_loss":0,"event_name":"Big Fish","floor":3,"gold_loss":0},{"cards_removed":["Strike_G"],"damage_healed":0,"gold_gain":0,"player_choice":"Card Removal","damage_taken":7,"max_hp_gain":0,"max_hp_loss":0,"event_name":"Golden Wing","floor":5,"gold_loss":0},{"damage_healed":0,"gold_gain":75,"player_choice":"Gather Gold","damage_taken":11,"max_hp_gain":0,"max_hp_loss":0,"event_name":"World of Goop","floor":13,"gold_loss":0},{"damage_healed":0,"gold_gain":0,"player_choice":"2 cards matched","damage_taken":0,"max_hp_gain":0,"max_hp_loss":0,"event_name":"Match and Keep!","floor":19,"gold_loss":0,"cards_obtained":["Injury","Bullet Time"]}],"is_beta":false,"boss_relics":[{"not_picked":["Ectoplasm","Runic Dome"],"picked":"Coffee Dripper"}],"items_purged_floors":[20],"is_endless":false,"potions_floor_spawned":[6,7,14,21,23],"killed_by":"Snake Plant","ascension_level":19}}