{"host":"dg9bmj64xsaxvoc5","time":1612973679,"event":{"mods":["AchievementEnabler","BaseMod","Highlight Path","Minty Spire (QoL Compilation)","Quick Restart","Relic Stats"],"gold_per_floor":[117,42,42,55,130,130,164,164,164,164,191,213,288,306,306,306,306],"floor_reached":16,"language":"ENG","playtime":255,"items_purged":["Strike_R"],"score":131,"play_id":"6d3df467-ba66-41a8-b402-e5c6eca6f6c4","local_time":"20210210111439","is_ascension_mode":false,"campfire_choices":[{"data":"Inflame","floor":6,"key":"SMITH"},{"data":"Clash","floor":8,"key":"SMITH"},{"data":"Defend_R","floor":10,"key":"SMITH"},{"data":"Defend_R","floor":15,"key":"SMITH"}],"circlet_count":0,"master_deck":["Strike_R","Strike_R","Strike_R","Strike_R","Defend_R+1","Defend_R","Defend_R","Defend_R+1","Bash","Clash+1","Inflame+1","Thunderclap"],"relics":["Burning Blood","NeowsBlessing","Darkstone Periapt","Centennial Puzzle","Oddly Smooth Stone","Odd Mushroom"],"acts_visited":["Exordium"],"potions_floor_usage":[11,16,16],"damage_taken":[{"damage":0,"enemies":"2 Louse","floor":1,"turns":1},{"damage":0,"enemies":"Jaw Worm","floor":4,"turns":1},{"damage":0,"enemies":"Lagavulin","floor":7,"turns":1},{"damage":11,"enemies":"Gremlin Nob","floor":11,"turns":4},{"damage":16,"enemies":"The Mushroom Lair","floor":12,"turns":4},{"damage":10,"enemies":"Small Slimes","floor":14,"turns":4},{"damage":19,"enemies":"The Guardian","floor":16,"turns":6}],"seed_played":"-5056825168951228625","potions_obtained":[{"floor":4,"key":"AttackPotion"},{"floor":7,"key":"SmokeBomb"},{"floor":11,"key":"Weak Potion"},{"floor":12,"key":"Swift Potion"}],"is_trial":false,"path_per_floor":["M","$","?","M","?","R","E","R","T","R","E","?","?","M","R","B"],"character_chosen":"IRONCLAD","items_purchased":[],"campfire_rested":0,"item_purchase_floors":[],"current_hp_per_floor":[80,80,80,80,69,69,75,75,75,75,70,60,60,56,56,37,37],"gold":306,"neow_bonus":"THREE_ENEMY_KILL","is_daily":false,"chose_seed":false,"campfire_upgraded":4,"win_rate":0.0,"timestamp":1612973679,"path_taken":["M","$","?","M","?","R","E","R","T","R","E","?","?","M","R","BOSS"],"items_purchased_type":[],"build_version":"2020-12-22","purchased_purges":1,"victory":false,"max_hp_per_floor":[80,80,80,80,80,80,80,80,80,80,80,80,80,80,80,80,80],"relic_stats":{"Darkstone Periapt":0,"Centennial Puzzle":[12],"counters":[7,20],"obtain_stats":[{"Darkstone Periapt":7,"Centennial Puzzle":9,"NeowsBlessing":0,"Oddly Smooth Stone":11,"Odd Mushroom":12,"Burning Blood":0},{"Darkstone Periapt":3,"Centennial Puzzle":3,"NeowsBlessing":0,"Oddly Smooth Stone":4,"Odd Mushroom":5,"Burning Blood":0},{"Darkstone Periapt":3,"Centennial Puzzle":3,"NeowsBlessing":0,"Oddly Smooth Stone":7,"Odd Mushroom":11,"Burning Blood":0}],"Burning Blood":24},"card_choices":[{"not_picked":["Twin Strike","Clothesline"],"picked":"Clash","floor":1},{"not_picked":["Wild Strike","Anger"],"picked":"Inflame","floor":4},{"not_picked":["Feel No Pain","Carnage","Immolate"],"picked":"SKIP","floor":7},{"not_picked":["Reckless Charge","Headbutt","Power Through"],"picked":"SKIP","floor":11},{"not_picked":["Flex","Cleave"],"picked":"Thunderclap","floor":12},{"not_picked":["Burning Pact","Perfected Strike","Body Slam"],"picked":"SKIP","floor":14}],"player_experience":5098,"relics_obtained":[{"floor":7,"key":"Darkstone Periapt"},{"floor":9,"key":"Centennial Puzzle"},{"floor":11,"key":"Oddly Smooth Stone"},{"floor":12,"key":"Odd Mushroom"}],"event_choices":[{"damage_healed":0,"gold_gain":0,"player_choice":"Leave","damage_taken":0,"max_hp_gain":0,"max_hp_loss":0,"event_name":"The Cleric","floor":3,"gold_loss":0},{"damage_healed":0,"gold_gain":75,"player_choice":"Gather Gold","damage_taken":11,"max_hp_gain":0,"max_hp_loss":0,"event_name":"World of Goop","floor":5,"gold_loss":0},{"damage_healed":0,"gold_gain":0,"player_choice":"Fought Mushrooms","damage_taken":0,"max_hp_gain":0,"max_hp_loss":0,"event_name":"Mushrooms","floor":12,"gold_loss":0},{"damage_healed":0,"gold_gain":75,"player_choice":"Gained Gold","damage_taken":0,"max_hp_gain":0,"max_hp_loss":0,"event_name":"Golden Wing","floor":13,"gold_loss":0}],"is_beta":false,"boss_relics":[],"items_purged_floors":[2],"is_endless":false,"potions_floor_spawned":[4,7,11,12],"killed_by":"The Guardian","ascension_level":0}}