{"host":"se54kqb5s2qquozl","time":1612999998,"event":{"mods":["BaseMod","Colored Powertips","Downfall","Hermit","Minty Spire (QoL Compilation)","Replay The Spire","StSLib"],"gold_per_floor":[99,109,120,131,144,23,23,55,93,93,113,113,113,123,136,237,237,237,254,269,282,282,123,148,48,60,60,60,60,72,98,114,114,114,114],"floor_reached":33,"language":"ENG","playtime":1895,"items_purged":[],"score":346,"play_id":"3b19a494-f8a8-4f95-b513-8086dd5f2e39","local_time":"20210210173318","is_ascension_mode":false,"campfire_choices":[{"data":"hexamod:Sear","floor":1.0,"key":"SMITH"},{"data":"hexamod:InspiringFlames","floor":10.0,"key":"SMITH"},{"data":"hexamod:InspiringFlames","floor":13.0,"key":"SMITH"},{"data":"hexamod:GhostOfSpirePresent","floor":18.0,"key":"SMITH"},{"data":"hexamod:TimeOfNeed","floor":25.0,"key":"SMITH"},{"floor":27.0,"key":"REST"}],"circlet_count":0,"master_deck":["hexamod:Strike+1","hexamod:Strike+1","hexamod:Defend+1","hexamod:Defend+1","hexamod:Defend+1","hexamod:Defend+1","hexamod:Sear+1","hexamod:Float","hexamod:RadiantFlame","hexamod:SpectersWail","hexamod:HeatMetal","hexamod:InspiringFlames+1","hexamod:RadiantFlame","hexamod:EmpoweredFlame+1","hexamod:InspiringFlames+1","hexamod:DynamicBlow","hexamod:DynamicBlow","hexamod:AdvancingGuard","hexamod:SoulSteal","hexamod:PhantomCloak","hexamod:GhostOfSpirePresent+1","hexamod:PhantomFireball+1","hexamod:Again","hexamod:Again","hexamod:UnleashSpirits","hexamod:TimeOfNeed+1","hexamod:PhantomFireball+1","hexamod:RetreatToShadows+1","hexamod:ThermalTransfer+1","hexamod:HeatMetal+1"],"relics":["hexamod:UnbrokenSoul","Happy Flower","Thread and Needle","MealTicket","downfall:HeartBlessingBlue","Gremlin Horn","Ancient Tea Set"],"acts_visited":["Exordium","TheCity"],"potions_floor_usage":[31,33],"damage_taken":[{"damage":0.0,"enemies":"2 Louse","floor":2.0,"turns":5.0},{"damage":6.0,"enemies":"Jaw Worm","floor":3.0,"turns":4.0},{"damage":0.0,"enemies":"Cultist","floor":4.0,"turns":3.0},{"damage":2.0,"enemies":"Blue Slaver","floor":5.0,"turns":4.0},{"damage":0.0,"enemies":"downfall:FleeingMerchant","floor":6.0,"turns":4.0},{"damage":0.0,"enemies":"Replay:BlueRogue","floor":8.0,"turns":6.0},{"damage":0.0,"enemies":"2 Fungi Beasts","floor":11.0,"turns":4.0},{"damage":0.0,"enemies":"Gremlin Gang","floor":14.0,"turns":5.0},{"damage":0.0,"enemies":"2 Fungi Beasts","floor":15.0,"turns":4.0},{"damage":27.0,"enemies":"WA_ARCHETYPE_RETAIN","floor":16.0,"turns":10.0},{"damage":1.0,"enemies":"Chosen","floor":19.0,"turns":5.0},{"damage":21.0,"enemies":"Snake Plant","floor":20.0,"turns":6.0},{"damage":21.0,"enemies":"Shelled Parasite and Fungi","floor":21.0,"turns":6.0},{"damage":4.0,"enemies":"downfall:FleeingMerchant","floor":23.0,"turns":4.0},{"damage":20.0,"enemies":"Snecko","floor":26.0,"turns":5.0},{"damage":14.0,"enemies":"3 Cultists","floor":30.0,"turns":5.0},{"damage":3,"enemies":"Gremlin Leader","floor":31,"turns":7},{"damage":15,"enemies":"Shelled Parasite and Fungi","floor":32,"turns":5},{"damage":15,"enemies":"SI_MIRROR_ARCHETYPE","floor":33,"turns":4}],"seed_played":"4061609113829036752","potions_obtained":[{"floor":2.0,"key":"Elixir"},{"floor":5.0,"key":"Weak Potion"},{"floor":8.0,"key":"Swift Potion"},{"floor":12.0,"key":"Death Potion"},{"floor":16.0,"key":"Fire Potion"},{"floor":20.0,"key":"hexamod:EctoCoolerPotion"},{"floor":21.0,"key":"champ:CounterPotion"},{"floor":31,"key":"ColorlessPotion"}],"is_trial":false,"path_per_floor":["R","M","M","M","M","$","T","E","?","R","M","?","R","M","M","B",null,"R","M","M","M","?","$","T","R","M","R","?","?","M","E","M","B"],"character_chosen":"THE_SPIRIT","items_purchased":["hexamod:EmpoweredFlame+1","hexamod:InspiringFlames","hexamod:TimeOfNeed"],"campfire_rested":1,"item_purchase_floors":[6,6,23],"current_hp_per_floor":[77,77,71,71,69,69,69,69,69,69,69,69,69,69,69,42,77,77,76,55,34,34,30,30,40,20,46,46,46,32,29,14,0,0,0],"gold":114,"neow_bonus":"TEN_PERCENT_HP_BONUS","is_daily":false,"chose_seed":false,"campfire_upgraded":5,"win_rate":0.0,"timestamp":1612999998,"path_taken":["R","M","M","M","M","$","T","E","?","R","M","?","R","?","M","BOSS","R","M","M","M","?","$","T","R","M","R","?","?","M","E","M","BOSS"],"items_purchased_type":["Card","Card","Card"],"build_version":"2020-12-22","purchased_purges":0,"victory":false,"max_hp_per_floor":[77,77,77,77,77,77,77,77,77,77,77,77,77,77,77,77,77,77,77,77,77,77,77,77,87,87,87,87,87,87,87,87,87,87,87],"card_choices":[{"not_picked":["hexamod:InspiringFlames","hexamod:ShieldOfDarkness"],"picked":"hexamod:RadiantFlame","floor":2.0},{"not_picked":["hexamod:GhostLash","hexamod:RainOfEmbers"],"picked":"hexamod:SpectersWail","floor":3.0},{"not_picked":["hexamod:ThermalTransfer","hexamod:Haunt"],"picked":"hexamod:HeatMetal","floor":4.0},{"not_picked":["hexamod:BacktrackSmack","hexamod:RainOfEmbers"],"picked":"hexamod:InspiringFlames","floor":5.0},{"not_picked":["hexamod:ThermalTransfer","hexamod:TimeWarp"],"picked":"hexamod:RadiantFlame","floor":6.0},{"not_picked":["hexamod:GhostOfSpireFuture","hexamod:BacktrackSmack"],"picked":"hexamod:DynamicBlow","floor":8.0},{"not_picked":["hexamod:EtherealExpedition","hexamod:HeatMetal"],"picked":"hexamod:DynamicBlow","floor":9.0},{"not_picked":["hexamod:SwordOfDarkness","hexamod:Firestarter"],"picked":"hexamod:AdvancingGuard","floor":11.0},{"not_picked":["hexamod:BurningTouch","hexamod:SkipABeat"],"picked":"hexamod:SoulSteal","floor":14.0},{"not_picked":["hexamod:EtherealExpedition","hexamod:SpectersWail"],"picked":"hexamod:PhantomCloak","floor":15.0},{"not_picked":["hexamod:GhostflameInferno","hexamod:HexaLevel"],"picked":"hexamod:GhostOfSpirePresent","floor":16.0},{"not_picked":["hexamod:ShieldOfDarkness","hexamod:GhostShield","hexamod:Again"],"picked":"SKIP","floor":19.0},{"not_picked":["hexamod:HeatMetal","hexamod:SpectersWail","hexamod:SpectralAdrenaline"],"picked":"SKIP","floor":20.0},{"not_picked":["hexamod:FourthSeal","hexamod:Incineration"],"picked":"hexamod:PhantomFireball+1","floor":21.0},{"not_picked":["hexamod:ShieldOfDarkness","hexamod:BacktrackSmack+1"],"picked":"hexamod:UnleashSpirits","floor":23.0},{"not_picked":["hexamod:BurningTouch","hexamod:HeatMetal"],"picked":"hexamod:PhantomFireball+1","floor":26.0},{"not_picked":["hexamod:ChargedBarrage","hexamod:GhostLash"],"picked":"hexamod:RetreatToShadows+1","floor":30.0},{"not_picked":["hexamod:UnleashSpirits","hexamod:ChargedBarrage"],"picked":"hexamod:ThermalTransfer+1","floor":31},{"not_picked":["hexamod:Haunt+1","hexamod:SecondSeal"],"picked":"hexamod:HeatMetal+1","floor":32}],"player_experience":49061,"relics_obtained":[{"floor":8.0,"key":"Happy Flower"},{"floor":9.0,"key":"Thread and Needle"},{"floor":24.0,"key":"MealTicket"},{"floor":31,"key":"Ancient Tea Set"}],"event_choices":[{"damage_healed":0.0,"max_hp_gain":0.0,"max_hp_loss":0.0,"gold_gain":0.0,"event_name":"Lab","player_choice":"Got Potions","floor":12.0,"gold_loss":0.0,"damage_taken":0.0},{"damage_healed":0.0,"max_hp_gain":0.0,"max_hp_loss":0.0,"gold_gain":0.0,"cards_transformed":["hexamod:Strike","hexamod:Strike"],"event_name":"Drug Dealer","player_choice":"Became Test Subject","floor":22.0,"gold_loss":0.0,"damage_taken":0.0,"cards_obtained":["hexamod:Again","hexamod:Again"]}],"is_beta":false,"boss_relics":[{"not_picked":["Painkiller Herb","Snecko Eye"],"picked":"hexamod:UnbrokenSoul"}],"items_purged_floors":[],"is_endless":false,"potions_floor_spawned":[2,5,8,16,20,21,31],"killed_by":"SI_MIRROR_ARCHETYPE","ascension_level":0}}