{"host":"sav7uxregyirlf69","time":1612945244,"event":{"mods":["AchievementEnabler","BaseMod","Colored Map","DeckTracker","Keyboard Shortcuts","Minty Spire (QoL Compilation)","READ ME - Guardian Mod","StSLib","SuperFastMode"],"gold_per_floor":[112,37,112,128,128,128,161,172,172,211,238,256,256,296,296,296,296],"floor_reached":16,"language":"KOR","playtime":168,"items_purged":[],"score":336,"play_id":"9ecd5568-ffef-4b9b-95ec-de429c62d008","local_time":"20210210172044","is_ascension_mode":true,"campfire_choices":[{"data":"Dash","floor":6,"key":"SMITH"},{"floor":13,"key":"REST"},{"data":"Deadly Poison","floor":15,"key":"SMITH"}],"circlet_count":0,"master_deck":["AscendersBane","Strike_G","Strike_G","Strike_G","Strike_G","Strike_G","Defend_G","Defend_G","Defend_G","Defend_G","Survivor","Neutralize","Dash+1","Masterful Stab","Deadly Poison+1","Masterful Stab","Reflex"],"relics":["Ring of the Snake","NeowsBlessing","The Courier","Bag of Preparation","CeramicFish","Pen Nib","Bronze Scales"],"acts_visited":["Exordium"],"potions_floor_usage":[],"damage_taken":[{"damage":0,"enemies":"Small Slimes","floor":1,"turns":1},{"damage":0,"enemies":"2 Louse","floor":4,"turns":1},{"damage":0,"enemies":"Gremlin Nob","floor":7,"turns":1},{"damage":6,"enemies":"Cultist","floor":8,"turns":3},{"damage":19,"enemies":"3 Sentries","floor":10,"turns":11},{"damage":9,"enemies":"Blue Slaver","floor":12,"turns":3},{"damage":0,"enemies":"Gremlin Nob","floor":14,"turns":3},{"damage":33,"enemies":"Hexaghost","floor":16,"turns":8}],"seed_played":"892802158643547825","potions_obtained":[{"floor":1,"key":"GhostInAJar"},{"floor":7,"key":"SteroidPotion"}],"is_trial":false,"path_per_floor":["M","?","?","M","?","R","E","M","T","E","T","M","R","E","R","B"],"character_chosen":"THE_SILENT","items_purchased":[],"campfire_rested":1,"item_purchase_floors":[],"current_hp_per_floor":[59,59,48,48,48,48,48,42,42,23,23,14,33,33,33,0,0],"gold":296,"neow_bonus":"THREE_ENEMY_KILL","is_daily":false,"chose_seed":false,"campfire_upgraded":2,"win_rate":0.0,"timestamp":1612945244,"path_taken":["M","?","?","M","?","R","E","M","T","E","?","M","R","E","R","BOSS"],"items_purchased_type":[],"build_version":"2020-12-22","purchased_purges":0,"victory":false,"max_hp_per_floor":[66,66,66,66,66,66,66,66,66,66,66,66,66,66,66,66,66],"card_choices":[{"not_picked":["Accuracy","Sucker Punch","Skewer"],"picked":"SKIP","floor":1},{"not_picked":["Deadly Poison","Catalyst"],"picked":"Dash","floor":4},{"not_picked":["Crippling Poison","Catalyst"],"picked":"Masterful Stab","floor":7},{"not_picked":["Reflex","Dodge and Roll"],"picked":"Deadly Poison","floor":8},{"not_picked":["Outmaneuver","Bane"],"picked":"Masterful Stab","floor":10},{"not_picked":["Dagger Spray","Outmaneuver","Dash"],"picked":"SKIP","floor":12},{"not_picked":["Venomology","Underhanded Strike"],"picked":"Reflex","floor":14}],"player_experience":1551383,"relics_obtained":[{"floor":7,"key":"The Courier"},{"floor":9,"key":"Bag of Preparation"},{"floor":10,"key":"CeramicFish"},{"floor":11,"key":"Pen Nib"},{"floor":14,"key":"Bronze Scales"}],"event_choices":[{"cards_removed":["Defend_G"],"damage_healed":0,"gold_gain":0,"player_choice":"Card Removal","damage_taken":0,"max_hp_gain":0,"max_hp_loss":0,"event_name":"The Cleric","floor":2,"gold_loss":75},{"damage_healed":0,"gold_gain":75,"player_choice":"Gather Gold","damage_taken":11,"max_hp_gain":0,"max_hp_loss":0,"event_name":"World of Goop","floor":3,"gold_loss":0},{"damage_healed":0,"gold_gain":0,"player_choice":"Ignored","damage_taken":0,"max_hp_gain":0,"max_hp_loss":0,"event_name":"Liars Game","floor":5,"gold_loss":0}],"is_beta":false,"boss_relics":[],"items_purged_floors":[],"is_endless":false,"potions_floor_spawned":[1,7],"killed_by":"Hexaghost","ascension_level":20}}