{"host":"prxrhpgaxnj4om9r","time":1612960497,"event":{"mods":["AchievementEnabler","BaseMod","DeckTracker","Keyboard Shortcuts","Minty Spire (QoL Compilation)"],"gold_per_floor":[214,227,281,296,309,309,338,353,353,370,83,101,128,148,148,247,247,260,291,304,282,282,282,316,316,316,15,30,62,35,35,35,139,139,158,170,170,224,224,240,271,271,271,271,286,303,525,65,65,65,65,65,28,55,55],"floor_reached":56,"language":"KOR","playtime":3010,"items_purged":[],"score":1269,"play_id":"adc93dac-d4e6-4d05-957f-2d37eefbdddd","local_time":"20210210213457","is_ascension_mode":false,"campfire_choices":[{"data":"Seeing Red","floor":6,"key":"SMITH"},{"data":"Infernal Blade","floor":15,"key":"SMITH"},{"data":"Armaments","floor":23,"key":"SMITH"},{"floor":32,"key":"RECALL"},{"data":"Body Slam","floor":44,"key":"SMITH"},{"data":"Inflame","floor":49,"key":"SMITH"},{"data":"Searing Blow","floor":52,"key":"SMITH"}],"circlet_count":0,"master_deck":["Strike_R","Strike_R","Strike_R","Strike_R","Strike_R","Defend_R","Defend_R","Defend_R","Defend_R","Bash","Flex","Heavy Blade","Pommel Strike","Seeing Red+1","Inflame+1","Infernal Blade+1","Searing Blow+1","Body Slam+1","Perfected Strike","Anger","Reaper","Shrug It Off","Armaments+1","Entrench","Headbutt","Necronomicurse","Barricade","Iron Wave+1","Cleave+1","Pommel Strike+1","Impervious+1","Flex+1","Metallicize+1","Body Slam+1","Flame Barrier+1","Madness+1","Madness+1","Sever Soul+1","Transmutation+1","Dropkick+1","Thunderclap+1","Ghostly Armor+1","True Grit+1","Seeing Red+1","Uppercut+1","Blood for Blood+1","Sever Soul+1","Perfected Strike+1","Intimidate+1","Evolve","Burning Pact+1"],"relics":["Burning Blood","Vajra","Pen Nib","PreservedInsect","Lee\u0027s Waffle","Odd Mushroom","Mark of Pain","Red Mask","Necronomicon","Molten Egg 2","Self Forming Clay","Calipers","Prayer Wheel","Toxic Egg 2","Sozu","Dead Branch","Bag of Preparation","Gambling Chip","Pantograph"],"acts_visited":["Exordium","TheCity","TheBeyond","TheEnding"],"potions_floor_usage":[7,11,12,16,16,24,25,33,50,55],"damage_taken":[{"damage":1,"enemies":"Cultist","floor":1,"turns":4},{"damage":13,"enemies":"Jaw Worm","floor":2,"turns":3},{"damage":0,"enemies":"Small Slimes","floor":4,"turns":3},{"damage":10,"enemies":"Looter","floor":5,"turns":2},{"damage":16,"enemies":"Gremlin Nob","floor":7,"turns":3},{"damage":7,"enemies":"3 Louse","floor":8,"turns":3},{"damage":11,"enemies":"Exordium Wildlife","floor":10,"turns":2},{"damage":22,"enemies":"Gremlin Gang","floor":12,"turns":4},{"damage":10,"enemies":"The Mushroom Lair","floor":13,"turns":3},{"damage":9,"enemies":"2 Fungi Beasts","floor":14,"turns":3},{"damage":47,"enemies":"Hexaghost","floor":16,"turns":6},{"damage":28,"enemies":"3 Byrds","floor":18,"turns":8},{"damage":11,"enemies":"Masked Bandits","floor":19,"turns":3},{"damage":0,"enemies":"Chosen","floor":20,"turns":3},{"damage":3,"enemies":"Book of Stabbing","floor":24,"turns":3},{"damage":0,"enemies":"Centurion and Healer","floor":25,"turns":1},{"damage":3,"enemies":"Cultist and Chosen","floor":28,"turns":5},{"damage":23,"enemies":"Slavers","floor":29,"turns":5},{"damage":44,"enemies":"Collector","floor":33,"turns":5},{"damage":12,"enemies":"3 Darklings","floor":35,"turns":5},{"damage":10,"enemies":"3 Shapes","floor":36,"turns":4},{"damage":7,"enemies":"2 Orb Walkers","floor":38,"turns":4},{"damage":3,"enemies":"Maw","floor":40,"turns":5},{"damage":12,"enemies":"Reptomancer","floor":41,"turns":2},{"damage":0,"enemies":"Jaw Worm Horde","floor":45,"turns":1},{"damage":9,"enemies":"Sphere and 2 Shapes","floor":46,"turns":2},{"damage":17,"enemies":"Time Eater","floor":50,"turns":9},{"damage":28,"enemies":"Shield and Spear","floor":54,"turns":4},{"damage":81,"enemies":"The Heart","floor":55,"turns":9}],"seed_played":"-5016619879999603298","potions_obtained":[{"floor":5,"key":"CultistPotion"},{"floor":7,"key":"Block Potion"},{"floor":13,"key":"DuplicationPotion"},{"floor":14,"key":"Dexterity Potion"},{"floor":19,"key":"SmokeBomb"},{"floor":20,"key":"Block Potion"},{"floor":28,"key":"BlessingOfTheForge"},{"floor":29,"key":"SkillPotion"},{"floor":33,"key":"HeartOfIron"}],"is_trial":false,"path_per_floor":["M","M","T","M","M","R","E","M","T","M","$","M","?","M","R","B",null,"M","?","M","$","?","R","E","M","T","$","M","E","$","?","R","B",null,"M","M","?","?","?","M","E","?","T","R","M","M","?","$","R","B",null,"R","$","E","B",null],"character_chosen":"IRONCLAD","items_purchased":["Lee\u0027s Waffle","Searing Blow","Fruit Juice","Headbutt","Calipers","Pommel Strike+1","Sever Soul+1","Gambling Chip","Perfected Strike+1","Intimidate+1","Evolve"],"campfire_rested":0,"item_purchase_floors":[11,11,11,21,27,30,48,48,48,48,53],"current_hp_per_floor":[80,73,73,79,75,75,65,64,64,59,92,76,72,69,69,28,92,73,87,92,92,76,76,89,92,92,92,92,92,92,92,92,88,92,92,92,80,79,79,82,76,76,76,76,82,79,79,79,79,68,92,92,92,70,32],"gold":55,"neow_bonus":"HUNDRED_GOLD","is_daily":false,"chose_seed":false,"campfire_upgraded":6,"win_rate":0.0,"timestamp":1612960497,"path_taken":["M","M","?","M","M","R","E","M","T","M","?","M","?","M","R","BOSS","M","?","M","$","?","R","E","M","T","?","?","E","$","?","R","BOSS","M","?","?","?","?","M","E","?","T","R","M","M","?","$","R","BOSS","R","$","E","BOSS"],"items_purchased_type":["Relic","Card","Potion","Card","Relic","Card","Card","Relic","Card","Card","Card"],"build_version":"2020-12-22","purchased_purges":0,"victory":true,"max_hp_per_floor":[80,80,80,80,80,80,80,80,80,80,92,92,92,92,92,92,92,92,92,92,92,92,92,92,92,92,92,92,92,92,92,92,92,92,92,92,92,92,92,92,92,92,92,92,92,92,92,92,92,92,92,92,92,92,92],"card_choices":[{"not_picked":["Sword Boomerang","Pommel Strike"],"picked":"Flex","floor":1},{"not_picked":["Warcry","Flame Barrier"],"picked":"Heavy Blade","floor":2},{"not_picked":["Anger","Evolve"],"picked":"Pommel Strike","floor":4},{"not_picked":["True Grit","Intimidate"],"picked":"Seeing Red","floor":5},{"not_picked":["Iron Wave","Wild Strike"],"picked":"Inflame","floor":7},{"not_picked":["Sever Soul","Rampage"],"picked":"Infernal Blade","floor":8},{"not_picked":["Battle Trance","Limit Break"],"picked":"Clash","floor":10},{"not_picked":["True Grit","Warcry"],"picked":"Body Slam","floor":12},{"not_picked":["Body Slam","Burning Pact"],"picked":"Perfected Strike","floor":13},{"not_picked":["Sword Boomerang","Heavy Blade"],"picked":"Anger","floor":14},{"not_picked":["Brutality","Feed"],"picked":"Reaper","floor":16},{"not_picked":["Rage","Heavy Blade+1"],"picked":"Shrug It Off","floor":18},{"not_picked":["Wild Strike","Heavy Blade"],"picked":"Armaments","floor":19},{"not_picked":["Havoc","Battle Trance"],"picked":"Entrench","floor":20},{"not_picked":["Entrench","Intimidate"],"picked":"Barricade","floor":24},{"not_picked":["Ghostly Armor","True Grit+1"],"picked":"Iron Wave+1","floor":28},{"not_picked":["Second Wind","True Grit"],"picked":"Cleave+1","floor":29},{"not_picked":["Reaper+1","Corruption"],"picked":"Impervious+1","floor":33},{"not_picked":["Warcry+1","Havoc+1"],"picked":"Flex+1","floor":35},{"not_picked":["Shockwave+1","Thunderclap+1"],"picked":"Metallicize+1","floor":35},{"not_picked":["Anger+1","Havoc+1"],"picked":"Body Slam+1","floor":36},{"not_picked":["Rage+1","Shrug It Off+1"],"picked":"Flame Barrier+1","floor":36},{"not_picked":["Shockwave+1","Thunderclap+1"],"picked":"Sever Soul+1","floor":38},{"not_picked":["Swift Strike+1","Impatience+1"],"picked":"Transmutation+1","floor":39},{"not_picked":["Armaments+1","Warcry+1"],"picked":"Dropkick+1","floor":40},{"not_picked":["Havoc+1","Armaments+1"],"picked":"Thunderclap+1","floor":40},{"not_picked":["Perfected Strike+1","Entrench+1"],"picked":"Ghostly Armor+1","floor":41},{"not_picked":["Dual Wield+1","Armaments+1"],"picked":"True Grit+1","floor":45},{"not_picked":["Headbutt+1","Anger+1"],"picked":"Seeing Red+1","floor":45},{"not_picked":["Pommel Strike+1","Brutality"],"picked":"Uppercut+1","floor":46},{"not_picked":["Warcry+1","Uppercut+1"],"picked":"Blood for Blood+1","floor":46},{"not_picked":["Wild Strike+1","Sword Boomerang+1"],"picked":"Burning Pact+1","floor":54}],"player_experience":363716,"relics_obtained":[{"floor":3,"key":"Vajra"},{"floor":7,"key":"Pen Nib"},{"floor":9,"key":"PreservedInsect"},{"floor":13,"key":"Odd Mushroom"},{"floor":19,"key":"Red Mask"},{"floor":22,"key":"Necronomicon"},{"floor":24,"key":"Molten Egg 2"},{"floor":26,"key":"Self Forming Clay"},{"floor":29,"key":"Prayer Wheel"},{"floor":31,"key":"Toxic Egg 2"},{"floor":38,"key":"Dead Branch"},{"floor":41,"key":"Bag of Preparation"},{"floor":54,"key":"Pantograph"}],"event_choices":[{"damage_healed":0,"gold_gain":0,"player_choice":"Fought Mushrooms","damage_taken":0,"max_hp_gain":0,"max_hp_loss":0,"event_name":"Mushrooms","floor":13,"gold_loss":0},{"damage_healed":0,"gold_gain":0,"player_choice":"Fought Bandits","damage_taken":0,"max_hp_gain":0,"max_hp_loss":0,"event_name":"Masked Bandits","floor":19,"gold_loss":0},{"damage_healed":0,"gold_gain":0,"player_choice":"Obtained Book","damage_taken":16,"max_hp_gain":0,"max_hp_loss":0,"event_name":"Cursed Tome","floor":22,"gold_loss":0},{"damage_healed":0,"gold_gain":0,"player_choice":"Relic","damage_taken":0,"max_hp_gain":0,"max_hp_loss":0,"event_name":"Wheel of Change","floor":31,"gold_loss":0},{"damage_healed":0,"gold_gain":0,"player_choice":"Embrace Madness","damage_taken":12,"max_hp_gain":0,"max_hp_loss":0,"event_name":"Winding Halls","floor":37,"gold_loss":0,"cards_obtained":["Madness","Madness"]},{"damage_healed":0,"gold_gain":0,"player_choice":"Fight","damage_taken":0,"max_hp_gain":0,"max_hp_loss":0,"event_name":"Mysterious Sphere","floor":38,"gold_loss":0},{"damage_healed":0,"gold_gain":0,"player_choice":"Memory 1","damage_taken":0,"max_hp_gain":0,"max_hp_loss":0,"event_name":"SensoryStone","floor":39,"gold_loss":0},{"cards_removed":["Clash"],"damage_healed":0,"gold_gain":0,"player_choice":"Removed Attack","damage_taken":0,"max_hp_gain":0,"max_hp_loss":0,"event_name":"Falling","floor":42,"gold_loss":0},{"damage_healed":0,"gold_gain":222,"player_choice":"Wore Mask","damage_taken":0,"max_hp_gain":0,"max_hp_loss":0,"event_name":"Tomb of Lord Red Mask","floor":47,"gold_loss":0}],"is_beta":false,"boss_relics":[{"not_picked":["Velvet Choker","Runic Dome"],"picked":"Mark of Pain"},{"not_picked":["Busted Crown","Coffee Dripper"],"picked":"Sozu"}],"items_purged_floors":[],"is_endless":false,"potions_floor_spawned":[5,7,13,14,19,20,28,29,33,40,45],"ascension_level":0}}