{"host":"Doisman","time":1612995862,"event":{"mods":["AchievementEnabler","BaseMod","Better Note","Curses Come First","Minty Spire (QoL Compilation)","Permanent Neow","Relic Stats","Replay The Spire","StSLib"],"gold_per_floor":[117,117,130,130,150,150,181,205,205,226,47,47,132,4,4,139,139,163,177,211,211,126,126,126,126],"floor_reached":24,"language":"ENG","playtime":933,"items_purged":["Strike_R","Strike_R"],"score":206,"play_id":"d0ac2a50-df80-47aa-90d8-88d1894a12dc","local_time":"20210210162422","is_ascension_mode":true,"campfire_choices":[{"data":"Bash","floor":6,"key":"SMITH"},{"floor":12,"key":"REST"},{"data":"Uppercut","floor":15,"key":"SMITH"},{"data":"Barricade","floor":23,"key":"SMITH"}],"circlet_count":0,"master_deck":["Strike_R","Strike_R","Strike_R","Defend_R","Defend_R","Defend_R","Defend_R","Bash+1","Sword Boomerang","Combust","Anger","Anger","Uppercut+1","Metallicize","Dark Shackles","Feel No Pain","Feel No Pain","Barricade+1","Body Slam","Shrug It Off"],"relics":["Burning Blood","Golden Idol","Juzu Bracelet","CeramicFish","BargainBundle","Meat on the Bone","ReplayTheSpireMod:DimensionalGlitch","Torii"],"acts_visited":["Exordium","TheCity"],"potions_floor_usage":[8,13,13,19,24,24],"damage_taken":[{"damage":0,"enemies":"Small Slimes","floor":1,"turns":4},{"damage":3,"enemies":"Jaw Worm","floor":3,"turns":3},{"damage":1,"enemies":"Cultist","floor":5,"turns":4},{"damage":42,"enemies":"Lagavulin","floor":7,"turns":6},{"damage":12,"enemies":"2 Fungi Beasts","floor":8,"turns":2},{"damage":3,"enemies":"3 Louse","floor":10,"turns":3},{"damage":21,"enemies":"Lagavulin Event","floor":13,"turns":5},{"damage":46,"enemies":"Hexaghost","floor":16,"turns":10},{"damage":5,"enemies":"Chosen","floor":18,"turns":8},{"damage":35,"enemies":"Spheric Guardian","floor":19,"turns":7},{"damage":9,"enemies":"Chosen and Byrds","floor":20,"turns":9},{"damage":47,"enemies":"Gremlin Leader","floor":24,"turns":9}],"seed_played":"6501346347900397770","potions_obtained":[{"floor":3,"key":"Explosive Potion"},{"floor":7,"key":"Reflective Coating"},{"floor":13,"key":"SpeedPotion"},{"floor":19,"key":"Toxic Potion"},{"floor":20,"key":"Swift Potion"}],"is_trial":false,"path_per_floor":["M","?","M","?","M","R","E","M","T","M","$","R","?","$","R","B",null,"M","M","M","?","?","R","E"],"character_chosen":"IRONCLAD","items_purchased":["BargainBundle","Uppercut","Metallicize","Dark Shackles","BloodPotion","DistilledChaos","LifebloodPotion","Feel No Pain"],"campfire_rested":1,"item_purchase_floors":[11,11,11,11,11,11,11,14],"current_hp_per_floor":[80,60,63,63,68,68,32,26,26,29,29,53,54,54,54,26,80,78,46,46,46,46,46,0,0],"gold":126,"neow_bonus":"THREE_CARDS","is_daily":false,"chose_seed":false,"campfire_upgraded":3,"win_rate":0.0,"timestamp":1612995862,"path_taken":["M","?","M","?","M","R","E","M","T","M","?","R","?","$","R","BOSS","M","M","M","?","?","R","E"],"items_purchased_type":["Relic","Card","Card","Card","Potion","Potion","Potion","Card"],"build_version":"2020-12-18","purchased_purges":2,"victory":false,"max_hp_per_floor":[80,80,80,80,80,80,80,80,80,80,80,80,80,80,80,80,80,80,80,80,80,80,80,80,80],"relic_stats":{"Torii":4,"counters":[12,70],"Golden Idol":81,"CeramicFish":72,"Juzu Bracelet":0,"obtain_stats":[{"BargainBundle":11,"Torii":22,"Golden Idol":2,"CeramicFish":9,"Juzu Bracelet":7,"ReplayTheSpireMod:DimensionalGlitch":17,"Burning Blood":0,"Meat on the Bone":13},{"BargainBundle":6,"Torii":11,"Golden Idol":1,"CeramicFish":5,"Juzu Bracelet":4,"ReplayTheSpireMod:DimensionalGlitch":8,"Burning Blood":0,"Meat on the Bone":7},{"BargainBundle":22,"Torii":61,"Golden Idol":4,"CeramicFish":19,"Juzu Bracelet":17,"ReplayTheSpireMod:DimensionalGlitch":37,"Burning Blood":0,"Meat on the Bone":27}],"Burning Blood":51,"Meat on the Bone":18},"card_choices":[{"not_picked":["Run Through","Havoc"],"picked":"Sword Boomerang","floor":0},{"not_picked":["Cleave","Pommel Strike"],"picked":"Combust","floor":1},{"not_picked":["Sword Boomerang","Warcry","Thunderclap"],"picked":"SKIP","floor":3},{"not_picked":["Body Slam","Infernal Blade"],"picked":"Anger","floor":5},{"not_picked":["Sword Boomerang","Run Through","Pommel Strike"],"picked":"SKIP","floor":7},{"not_picked":["Intimidate","Ghostly Armor"],"picked":"Anger","floor":8},{"not_picked":["Seeing Red","ReplayTheSpireMod:LeadingStrike","Havoc"],"picked":"SKIP","floor":10},{"not_picked":["ReplayTheSpireMod:LeadingStrike","Run Through"],"picked":"Feel No Pain","floor":13},{"not_picked":["Hemogenesis","Bludgeon"],"picked":"Barricade","floor":16},{"not_picked":["Anger+1","Heavy Blade+1"],"picked":"Body Slam","floor":18},{"not_picked":["Whirlwind","ReplayTheSpireMod:LeadingStrike","Heavy Blade"],"picked":"SKIP","floor":19},{"not_picked":["Havoc","Warcry"],"picked":"Shrug It Off","floor":20}],"player_experience":1117062,"relics_obtained":[{"floor":7,"key":"Juzu Bracelet"},{"floor":9,"key":"CeramicFish"},{"floor":13,"key":"Meat on the Bone"}],"event_choices":[{"damage_healed":0,"gold_gain":0,"player_choice":"Take Damage","damage_taken":20,"relics_obtained":["Golden Idol"],"max_hp_gain":0,"max_hp_loss":0,"event_name":"Golden Idol","floor":2,"gold_loss":0},{"damage_healed":0,"gold_gain":0,"player_choice":"Searched \u00271\u0027 times","damage_taken":0,"max_hp_gain":0,"max_hp_loss":0,"event_name":"Dead Adventurer","floor":13,"gold_loss":0},{"damage_healed":0,"gold_gain":0,"player_choice":"Ignored","damage_taken":0,"max_hp_gain":0,"max_hp_loss":0,"event_name":"betterNote:BetterNote","floor":21,"gold_loss":0,"cards_obtained":["Die Die Die"]},{"damage_healed":0,"gold_gain":0,"player_choice":"Obtained Relic","damage_taken":0,"relics_obtained":["Torii"],"max_hp_gain":0,"max_hp_loss":0,"event_name":"Addict","floor":22,"gold_loss":85}],"is_beta":true,"boss_relics":[{"not_picked":["Black Blood","Runic Cube"],"picked":"ReplayTheSpireMod:DimensionalGlitch"}],"items_purged_floors":[11,14],"is_endless":false,"potions_floor_spawned":[3,7,13,19,20],"killed_by":"Gremlin Leader","ascension_level":1}}