{"host":"ul3z8ex5o8l5j7mh","time":1612978989,"event":{"mods":["AchievementEnabler","BaseMod","Bestiary","Colored Map","Colored Powertips","DeckTracker","Keyboard Shortcuts","Minty Spire (QoL Compilation)","Relic Sorter","Relic Stats","SuperFastMode"],"gold_per_floor":[214,232,243,243,15,15,47,47,47,57,91,111,111,122,122,220,220,220,70,70,70,70,70,70,70,70,70,70,70,70,70,70,70,70],"floor_reached":33,"language":"ENG","playtime":1835,"items_purged":["Pain","Defend_G"],"score":357,"play_id":"57a3508e-e119-4bdd-a025-1cb8f6e54ea1","local_time":"20210210184309","is_ascension_mode":true,"campfire_choices":[{"data":"Deadly Poison","floor":6.0,"key":"SMITH"},{"data":"Deadly Poison","floor":8.0,"key":"SMITH"},{"floor":15.0,"key":"REST"},{"data":"RitualDagger","floor":23.0,"key":"SMITH"},{"data":"Ghostly","floor":27,"key":"SMITH"},{"floor":32,"key":"REST"}],"circlet_count":0,"master_deck":["Strike_G","Strike_G","Strike_G","Defend_G","Defend_G","Defend_G","Survivor","Neutralize","Blur","Slice","Deadly Poison+1","Tactician","Deadly Poison+1","Poisoned Stab","Bane","Malaise","Well Laid Plans","Poisoned Stab","RitualDagger+1","Bane","Ghostly+1","Ghostly","Ghostly","Ghostly","Ghostly","Catalyst+1","Deadly Poison+1","Setup+1","Acrobatics+1"],"relics":["Ring of the Snake","WarpedTongs","Membership Card","Kunai","Akabeko","Smiling Mask","Ectoplasm","Blood Vial","Bag of Preparation","Toxic Egg 2"],"acts_visited":["Exordium","TheCity"],"potions_floor_usage":[33],"damage_taken":[{"damage":0.0,"enemies":"Small Slimes","floor":1.0,"turns":5.0},{"damage":0.0,"enemies":"Cultist","floor":2.0,"turns":4.0},{"damage":2.0,"enemies":"Jaw Worm","floor":3.0,"turns":2.0},{"damage":0.0,"enemies":"Lagavulin","floor":7.0,"turns":7.0},{"damage":0.0,"enemies":"3 Louse","floor":10.0,"turns":2.0},{"damage":18.0,"enemies":"3 Sentries","floor":11.0,"turns":11.0},{"damage":11.0,"enemies":"Looter","floor":12.0,"turns":3.0},{"damage":0.0,"enemies":"2 Fungi Beasts","floor":14.0,"turns":3.0},{"damage":28.0,"enemies":"The Guardian","floor":16.0,"turns":8.0},{"damage":5.0,"enemies":"3 Byrds","floor":18.0,"turns":5.0},{"damage":6.0,"enemies":"Shell Parasite","floor":22.0,"turns":5.0},{"damage":3,"enemies":"Snake Plant","floor":24,"turns":4},{"damage":1,"enemies":"Book of Stabbing","floor":28,"turns":6},{"damage":17,"enemies":"Sentry and Sphere","floor":29,"turns":8},{"damage":4,"enemies":"Centurion and Healer","floor":31,"turns":6},{"damage":37,"enemies":"Automaton","floor":33,"turns":8}],"seed_played":"-8324403485659593857","potions_obtained":[{"floor":1.0,"key":"AttackPotion"},{"floor":3.0,"key":"Weak Potion"},{"floor":7.0,"key":"DistilledChaos"},{"floor":10.0,"key":"SkillPotion"},{"floor":14.0,"key":"Energy Potion"},{"floor":16.0,"key":"EssenceOfSteel"},{"floor":18.0,"key":"ColorlessPotion"},{"floor":29,"key":"Dexterity Potion"}],"is_trial":false,"path_per_floor":["M","M","M","?","$","R","E","R","T","M","E","M","?","M","R","B",null,"M","$","?","?","M","R","M","?","T","R","E","M","?","M","R","B"],"character_chosen":"THE_SILENT","items_purchased":["Membership Card","Tactician","Blood Vial","Poisoned Stab"],"campfire_rested":2,"item_purchase_floors":[5,5,19,19],"current_hp_per_floor":[70,70,68,68,68,68,68,68,68,68,50,39,32,32,53,25,70,65,65,59,70,64,64,63,35,35,35,34,18,18,16,26,0,0],"gold":70,"neow_bonus":"HUNDRED_GOLD","is_daily":false,"chose_seed":false,"campfire_upgraded":4,"win_rate":0.0,"timestamp":1612978989,"path_taken":["M","M","M","?","$","R","E","R","T","?","E","M","?","M","R","BOSS","M","$","?","?","M","R","M","?","T","R","E","M","?","M","R","BOSS"],"items_purchased_type":["Relic","Card","Relic","Card"],"build_version":"2020-12-22","purchased_purges":2,"victory":false,"max_hp_per_floor":[70,70,70,70,70,70,70,70,70,70,70,70,70,70,70,70,70,70,70,70,70,70,70,70,35,35,35,35,35,35,35,35,35,35],"relic_stats":{"Blood Vial":7,"counters":[16,87],"Ectoplasm":121,"Bag of Preparation":[8],"Kunai":[19],"Smiling Mask":0,"obtain_stats":[{"Blood Vial":19,"Ectoplasm":17,"Bag of Preparation":26,"Membership Card":5,"Kunai":7,"Toxic Egg 2":28,"Smiling Mask":11,"Akabeko":9,"Ring of the Snake":0,"WarpedTongs":4},{"Blood Vial":10,"Ectoplasm":9,"Bag of Preparation":12,"Membership Card":3,"Kunai":4,"Toxic Egg 2":13,"Smiling Mask":6,"Akabeko":4,"Ring of the Snake":0,"WarpedTongs":3},{"Blood Vial":50,"Ectoplasm":45,"Bag of Preparation":59,"Membership Card":11,"Kunai":18,"Toxic Egg 2":65,"Smiling Mask":31,"Akabeko":18,"Ring of the Snake":0,"WarpedTongs":11}],"Ring of the Snake":[32],"WarpedTongs":[76]},"card_choices":[{"not_picked":["Setup","Underhanded Strike"],"picked":"Blur","floor":1.0},{"not_picked":["Prepared","Bane"],"picked":"Slice","floor":2.0},{"not_picked":["Acrobatics","Bane"],"picked":"Deadly Poison","floor":3.0},{"not_picked":["Finisher","All Out Attack"],"picked":"Deadly Poison","floor":7.0},{"not_picked":["Acrobatics","Infinite Blades","Endless Agony"],"picked":"SKIP","floor":10.0},{"not_picked":["Outmaneuver","PiercingWail","Predator"],"picked":"SKIP","floor":11.0},{"not_picked":["Acrobatics","Dagger Throw"],"picked":"Poisoned Stab","floor":12.0},{"not_picked":["Doppelganger","Dagger Throw"],"picked":"Bane","floor":14.0},{"not_picked":["A Thousand Cuts","Unload"],"picked":"Malaise","floor":16.0},{"not_picked":["Sucker Punch","Acrobatics"],"picked":"Well Laid Plans","floor":18.0},{"not_picked":["Expertise+1","Eviscerate","Deflect"],"picked":"SKIP","floor":22.0},{"not_picked":["Blade Dance","Dash+1"],"picked":"Bane","floor":24},{"not_picked":["Underhanded Strike","Malaise+1"],"picked":"Catalyst+1","floor":28},{"not_picked":["Dagger Throw","Flying Knee"],"picked":"Deadly Poison+1","floor":29},{"not_picked":["Sucker Punch","Dagger Throw","Caltrops+1"],"picked":"SKIP","floor":31}],"player_experience":342384,"relics_obtained":[{"floor":7.0,"key":"Kunai"},{"floor":9.0,"key":"Akabeko"},{"floor":11.0,"key":"Smiling Mask"},{"floor":26,"key":"Bag of Preparation"},{"floor":28,"key":"Toxic Egg 2"}],"event_choices":[{"damage_healed":0.0,"max_hp_gain":0.0,"max_hp_loss":0.0,"gold_gain":0.0,"event_name":"Accursed Blacksmith","player_choice":"Rummage","floor":4.0,"gold_loss":0.0,"damage_taken":0.0,"relics_obtained":["WarpedTongs"],"cards_obtained":["Pain"]},{"cards_removed":["Strike_G"],"damage_healed":0.0,"max_hp_gain":0.0,"max_hp_loss":0.0,"gold_gain":0.0,"event_name":"Golden Wing","player_choice":"Card Removal","floor":13.0,"gold_loss":0.0,"damage_taken":7.0},{"damage_healed":0.0,"max_hp_gain":0.0,"max_hp_loss":0.0,"gold_gain":0.0,"event_name":"Nest","player_choice":"Joined the Cult","floor":20.0,"gold_loss":0.0,"damage_taken":6.0,"cards_obtained":["RitualDagger"]},{"damage_healed":23.0,"max_hp_gain":0.0,"max_hp_loss":0.0,"gold_gain":0.0,"event_name":"The Library","player_choice":"Heal","floor":21.0,"gold_loss":0.0,"damage_taken":0.0},{"damage_healed":0,"gold_gain":0,"player_choice":"Became a Ghost","damage_taken":0,"max_hp_gain":0,"max_hp_loss":35,"event_name":"Ghosts","floor":25,"gold_loss":0,"cards_obtained":["Ghostly","Ghostly","Ghostly","Ghostly","Ghostly"]},{"damage_healed":0,"gold_gain":0,"cards_transformed":["Strike_G","Defend_G"],"player_choice":"Became Test Subject","damage_taken":0,"max_hp_gain":0,"max_hp_loss":0,"event_name":"Drug Dealer","floor":30,"gold_loss":0,"cards_obtained":["Setup","Acrobatics"]}],"is_beta":false,"boss_relics":[{"not_picked":["Snecko Eye","Runic Dome"],"picked":"Ectoplasm"}],"items_purged_floors":[5,19],"is_endless":false,"potions_floor_spawned":[1,3,7,10,14,16,18,29],"killed_by":"Automaton","ascension_level":2}}