{"host":"bbld1ic1uj90ldt9","time":1612984729,"event":{"mods":["2.2 Compatiblity","AchievementEnabler","Act Like it!","BaseMod","Better Third Choice","Conspire","Downfall","Emptier Cage","Gensokyo","Hallownest","Hermit","Highlight Path","Hubris","Marisa????????","Minty Spire (QoL Compilation)","Random Character Button","Replay The Spire","StSLib","The Animator","The Bug Knight","The Cursed","The Disciple","The Hierophant","The Jungle","The Runesmith","The Servant 0.9.4"],"gold_per_floor":[114,57,75,88,88,122,139,153,153,153,153,183,183,213,213,308,308,327,339,350,372,403,415,446,458,470,471,483,521,590,602,614,694,706,779,847,55,160,160,160,0,0,23,140,197,311,311,211,211,151,151],"floor_reached":50,"language":"FRA","playtime":5464,"items_purged":[],"score":695,"play_id":"161a82c4-1705-4e6e-ac91-1d474e9b25b0","local_time":"20210210201849","is_ascension_mode":true,"campfire_choices":[{"floor":10,"key":"REST"},{"data":"hierophant:ChurchCoffers","floor":13,"key":"SMITH"},{"data":"hierophant:Punish","floor":15,"key":"SMITH"},{"floor":23,"key":"REST"},{"data":"hierophant:Invocation","floor":25,"key":"SMITH"},{"floor":28,"key":"REST"},{"floor":32,"key":"REST"},{"floor":40,"key":"REST"},{"floor":42,"key":"REST"},{"floor":47,"key":"REST"},{"data":"Chrysalis","floor":49,"key":"SMITH"}],"circlet_count":0,"master_deck":["hierophant:Strike_Hierophant","hierophant:Strike_Hierophant","hierophant:Strike_Hierophant","hierophant:Punish+1","hierophant:Defend_Hierophant","hierophant:Defend_Hierophant","hierophant:Defend_Hierophant","hierophant:Defend_Hierophant","hierophant:ChurchCoffers+1","hierophant:RepressedViolence","hierophant:Martyrdom+1","hierophant:Sermon","hierophant:Sermon","hierophant:SealAway","hierophant:RepressedViolence","hierophant:Prophecy","hierophant:Smite","hierophant:Smite","hierophant:Invocation+1","hierophant:Smite","hierophant:PassingBell+1","hierophant:EyeForCoin","hierophant:Doubloon","hierophant:Doubloon","hierophant:Remorse","hierophant:Doubloon","hierophant:Doubloon","hierophant:Doubloon","hierophant:PassingBell","hierophant:Doubloon","hierophant:Flagellation","hierophant:Doubloon","hierophant:Doubloon","ReplayTheSpireMod:Splinters","hierophant:Encroach+1","Doubt","hierophant:Doubloon","hierophant:Kindle","hierophant:Repentance","hierophant:Doubloon","hierophant:Remorse+1","Chrysalis+1","hierophant:Community","hierophant:Upheaval+1","hierophant:Doubloon","hierophant:Doubloon","hierophant:Doubloon","hierophant:Doubloon","hierophant:Shelter+1","hierophant:Doubloon","hierophant:Upheaval","hierophant:Doomsaying+1","hierophant:Doubloon"],"relics":["Runic Pyramid","hubris:Towel","Kunai","conspire:Dentures","hubris:MysteriousPyramids","TungstenRod","hubris:VirtuousBlindfold","MawBank","Mirror","Meat on the Bone","MealTicket","Art of War","Question Card","Ring of Misfortune","Ring of Searing","Sozu","hierophant:DonationBoxRelic","Mercury Hourglass","Hallownest:GodTamersBeastRelic","Hallownest:StagBellRelic1","hubris:SlimyHat","Hallownest:SoulVesselRelic"],"acts_visited":["Gensokyo:Gensokyo","TheCity","Hallownest:KingdomsEdge"],"potions_floor_usage":[12,14,18,21,21,27,29,33,33,35],"damage_taken":[{"damage":2,"enemies":"Gensokyo:2_Kodama","floor":1,"turns":3},{"damage":6,"enemies":"Gensokyo:Gryphon","floor":3,"turns":3},{"damage":4,"enemies":"Gensokyo:Python","floor":4,"turns":3},{"damage":6,"enemies":"Gensokyo:Cirno","floor":6,"turns":5},{"damage":0,"enemies":"Gensokyo:LivingMonolith","floor":7,"turns":3},{"damage":7,"enemies":"Gensokyo:Python_and_Kodama","floor":8,"turns":4},{"damage":15,"enemies":"Gensokyo:Aya","floor":12,"turns":6},{"damage":0,"enemies":"Gensokyo:Cirno","floor":14,"turns":1},{"damage":34,"enemies":"Gensokyo:Reimu","floor":16,"turns":9},{"damage":2,"enemies":"Shell Parasite","floor":18,"turns":4},{"damage":9,"enemies":"2 Thieves","floor":19,"turns":4},{"damage":12,"enemies":"Chosen and Byrds","floor":20,"turns":6},{"damage":10,"enemies":"conspire:MimicChest","floor":21,"turns":4},{"damage":5,"enemies":"Snake Plant","floor":22,"turns":3},{"damage":5,"enemies":"Gremlin Leader","floor":24,"turns":6},{"damage":45,"enemies":"Slavers","floor":27,"turns":5},{"damage":21,"enemies":"Book of Stabbing","floor":29,"turns":4},{"damage":36,"enemies":"hubris:MusketHawk","floor":33,"turns":7},{"damage":34,"enemies":"Hallownest:2_Littles","floor":35,"turns":3},{"damage":0,"enemies":"Hallownest:3_Siblings","floor":36,"turns":3},{"damage":6,"enemies":"Hallownest:3_Siblings","floor":38,"turns":3},{"damage":10,"enemies":"Hallownest:3_Siblings","floor":38,"turns":5},{"damage":32,"enemies":"Hallownest:3_Siblings","floor":38,"turns":5},{"damage":0,"enemies":"Hallownest:3_Siblings","floor":38,"turns":2},{"damage":23,"enemies":"Hallownest:2_Soldiers_and_1_Guardian","floor":44,"turns":4},{"damage":24,"enemies":"Hallownest:Xero_Hu_Marmu","floor":45,"turns":4},{"damage":17,"enemies":"Hallownest:monsterPrimalAspid","floor":46,"turns":2},{"damage":69,"enemies":"Hallownest:Radiance","floor":50,"turns":13}],"seed_played":"8885373421538637794","potions_obtained":[{"floor":3,"key":"Strength Potion"},{"floor":7,"key":"Weak Potion"},{"floor":8,"key":"LiquidMemories"},{"floor":12,"key":"Block Potion"},{"floor":20,"key":"BlessingOfTheForge"},{"floor":22,"key":"champ:CounterPotion"},{"floor":27,"key":"BlessingOfTheForge"},{"floor":29,"key":"LiquidBronze"},{"floor":30,"key":"Elixir"},{"floor":33,"key":"Fire Potion"}],"is_trial":false,"path_per_floor":["M","$","M","M","?","E","M","M","T","R","?","E","R","E","R","B",null,"M","M","M","?","M","R","E","R","T","E","R","E","?","?","R","B",null,"M","M","$","?","?","R","?","R","T","M","M","M","R","?","R","B"],"character_chosen":"HIEROPHANT","items_purchased":["hierophant:Martyrdom+1","hierophant:DonationBoxRelic","Mercury Hourglass","Chrysalis","hierophant:Community","hierophant:Upheaval+1"],"campfire_rested":7,"item_purchase_floors":[2,37,37,37,37,37],"current_hp_per_floor":[73,73,67,63,63,57,57,50,50,72,72,57,57,57,57,23,75,73,64,52,42,37,59,54,54,54,21,43,34,34,34,56,32,75,41,41,56,32,35,58,58,78,78,55,43,38,61,61,61,0,0],"gold":151,"neow_bonus":"BOSS_RELIC","is_daily":false,"chose_seed":false,"campfire_upgraded":4,"win_rate":0.0,"timestamp":1612984729,"path_taken":["M","$","M","M","?","E","M","M","T","R","?","E","R","E","R","BOSS","M","M","?","?","M","R","E","R","T","E","R","E","?","?","R","BOSS","M","M","$","?","?","R","?","R","T","M","M","?","R","?","R","BOSS"],"items_purchased_type":["Card","Relic","Relic","Card","Card","Card"],"build_version":"2020-12-22","purchased_purges":0,"victory":false,"max_hp_per_floor":[75,75,75,75,75,75,75,75,75,75,75,75,75,75,75,75,75,75,75,75,75,75,75,75,75,75,75,75,75,75,75,75,75,75,75,75,75,75,78,78,78,78,78,78,78,78,78,78,78,78,78],"card_choices":[{"not_picked":["hierophant:Remorse","hierophant:Shelter"],"picked":"hierophant:RepressedViolence","floor":1},{"not_picked":["hierophant:SolarFlare","hierophant:OrnateBuckler"],"picked":"hierophant:Sermon","floor":3},{"not_picked":["hierophant:OrnateJavelin","hierophant:Bribe"],"picked":"hierophant:Sermon","floor":4},{"not_picked":["hierophant:AuricBeam","hierophant:RustyCrate"],"picked":"hierophant:SealAway","floor":6},{"not_picked":["hierophant:FlamingChariot","hierophant:Dazzle"],"picked":"hierophant:RepressedViolence","floor":7},{"not_picked":["hierophant:AuricBeam","hierophant:Refuge"],"picked":"hierophant:Prophecy","floor":8},{"not_picked":["hierophant:Encroach","hierophant:Upheaval"],"picked":"hierophant:Smite","floor":12},{"not_picked":["hierophant:FaithHealing","hierophant:Embezzle"],"picked":"hierophant:Smite","floor":14},{"not_picked":["hierophant:Anathema","hierophant:MintersHammer"],"picked":"hierophant:Invocation","floor":16},{"not_picked":["hierophant:Bribe","hierophant:OrnateBuckler"],"picked":"hierophant:Smite","floor":18},{"not_picked":["hierophant:Alms","hierophant:Remorse"],"picked":"hierophant:PassingBell+1","floor":19},{"not_picked":["hierophant:Dazzle","hierophant:Remorse+1"],"picked":"hierophant:EyeForCoin","floor":20},{"not_picked":["hierophant:ThreeLashes","hierophant:Empathy"],"picked":"hierophant:Remorse","floor":21},{"not_picked":["hierophant:FlamingChariot","hierophant:DisplayOfPower"],"picked":"hierophant:Doubloon","floor":22},{"not_picked":["hierophant:Smite","hierophant:AuricShield"],"picked":"hierophant:PassingBell","floor":24},{"not_picked":["hierophant:PassingBell","hierophant:OrnateBuckler"],"picked":"hierophant:Flagellation","floor":27},{"not_picked":["hierophant:HolyVerse","hierophant:Martyrdom"],"picked":"hierophant:Doubloon","floor":29},{"not_picked":["hierophant:HammerAndAnvil","hierophant:Purify"],"picked":"hierophant:Encroach+1","floor":30},{"not_picked":["hierophant:LocustPlague","hierophant:Batter","hierophant:BulkyChest"],"picked":"hierophant:Kindle","floor":33},{"not_picked":["hierophant:FieryStrike+1","hierophant:DeathKnell","hierophant:Mercenaries+1"],"picked":"hierophant:Repentance","floor":35},{"not_picked":["hierophant:DisplayOfPower+1","hierophant:PassingBell","hierophant:FlamingChariot"],"picked":"hierophant:Remorse+1","floor":36},{"not_picked":["hierophant:WrathOfGod","hierophant:Repentance","hierophant:Upheaval"],"picked":"hierophant:Shelter+1","floor":44},{"not_picked":["hierophant:RepressedViolence","hierophant:PassingBell","hierophant:FlamingChariot+1"],"picked":"hierophant:Upheaval","floor":45},{"not_picked":["hierophant:Smite+1","hierophant:FieryStrike","hierophant:PassingBell"],"picked":"hierophant:Doomsaying+1","floor":46}],"player_experience":2274704,"relics_obtained":[{"floor":6,"key":"Kunai"},{"floor":9,"key":"conspire:Dentures"},{"floor":12,"key":"hubris:MysteriousPyramids"},{"floor":14,"key":"TungstenRod"},{"floor":21,"key":"MawBank"},{"floor":24,"key":"Mirror"},{"floor":26,"key":"Meat on the Bone"},{"floor":27,"key":"MealTicket"},{"floor":29,"key":"Art of War"},{"floor":30,"key":"Question Card"},{"floor":31,"key":"Ring of Misfortune"},{"floor":31,"key":"Ring of Searing"},{"floor":43,"key":"hubris:SlimyHat"}],"event_choices":[],"is_beta":false,"boss_relics":[{"not_picked":["Velvet Choker","ReplayTheSpireMod:DimensionalGlitch"],"picked":"hubris:VirtuousBlindfold"},{"not_picked":["Cursed Key","Replay:Bronze Core"],"picked":"Sozu"}],"items_purged_floors":[],"is_endless":false,"potions_floor_spawned":[3,7,8,12,20,22,27,29,33,38,38,38,44,46],"killed_by":"Hallownest:Radiance","ascension_level":1}}