{"host":"98aw1pfmbqrj5g0u","time":1612950308,"event":{"mods":["Act Like it!","Arknights","BaseMod","Colored Powertips","Downfall","Friendly Minions","KinomotoSakuraMod(ƒæ÷Æ±æ”£)","Kiyohime£®«Âºß£©","Marisa£®ÏF”Í°°ƒß¿Ì…≥£©","Minty Spire (QoL Compilation)","Prisma Mod","Quick Restart","Remilia£®¿Ÿ√◊¿Ú—«£©","Replay The Spire","StSLib","Td1madao Mod","The Servant 0.9.4","Waifu the Spire","Youmu£®ªÍ∆«—˝√Œ£©"],"gold_per_floor":[117,128,128,139,139,174,37,66,66,95,111,130,130,150,150,255,255,269,287,68,83,100,100,135,135,135,148,48,59,59,74,74,170,170,189,68,87,102,114,114,129,129,184,199,199,217,236,269,269,269,269,269,39,74,74,74],"floor_reached":55,"language":"ZHS","playtime":4244,"items_purged":["ats:Strike V","ats:Strike S"],"score":772,"play_id":"d757cdb5-5072-4329-954e-f58b3caa30e0","local_time":"20210210174508","is_ascension_mode":false,"campfire_choices":[{"floor":15.0,"key":"REST"},{"data":"ats:Roar Of Ursus","floor":23.0,"key":"SMITH"},{"data":"ats:Assault Order","floor":25.0,"key":"SMITH"},{"data":"ats:Part Time Job","floor":32.0,"key":"SMITH"},{"data":"ats:Song Of Battle","floor":40.0,"key":"SMITH"},{"data":"ats:Volcano","floor":42.0,"key":"SMITH"},{"floor":49.0,"key":"RECALL"},{"data":"ats:Emotion Absorption","floor":52.0,"key":"SMITH"}],"circlet_count":0,"master_deck":["ats:Strike C","ats:Strike G","ats:Armor Crushing Shot","ats:Defend","ats:Defend","ats:Defend","ats:Defend","ats:Emotion Absorption+1","ats:Explosion Area Strengthen","ats:Shell Defense","ats:Song Of Battle+1","ats:Closed Bolt Burst Fire","ats:Leaping Hammer","ats:Rat Pack","ats:Mental Burst","ats:Ignite","ats:Assault Order+1","ats:Serious Mode","ats:Mental Burst","ats:Roar Of Ursus+1","ats:Part Time Job+1","ats:Thermite Blade+1","ats:Revitalization","ats:Support Order","ats:Closed Bolt Burst Fire+1","ats:Overload+1","ats:Composite Medical Shells+1","ats:Healing Drone","ats:Revitalization+1","ats:Closed Bolt Burst Fire+1","ats:Shell Defense+1","ats:Volcano+1","ats:Closed Bolt Burst Fire+1","ats:Volcano","Parasite","ats:Apocalypse+1","ats:Shadow Raid+1","ats:Counter Healing Mode","ats:Revitalization"],"relics":["ats:Sanity","NeowsBlessing","Iron Hammer","ats:Originium","HornCleat","Replay:Kaleidoscope","Divine Protection","Lantern","Painkiller Herb","ats:Arts","ReplayFunnel","Honey Jar","Happy Flower","Bottled Flame","Replay:Rubber Ducky","Strawberry"],"acts_visited":["Exordium","TheCity","TheBeyond","TheEnding"],"potions_floor_usage":[54],"damage_taken":[{"damage":0.0,"enemies":"ats:Genji","floor":1.0,"turns":1.0},{"damage":0.0,"enemies":"Cultist","floor":2.0,"turns":1.0},{"damage":0.0,"enemies":"2 Louse","floor":4.0,"turns":1.0},{"damage":28.0,"enemies":"3 Sentries","floor":6.0,"turns":9.0},{"damage":39.0,"enemies":"Lagavulin","floor":8.0,"turns":8.0},{"damage":7.0,"enemies":"Replay:BlueRogue","floor":10.0,"turns":3.0},{"damage":0.0,"enemies":"Red Slaver","floor":11.0,"turns":5.0},{"damage":0.0,"enemies":"Lots of Slimes","floor":12.0,"turns":2.0},{"damage":0.0,"enemies":"Looter","floor":14.0,"turns":3.0},{"damage":7.0,"enemies":"Slime Boss","floor":16.0,"turns":6.0},{"damage":13.0,"enemies":"2 Thieves","floor":18.0,"turns":3.0},{"damage":6.0,"enemies":"Chosen","floor":19.0,"turns":5.0},{"damage":4.0,"enemies":"Centurion and Healer","floor":21.0,"turns":6.0},{"damage":0.0,"enemies":"Sentry and Sphere","floor":22.0,"turns":3.0},{"damage":30.0,"enemies":"Replay:Snechameleon","floor":24.0,"turns":7.0},{"damage":0.0,"enemies":"Snake Plant","floor":27.0,"turns":3.0},{"damage":0.0,"enemies":"Shelled Parasite and Fungi","floor":29.0,"turns":4.0},{"damage":0.0,"enemies":"Snecko","floor":31.0,"turns":4.0},{"damage":63.0,"enemies":"Collector","floor":33.0,"turns":10.0},{"damage":12.0,"enemies":"3 Shapes","floor":35.0,"turns":4.0},{"damage":33.0,"enemies":"3 Darklings","floor":37.0,"turns":7.0},{"damage":8.0,"enemies":"Jaw Worm Horde","floor":38.0,"turns":5.0},{"damage":7.0,"enemies":"4 Shapes","floor":39.0,"turns":7.0},{"damage":53.0,"enemies":"Maw","floor":41.0,"turns":8.0},{"damage":42.0,"enemies":"Spire Growth","floor":44.0,"turns":5.0},{"damage":22.0,"enemies":"3 Darklings","floor":46.0,"turns":5.0},{"damage":17.0,"enemies":"Writhing Mass","floor":47.0,"turns":6.0},{"damage":50.0,"enemies":"R_Hoarder","floor":48.0,"turns":8.0},{"damage":136.0,"enemies":"Time Eater","floor":50.0,"turns":11.0},{"damage":87,"enemies":"Shield and Spear","floor":54,"turns":7},{"damage":55,"enemies":"The Heart","floor":55,"turns":4}],"seed_played":"1661096332957253747","potions_obtained":[{"floor":2.0,"key":"Weak Potion"},{"floor":8.0,"key":"ats:Burn Small Potion"},{"floor":10.0,"key":"SneckoOil"},{"floor":11.0,"key":"Reflective Coating"},{"floor":13.0,"key":"Cursed Concoction"},{"floor":13.0,"key":"Adrenaline Potion"},{"floor":14.0,"key":"Milkshake"},{"floor":21.0,"key":"Swift Potion"},{"floor":24.0,"key":"Dexterity Potion"},{"floor":27.0,"key":"Fire Potion"},{"floor":29.0,"key":"Flashbang"},{"floor":37.0,"key":"LifebloodPotion"},{"floor":44.0,"key":"GamblersBrew"},{"floor":47.0,"key":"Energy Potion"},{"floor":48.0,"key":"Dexterity Potion"}],"is_trial":false,"path_per_floor":["M","M","?","M","?","E","$","E","T","E","M","M","?","M","R","B",null,"?","?","T","?","?","T","E","T","T","?","T","?","?","?","T","B",null,"?","T","?","?","?","T","?","T","T","?","?","?","?","E","T","B",null,"T","T","E","B"],"character_chosen":"DOCTOR_CLASS","items_purchased":["ats:Rat Pack","ats:Arts","ats:Composite Medical Shells+1","ats:Healing Drone","ats:Counter Healing Mode","Replay:Rubber Ducky"],"campfire_rested":1,"item_purchase_floors":[7,20,36,36,53,53],"current_hp_per_floor":[72,72,72,72,72,44,44,8,8,1,3,3,3,3,24,24,72,59,61,61,63,72,72,54,54,54,54,54,57,57,62,62,24,72,63,63,61,57,72,72,34,34,34,16,82,73,71,55,55,21,82,82,82,35,0,0],"gold":74,"neow_bonus":"THREE_ENEMY_KILL","is_daily":false,"chose_seed":false,"campfire_upgraded":6,"win_rate":0.0,"timestamp":1612950308,"path_taken":["M","M","?","?","?","E","$","E","T","E","M","?","?","?","R","BOSS","?","?","T","?","?","T","E","T","T","?","T","?","?","?","T","BOSS","?","T","?","?","?","T","?","T","T","?","?","?","?","E","T","BOSS","T","T","E","BOSS"],"items_purchased_type":["Card","Relic","Card","Card","Card","Relic"],"build_version":"2020-12-22","purchased_purges":2,"victory":false,"max_hp_per_floor":[72,72,72,72,72,72,72,72,72,72,72,72,72,72,72,72,72,72,72,72,72,72,72,72,72,72,72,72,72,72,72,72,72,72,72,72,72,72,72,72,72,72,72,72,82,82,82,82,82,82,82,82,82,89,89,89],"card_choices":[{"not_picked":["ats:Healing Drone","ats:Neurotoxin"],"picked":"ats:Explosion Area Strengthen","floor":1.0},{"not_picked":["ats:Shadow Raid","ats:Thermite Blade"],"picked":"ats:Shell Defense","floor":2.0},{"not_picked":["ats:Hook Shot","ats:Powerful Strike"],"picked":"ats:Closed Bolt Burst Fire","floor":4.0},{"not_picked":["ats:Consecutive Shot Auto","ats:Encircling Forest"],"picked":"ats:Leaping Hammer","floor":6.0},{"not_picked":["ats:Leaping Hammer","ats:Thermite Blade"],"picked":"ats:Mental Burst","floor":8.0},{"not_picked":["ats:Leaping Hammer","ats:Hammer On"],"picked":"ats:Ignite","floor":10.0},{"not_picked":["ats:Flexible Camouflage","ats:Cat Scratch"],"picked":"ats:Assault Order","floor":11.0},{"not_picked":["ats:Explosion Area Strengthen","ats:Closed Bolt Burst Fire"],"picked":"ats:Serious Mode","floor":12.0},{"not_picked":["ats:Hammer On","ats:Shell Defense"],"picked":"ats:Mental Burst","floor":14.0},{"not_picked":["ats:Echo Reverb","ats:Dogmatic Field"],"picked":"ats:Roar Of Ursus","floor":16.0},{"not_picked":["ats:Explosion Area Strengthen","ats:Soul Absorption+1"],"picked":"ats:Part Time Job","floor":18.0},{"not_picked":["ats:Flexible Camouflage","ats:Shell Defense"],"picked":"ats:Thermite Blade+1","floor":19.0},{"not_picked":["ats:Guard Mode","ats:Hammer On"],"picked":"ats:Revitalization","floor":21.0},{"not_picked":["ats:Shell Defense","ats:Sunburst","ats:Fractured Body"],"picked":"SKIP","floor":22.0},{"not_picked":["ats:Cat Scratch","ats:Revitalization+1"],"picked":"ats:Support Order","floor":24.0},{"not_picked":["ats:Ignite","ats:Hammer On"],"picked":"ats:Closed Bolt Burst Fire+1","floor":27.0},{"not_picked":["ats:Absolute Focus","ats:Song Of Battle","ats:Support Order"],"picked":"SKIP","floor":29.0},{"not_picked":["ats:Encircling Forest+1","ats:Absolute Focus","ats:Blood Oath"],"picked":"SKIP","floor":31.0},{"not_picked":["ats:Fractured Body","ats:Ambush"],"picked":"ats:Durian","floor":33.0},{"not_picked":["ats:Closed Bolt Burst Fire","ats:Soul Absorption+1","ats:Blood Oath"],"picked":"ats:Overload+1","floor":35.0},{"not_picked":["ats:Leaping Hammer+1","ats:Assault Order+1","ats:Very Hot Blade"],"picked":"ats:Revitalization+1","floor":37.0},{"not_picked":["ats:Ignite+1","ats:Cat Scratch+1","ats:Assault Order"],"picked":"ats:Closed Bolt Burst Fire+1","floor":38.0},{"not_picked":["ats:Powerful Strike","ats:Guard Mode+1","ats:Consecutive Shot Auto+1"],"picked":"ats:Shell Defense+1","floor":39.0},{"not_picked":["ats:Defend Order","ats:Explosion Area Strengthen+1","ats:Charging Defense"],"picked":"ats:Volcano","floor":41.0},{"not_picked":["ats:Consecutive Shot Auto","ats:Powerful Strike","ats:Hammer On"],"picked":"ats:Closed Bolt Burst Fire+1","floor":44.0},{"not_picked":["ats:Hammer On+1","ats:Healing Strengthening","ats:Soul Absorption+1"],"picked":"ats:Volcano","floor":46.0},{"not_picked":["ats:Burning Ground","ats:Poison Spread+1","ats:Revitalization+1"],"picked":"ats:Apocalypse+1","floor":47.0},{"not_picked":["ats:Poison Spread","ats:Cat Scratch","ats:Mental Burst+1"],"picked":"ats:Shadow Raid+1","floor":48.0},{"not_picked":["ats:Absolute Focus+1","ats:Explosion Area Strengthen+1","ats:Ignite"],"picked":"ats:Revitalization","floor":54}],"player_experience":125238,"relics_obtained":[{"floor":6.0,"key":"ats:Originium"},{"floor":6.0,"key":"HornCleat"},{"floor":8.0,"key":"ats:Originium"},{"floor":8.0,"key":"Replay:Kaleidoscope"},{"floor":9.0,"key":"Divine Protection"},{"floor":10.0,"key":"ats:Originium"},{"floor":10.0,"key":"Lantern"},{"floor":24.0,"key":"ats:Originium"},{"floor":24.0,"key":"ReplayFunnel"},{"floor":43.0,"key":"Happy Flower"},{"floor":48.0,"key":"Bottled Flame"},{"floor":54,"key":"Strawberry"}],"event_choices":[{"damage_healed":0.0,"max_hp_gain":0.0,"max_hp_loss":0.0,"gold_gain":0.0,"event_name":"Match and Keep!","player_choice":"1 cards matched","floor":3.0,"gold_loss":0.0,"damage_taken":0.0,"cards_obtained":["ats:Song Of Battle"]},{"damage_healed":0.0,"max_hp_gain":0.0,"max_hp_loss":0.0,"gold_gain":0.0,"event_name":"WeMeetAgain","player_choice":"Gave Potion","floor":5.0,"gold_loss":0.0,"damage_taken":0.0,"relics_obtained":["Iron Hammer"]},{"damage_healed":0.0,"max_hp_gain":0.0,"max_hp_loss":0.0,"gold_gain":0.0,"event_name":"Lab","player_choice":"Got Potions","floor":13.0,"gold_loss":0.0,"damage_taken":0.0},{"cards_removed":["ats:Durian"],"damage_healed":56.0,"max_hp_gain":10.0,"max_hp_loss":0.0,"gold_gain":0.0,"event_name":"Bonfire Elementals","player_choice":"Offered Rare","floor":45.0,"gold_loss":0.0,"damage_taken":0.0}],"is_beta":false,"boss_relics":[{"not_picked":["Ectoplasm","Cursed Key"],"picked":"Painkiller Herb"},{"not_picked":["Black Star","Busted Crown"],"picked":"Honey Jar"}],"items_purged_floors":[20,28],"is_endless":false,"potions_floor_spawned":[2,8,10,11,14,21,24,27,29,31,37,44,47,48],"killed_by":"The Heart","ascension_level":0}}