{"host":"it04jaz8eul1eh3d","time":1612966844,"event":{"mods":["AchievementEnabler","BaseMod","Colored Map","DeckTracker","Keyboard Shortcuts","Minty Spire (QoL Compilation)","SuperFastMode"],"gold_per_floor":[367,367,219,233,107,124,152,152,152,152,169,13,95,115,115,218,218,218],"floor_reached":17,"language":"KOR","playtime":434,"items_purged":["Strike_R","Defend_R"],"score":155,"play_id":"0994e772-01ff-4b11-807f-350f456a603b","local_time":"20210210232044","is_ascension_mode":false,"campfire_choices":[{"data":"Rupture","floor":8,"key":"SMITH"},{"data":"Armaments","floor":10,"key":"SMITH"},{"floor":15,"key":"REST"}],"circlet_count":0,"master_deck":["Strike_R","Strike_R","Strike_R","Strike_R","Defend_R","Defend_R","Defend_R","Bash","Rupture+1","Combust","Armaments+1","Dual Wield"],"relics":["Burning Blood","Du-Vu Doll","Gremlin Horn","PrismaticShard","Singing Bowl","Sozu"],"acts_visited":["Exordium","TheCity"],"potions_floor_usage":[],"damage_taken":[{"damage":1,"enemies":"2 Louse","floor":1,"turns":4},{"damage":1,"enemies":"Cultist","floor":4,"turns":4},{"damage":5,"enemies":"Jaw Worm","floor":6,"turns":4},{"damage":38,"enemies":"Gremlin Nob","floor":7,"turns":5},{"damage":13,"enemies":"Exordium Wildlife","floor":11,"turns":4},{"damage":12,"enemies":"Blue Slaver","floor":14,"turns":5},{"damage":47,"enemies":"Hexaghost","floor":16,"turns":9}],"seed_played":"5945291976052537162","potions_obtained":[{"floor":4,"key":"LiquidBronze"},{"floor":7,"key":"DuplicationPotion"},{"floor":14,"key":"EssenceOfSteel"}],"is_trial":false,"path_per_floor":["M","?","$","M","$","M","E","R","T","R","M","$","T","M","R","B",null],"character_chosen":"IRONCLAD","items_purchased":["Rupture","Armaments","PrismaticShard"],"campfire_rested":1,"item_purchase_floors":[3,5,12],"current_hp_per_floor":[72,65,65,70,70,71,39,39,39,39,32,32,32,28,50,11,76,76],"gold":218,"neow_bonus":"TWO_FIFTY_GOLD","is_daily":false,"chose_seed":false,"campfire_upgraded":2,"win_rate":0.0,"timestamp":1612966844,"path_taken":["M","?","$","M","$","M","E","R","T","R","M","?","?","?","R","BOSS"],"items_purchased_type":["Card","Card","Relic"],"build_version":"2020-12-22","purchased_purges":2,"victory":false,"max_hp_per_floor":[72,72,72,72,72,72,72,72,72,72,72,72,72,74,74,76,76,76],"card_choices":[{"not_picked":["Sword Boomerang","True Grit","Infernal Blade"],"picked":"SKIP","floor":1},{"not_picked":["Pommel Strike","Battle Trance"],"picked":"Combust","floor":4},{"not_picked":["Perfected Strike","Power Through","Twin Strike"],"picked":"SKIP","floor":6},{"not_picked":["Sword Boomerang","Berserk"],"picked":"Dual Wield","floor":7},{"not_picked":["Twin Strike","Body Slam","Second Wind"],"picked":"SKIP","floor":11},{"not_picked":["Slice","Thunderclap","Weave"],"picked":"Singing Bowl","floor":14},{"not_picked":["Ragnarok","Scrawl","Night Terror"],"picked":"Singing Bowl","floor":16}],"player_experience":161192,"relics_obtained":[{"floor":7,"key":"Du-Vu Doll"},{"floor":9,"key":"Gremlin Horn"},{"floor":13,"key":"Singing Bowl"}],"event_choices":[{"damage_healed":0,"gold_gain":0,"player_choice":"Damaged","damage_taken":7,"max_hp_gain":0,"max_hp_loss":0,"event_name":"Wheel of Change","floor":2,"gold_loss":0}],"is_beta":false,"boss_relics":[{"not_picked":["SacredBark","Runic Pyramid"],"picked":"Sozu"}],"items_purged_floors":[3,5],"is_endless":false,"potions_floor_spawned":[4,7,14],"ascension_level":0}}