{"host":"tp1hyvdwlciy3xbu","time":1612956909,"event":{"mods":["BaseMod","Marisa£®ÏF”Í°°ƒß¿Ì…≥£©","Minty Spire (QoL Compilation)","SIMod","StSLib","The Servant 0.9.4","Youmu£®ªÍ∆«—˝√Œ£©"],"gold_per_floor":[111,70,70,95,95,136,136,172,224,224,239,254,254,278,278,399,399,419,419,419,344,344,369,369,380,380,380,8,19,37,60,60,163,163,175,26,26,46,66,66,84,84,84],"floor_reached":42,"language":"ZHS","playtime":2094,"items_purged":["BatchProduction"],"score":476,"play_id":"0b8b8a0e-8d35-4c9e-8abe-b892c2cc5326","local_time":"20210210193509","is_ascension_mode":false,"campfire_choices":[{"data":"Anxiousness","floor":7,"key":"SMITH"},{"data":"HideCarefully","floor":13,"key":"SMITH"},{"floor":15,"key":"REST"},{"data":"SonicRainbow","floor":24,"key":"SMITH"},{"data":"Winterwrapup","floor":27,"key":"SMITH"},{"data":"PinkieSense","floor":32,"key":"SMITH"},{"data":"PinkiePromise","floor":40,"key":"SMITH"}],"circlet_count":0,"master_deck":["Strike_AJ+1","Strike_TS+1","Strike_RR+1","Strike_RD+1","Defend_TS+1","Defend_PP+1","Defend_FS+1","Defend_AJ+1","ConcertedEfforts","HarmonyShield","Laughter","BatchProduction","Generousity","Lasso+1","PartyTime","Anxiousness+1","HideCarefully+1","Charge","SwiftKick","Winterwrapup","SonicRainbow+1","Magic","Stare","HideCarefully","FarmExpert","FollowTherRainbow","Winterwrapup+1","Anxiousness","Generousity","PinkieSense+1","Winterwrapup","Magictrain","Stare","FriendshipIsMagic+1","ThrowingApples+1","PinkiePromise","PinkiePromise+1","Whining","Whining","HideCarefully+1","CheerUp"],"relics":["The_element_of_harmony","NeowsBlessing","Bloody Idol","Art of War","Happy Flower","Dream Catcher","SlaversCollar","Meat on the Bone","Orichalcum","Strange Spoon","Ancient Tea Set","Centennial Puzzle","Cursed Key","Bag of Preparation"],"acts_visited":["Exordium","TheCity","TheBeyond"],"potions_floor_usage":[8,33],"damage_taken":[{"damage":0,"enemies":"Jaw Worm","floor":1,"turns":1},{"damage":0,"enemies":"Small Slimes","floor":4,"turns":1},{"damage":0,"enemies":"Lagavulin","floor":6,"turns":1},{"damage":21,"enemies":"Gremlin Nob","floor":8,"turns":5},{"damage":0,"enemies":"Cultist","floor":11,"turns":3},{"damage":7,"enemies":"Blue Slaver","floor":12,"turns":2},{"damage":7,"enemies":"3 Louse","floor":14,"turns":3},{"damage":22,"enemies":"Slime Boss","floor":16,"turns":9},{"damage":9,"enemies":"2 Thieves","floor":18,"turns":4},{"damage":26,"enemies":"Gremlin Leader","floor":23,"turns":9},{"damage":20,"enemies":"Shell Parasite","floor":25,"turns":7},{"damage":5,"enemies":"Centurion and Healer","floor":29,"turns":5},{"damage":9,"enemies":"Snake Plant","floor":30,"turns":2},{"damage":51,"enemies":"Automaton","floor":33,"turns":16},{"damage":60,"enemies":"3 Shapes","floor":35,"turns":4},{"damage":2,"enemies":"3 Darklings","floor":38,"turns":3},{"damage":23,"enemies":"Writhing Mass","floor":39,"turns":3},{"damage":13,"enemies":"Spire Growth","floor":41,"turns":5},{"damage":59,"enemies":"Reptomancer","floor":42,"turns":6}],"seed_played":"3107619828908002605","potions_obtained":[{"floor":1,"key":"Block Potion"},{"floor":6,"key":"BlessingOfTheForge"},{"floor":8,"key":"Ancient Potion"},{"floor":23,"key":"Fire Potion"},{"floor":38,"key":"Dexterity Potion"},{"floor":41,"key":"SteroidPotion"}],"is_trial":false,"path_per_floor":["M","$","?","M","?","E","R","E","T","?","M","M","R","M","R","B",null,"M","?","?","?","?","E","R","M","T","R","$","M","M","T","R","B",null,"M","$","?","M","M","R","M","E"],"character_chosen":"TWI_CLASS","items_purchased":["BatchProduction","Strange Spoon","Ancient Tea Set","Bag of Preparation"],"campfire_rested":1,"item_purchase_floors":[2,28,28,36],"current_hp_per_floor":[82,82,62,62,62,62,62,41,41,41,41,34,34,27,51,29,82,73,73,73,73,73,52,52,49,49,49,49,49,57,62,62,28,82,39,39,39,54,48,48,52,0,0],"gold":84,"neow_bonus":"THREE_ENEMY_KILL","is_daily":false,"chose_seed":false,"campfire_upgraded":6,"win_rate":0.0,"timestamp":1612956909,"path_taken":["M","$","?","M","?","E","R","E","T","?","?","M","R","M","R","BOSS","M","?","?","?","?","E","R","M","T","R","$","M","M","?","R","BOSS","M","$","?","M","M","R","M","E"],"items_purchased_type":["Card","Relic","Relic","Relic"],"build_version":"2020-12-22","purchased_purges":1,"victory":false,"max_hp_per_floor":[82,82,82,82,82,82,82,82,82,82,82,82,82,82,82,82,82,82,82,82,82,82,82,82,82,82,82,82,82,82,82,82,82,82,82,82,82,82,82,82,82,82,82],"card_choices":[{"not_picked":["PartyAlone"],"picked":"Laughter","floor":1},{"not_picked":["ThunderCloud"],"picked":"ServeMeal","floor":1},{"not_picked":["Winterwrapup"],"picked":"Generousity","floor":4},{"not_picked":["Mischief"],"picked":"Lasso","floor":4},{"not_picked":["ServeMeal"],"picked":"PartyTime","floor":6},{"not_picked":["BigDeal"],"picked":"Anxiousness","floor":6},{"not_picked":["Smile"],"picked":"HideCarefully","floor":8},{"not_picked":["Perfectionism"],"picked":"Charge","floor":8},{"not_picked":["Yay"],"picked":"SwiftKick","floor":11},{"not_picked":["GemstoneDetection"],"picked":"Winterwrapup","floor":11},{"not_picked":["Yay","TenInstruments"],"picked":"SKIP","floor":12},{"not_picked":["Magic_Beam","Charge"],"picked":"SKIP","floor":12},{"not_picked":["Lasso"],"picked":"SonicRainbow","floor":14},{"not_picked":["Mischief"],"picked":"Magic","floor":14},{"not_picked":["AllByMyself"],"picked":"BatchProduction","floor":15},{"not_picked":["TakeTheLead"],"picked":"Stare","floor":16},{"not_picked":["Mischief"],"picked":"HideCarefully","floor":18},{"not_picked":["TwentyPercentcooler"],"picked":"FarmExpert","floor":18},{"not_picked":["Return_To_Past"],"picked":"Winterwrapup","floor":23},{"not_picked":["ISayNo+1","Smile+1"],"picked":"SKIP","floor":23},{"not_picked":["PartyTime"],"picked":"Anxiousness","floor":25},{"not_picked":["Return_To_Past"],"picked":"Generousity","floor":25},{"not_picked":["KillingWithKindness"],"picked":"PinkieSense","floor":29},{"not_picked":["AppleFever"],"picked":"Winterwrapup","floor":29},{"not_picked":["Charge"],"picked":"Magictrain","floor":30},{"not_picked":["Batlization+1","AppleFeast"],"picked":"SKIP","floor":30},{"not_picked":["PinkieSense"],"picked":"Stare","floor":33},{"not_picked":["PinkieSense"],"picked":"FriendshipIsMagic","floor":33},{"not_picked":["FarmExpert+1"],"picked":"ThrowingApples+1","floor":35},{"not_picked":["AppleFever+1","Mischief"],"picked":"SKIP","floor":35},{"not_picked":["ThunderCloud"],"picked":"PinkiePromise","floor":38},{"not_picked":["Lasso"],"picked":"PinkiePromise","floor":38},{"not_picked":["Yay"],"picked":"Whining","floor":39},{"not_picked":["FollowTherRainbow+1"],"picked":"Whining","floor":39},{"not_picked":["RunningOfTheLeaves"],"picked":"HideCarefully+1","floor":41},{"not_picked":["Magictrain+1"],"picked":"CheerUp","floor":41}],"player_experience":318366,"relics_obtained":[{"floor":6,"key":"Art of War"},{"floor":8,"key":"Happy Flower"},{"floor":9,"key":"Dream Catcher"},{"floor":23,"key":"Meat on the Bone"},{"floor":26,"key":"Orichalcum"},{"floor":31,"key":"Centennial Puzzle"}],"event_choices":[{"damage_healed":0,"gold_gain":0,"player_choice":"Take Damage","damage_taken":20,"relics_obtained":["Golden Idol"],"max_hp_gain":0,"max_hp_loss":0,"event_name":"Golden Idol","floor":3,"gold_loss":0},{"damage_healed":0,"gold_gain":0,"player_choice":"Grow","damage_taken":0,"max_hp_gain":0,"max_hp_loss":0,"event_name":"Living Wall","floor":5,"gold_loss":0,"cards_upgraded":["Lasso"]},{"cards_removed":["Strike_MRS"],"damage_healed":0,"gold_gain":0,"player_choice":"Took Card","damage_taken":0,"max_hp_gain":0,"max_hp_loss":0,"event_name":"NoteForYourself","floor":10,"gold_loss":0,"cards_obtained":["Strike_MRS"]},{"damage_healed":0,"gold_gain":0,"player_choice":"Read","damage_taken":0,"max_hp_gain":0,"max_hp_loss":0,"event_name":"The Library","floor":19,"gold_loss":0,"cards_obtained":["FollowTherRainbow"]},{"damage_healed":0,"gold_gain":0,"player_choice":"Gave Idol","damage_taken":0,"relics_obtained":["Bloody Idol"],"max_hp_gain":0,"max_hp_loss":0,"event_name":"Forgotten Altar","floor":20,"relics_lost":["Golden Idol"],"gold_loss":0},{"cards_removed":["ServeMeal"],"damage_healed":0,"gold_gain":0,"player_choice":"Gave Gold","damage_taken":0,"max_hp_gain":0,"max_hp_loss":0,"event_name":"Beggar","floor":21,"gold_loss":75},{"damage_healed":0,"gold_gain":0,"player_choice":"Simplicity","damage_taken":0,"max_hp_gain":0,"max_hp_loss":0,"event_name":"Back to Basics","floor":22,"gold_loss":0,"cards_upgraded":["Strike_AJ","Strike_TS","Strike_RR","Strike_RD","Defend_TS","Defend_PP","Defend_FS","Defend_AJ"]},{"damage_healed":0,"gold_gain":0,"player_choice":"Forge","damage_taken":0,"max_hp_gain":0,"max_hp_loss":0,"event_name":"Accursed Blacksmith","floor":37,"gold_loss":0,"cards_upgraded":["FriendshipIsMagic"]}],"is_beta":false,"boss_relics":[{"not_picked":["Runic Pyramid","Tiny House"],"picked":"SlaversCollar"},{"not_picked":["Philosopher\u0027s Stone","Velvet Choker"],"picked":"Cursed Key"}],"items_purged_floors":[28],"is_endless":false,"potions_floor_spawned":[1,6,8,23,29,38,39,41],"killed_by":"Reptomancer","ascension_level":0}}