{"host":"6pgtslebjnyv5xmi","time":1612962556,"event":{"mods":["AchievementEnabler","BaseMod","Colored Map","Minty Spire (QoL Compilation)","Rare Cards Sparkle","StSLib","SuperFastMode","The Cursed","everything is the same but u backflip on backflip"],"gold_per_floor":[113,188,198,209,42,42,60,60,84,9,9,25,25,40,40,119,119,138,138,138,152,179,179,214,214,214,114,129,144,213,225,225,225,225],"floor_reached":33,"language":"KOR","playtime":11339,"items_purged":["Strike_R","Strike_R"],"score":488,"play_id":"d90fff1d-8afb-4481-a06a-d0b141033026","local_time":"20210210220916","is_ascension_mode":true,"campfire_choices":[{"data":"Immolate","floor":6.0,"key":"SMITH"},{"data":"Second Wind","floor":8.0,"key":"SMITH"},{"data":"Fire Breathing","floor":13.0,"key":"SMITH"},{"data":"Bludgeon","floor":15.0,"key":"SMITH"},{"data":"Seeing Red","floor":23.0,"key":"SMITH"},{"floor":25,"key":"REST"},{"data":"Evolve","floor":32,"key":"SMITH"}],"circlet_count":0,"master_deck":["AscendersBane","Strike_R","Strike_R","Strike_R","Defend_R","Defend_R","Defend_R","Defend_R","Bash","Panacea","Evolve+1","Bludgeon+1","Immolate+1","Second Wind+1","Fire Breathing+1","Double Tap","Writhe","Seeing Red+1","Second Wind+1","Wild Strike"],"relics":["Burning Blood","Art of War","FaceOfCleric","SlaversCollar","Tiny Chest","Red Mask","Centennial Puzzle","Meat on the Bone","Sundial"],"acts_visited":["Exordium","TheCity"],"potions_floor_usage":[24,24,29,33],"damage_taken":[{"damage":1.0,"enemies":"2 Louse","floor":1.0,"turns":3.0},{"damage":7.0,"enemies":"Small Slimes","floor":3.0,"turns":5.0},{"damage":6.0,"enemies":"Cultist","floor":4.0,"turns":3.0},{"damage":0.0,"enemies":"Exordium Wildlife","floor":7.0,"turns":1.0},{"damage":8.0,"enemies":"Blue Slaver","floor":12.0,"turns":3.0},{"damage":7.0,"enemies":"Large Slime","floor":14.0,"turns":5.0},{"damage":38.0,"enemies":"Slime Boss","floor":16.0,"turns":5.0},{"damage":0.0,"enemies":"Spheric Guardian","floor":18.0,"turns":3.0},{"damage":4.0,"enemies":"Chosen","floor":21.0,"turns":4.0},{"damage":0.0,"enemies":"Masked Bandits","floor":22.0,"turns":1.0},{"damage":38,"enemies":"Book of Stabbing","floor":24,"turns":4},{"damage":13,"enemies":"Centurion and Healer","floor":28,"turns":5},{"damage":28,"enemies":"Snecko","floor":29,"turns":6},{"damage":16,"enemies":"3 Cultists","floor":31,"turns":5},{"damage":56,"enemies":"Champ","floor":33,"turns":5}],"seed_played":"-417405655940236950","potions_obtained":[{"floor":4.0,"key":"Energy Potion"},{"floor":12.0,"key":"Strength Potion"},{"floor":14.0,"key":"Fire Potion"},{"floor":18.0,"key":"FearPotion"},{"floor":24,"key":"Ancient Potion"},{"floor":29,"key":"FearPotion"}],"is_trial":false,"path_per_floor":["M","?","M","M","$","R","M","R","T","$","?","M","R","M","R","B",null,"M","?","?","M","?","R","E","R","T","$","M","M","T","M","R","B"],"character_chosen":"IRONCLAD","items_purchased":["Immolate","Second Wind"],"campfire_rested":1,"item_purchase_floors":[5,5],"current_hp_per_floor":[73,62,61,61,61,61,67,67,67,67,67,66,66,66,66,35,67,74,51,51,54,61,61,30,56,56,56,62,53,53,56,56,0,0],"gold":225,"neow_bonus":"RANDOM_COLORLESS","is_daily":false,"chose_seed":false,"campfire_upgraded":6,"win_rate":0.0,"timestamp":1612962556,"path_taken":["M","?","M","M","$","R","M","R","T","$","?","?","R","M","R","BOSS","M","?","?","M","?","R","E","R","T","$","?","M","?","M","R","BOSS"],"items_purchased_type":["Card","Card"],"build_version":"2020-12-22","purchased_purges":2,"victory":false,"max_hp_per_floor":[75,75,75,75,75,75,75,75,75,75,75,76,76,77,77,78,78,79,84,84,85,86,86,87,87,87,87,88,89,89,90,90,90,90],"card_choices":[{"not_picked":["Discovery","Impatience"],"picked":"Panacea","floor":0.0},{"not_picked":["Cleave","Armaments"],"picked":"Evolve","floor":1.0},{"not_picked":["Armaments","Sever Soul","Blood for Blood"],"picked":"SKIP","floor":3.0},{"not_picked":["Rupture","Clothesline"],"picked":"Bludgeon","floor":4.0},{"not_picked":["Pommel Strike","Inflame","Rupture"],"picked":"SKIP","floor":7.0},{"not_picked":["Pommel Strike","Anger"],"picked":"Fire Breathing","floor":12.0},{"not_picked":["Metallicize","Warcry","Fire Breathing"],"picked":"SKIP","floor":14.0},{"not_picked":["Juggernaut","Bludgeon"],"picked":"Double Tap","floor":16.0},{"not_picked":["Pommel Strike","Flex","Heavy Blade"],"picked":"SKIP","floor":18.0},{"not_picked":["Thunderclap","True Grit"],"picked":"Seeing Red","floor":21.0},{"not_picked":["Fire Breathing+1","Blood for Blood"],"picked":"Second Wind+1","floor":22.0},{"not_picked":["Perfected Strike","Seeing Red","True Grit"],"picked":"SKIP","floor":24},{"not_picked":["Brutality","Twin Strike"],"picked":"Wild Strike","floor":28},{"not_picked":["Thunderclap","Seeing Red","Heavy Blade"],"picked":"SKIP","floor":29},{"not_picked":["Pommel Strike","Dropkick","Searing Blow"],"picked":"SKIP","floor":31}],"player_experience":1101569,"relics_obtained":[{"floor":9.0,"key":"Art of War"},{"floor":22.0,"key":"Red Mask"},{"floor":24,"key":"Centennial Puzzle"},{"floor":26,"key":"Meat on the Bone"},{"floor":30,"key":"Sundial"}],"event_choices":[{"damage_healed":0.0,"max_hp_gain":0.0,"max_hp_loss":0.0,"gold_gain":75.0,"event_name":"World of Goop","player_choice":"Gather Gold","floor":2.0,"gold_loss":0.0,"damage_taken":11.0},{"damage_healed":0.0,"max_hp_gain":0.0,"max_hp_loss":0.0,"gold_gain":0.0,"event_name":"FaceTrader","player_choice":"Trade","floor":11.0,"gold_loss":0.0,"damage_taken":0.0,"relics_obtained":["FaceOfCleric"]},{"damage_healed":0.0,"max_hp_gain":5.0,"max_hp_loss":0.0,"gold_gain":0.0,"event_name":"Forgotten Altar","player_choice":"Shed Blood","floor":19.0,"gold_loss":0.0,"damage_taken":28.0},{"damage_healed":0.0,"max_hp_gain":0.0,"max_hp_loss":0.0,"gold_gain":0.0,"event_name":"The Mausoleum","player_choice":"Opened","floor":20.0,"gold_loss":0.0,"damage_taken":0.0,"relics_obtained":["Tiny Chest"],"cards_obtained":["Writhe"]},{"damage_healed":0.0,"max_hp_gain":0.0,"max_hp_loss":0.0,"gold_gain":0.0,"event_name":"Masked Bandits","player_choice":"Fought Bandits","floor":22.0,"gold_loss":0.0,"damage_taken":0.0}],"is_beta":false,"boss_relics":[{"not_picked":["Runic Cube","Ectoplasm"],"picked":"SlaversCollar"}],"items_purged_floors":[10,27],"is_endless":false,"potions_floor_spawned":[4,12,14,18,22,24,29],"killed_by":"Champ","ascension_level":18}}