{"host":"vyjryxuuuxkt43k4","time":1612923805,"event":{"mods":["AchievementEnabler","BaseMod","Colored Map","DeckTracker","Keyboard Shortcuts","Minty Spire (QoL Compilation)","Permanent Neow","Quick Restart","StSLib","SuperFastMode","everything is the same but u backflip on backflip"],"gold_per_floor":[110,110,121,121,7,7,33,47,47,47,47,66,66,22,22,22,22],"floor_reached":16,"language":"KOR","playtime":639,"items_purged":[],"score":176,"play_id":"07ae38cb-d7ab-4d91-a081-343d0eaf0621","local_time":"20210210112325","is_ascension_mode":true,"campfire_choices":[{"floor":6,"key":"REST"},{"floor":10,"key":"REST"},{"data":"Uppercut","floor":13,"key":"SMITH"},{"data":"Whirlwind","floor":15,"key":"SMITH"}],"circlet_count":0,"master_deck":["AscendersBane","Strike_R","Strike_R","Strike_R","Strike_R+1","Strike_R","Defend_R","Defend_R","Defend_R","Defend_R","Bash","Purity+1","Pommel Strike","Uppercut+1","Whirlwind+1","Flame Barrier","Decay","Bloodletting","Battle Trance"],"relics":["Burning Blood","Golden Idol","Odd Mushroom","TungstenRod"],"acts_visited":["Exordium"],"potions_floor_usage":[5,7,12],"damage_taken":[{"damage":6,"enemies":"Small Slimes","floor":1,"turns":5},{"damage":8,"enemies":"Cultist","floor":3,"turns":5},{"damage":15,"enemies":"The Mushroom Lair","floor":7,"turns":4},{"damage":14,"enemies":"Jaw Worm","floor":8,"turns":5},{"damage":14,"enemies":"Gremlin Gang","floor":12,"turns":2},{"damage":54,"enemies":"Slime Boss","floor":16,"turns":5}],"seed_played":"-6527801804818300134","potions_obtained":[{"floor":3,"key":"Fire Potion"},{"floor":8,"key":"GamblersBrew"}],"is_trial":false,"path_per_floor":["M","?","M","?","$","R","?","M","T","R","?","M","R","$","R","B"],"character_chosen":"IRONCLAD","items_purchased":["Fruit Juice","Battle Trance"],"campfire_rested":2,"item_purchase_floors":[5,14],"current_hp_per_floor":[68,45,43,17,22,46,37,29,29,53,53,45,45,45,45,0,0],"gold":22,"neow_bonus":"RANDOM_COLORLESS","is_daily":false,"chose_seed":false,"campfire_upgraded":2,"win_rate":0.0,"timestamp":1612923805,"path_taken":["M","?","M","?","$","R","?","M","T","R","?","?","R","?","R","BOSS"],"items_purchased_type":["Potion","Card"],"build_version":"2020-12-22","purchased_purges":0,"victory":false,"max_hp_per_floor":[75,75,75,75,80,80,80,80,80,80,80,80,80,80,80,80,80],"card_choices":[{"not_picked":["Bandage Up","Good Instincts"],"picked":"Purity","floor":0},{"not_picked":["Sentinel","Iron Wave"],"picked":"Pommel Strike","floor":1},{"not_picked":["Heavy Blade","Clash"],"picked":"Uppercut","floor":3},{"not_picked":["Headbutt","Twin Strike"],"picked":"Whirlwind","floor":7},{"not_picked":["Heavy Blade","Armaments"],"picked":"Flame Barrier","floor":8},{"not_picked":["Sever Soul","Dual Wield"],"picked":"Bloodletting","floor":12}],"player_experience":884657,"relics_obtained":[{"floor":7,"key":"Odd Mushroom"},{"floor":9,"key":"TungstenRod"}],"event_choices":[{"damage_healed":0,"gold_gain":0,"player_choice":"Entered Light","damage_taken":23,"max_hp_gain":0,"max_hp_loss":0,"event_name":"Shining Light","floor":2,"gold_loss":0,"cards_upgraded":["Purity","Strike_R"]},{"damage_healed":0,"gold_gain":0,"player_choice":"Take Damage","damage_taken":26,"relics_obtained":["Golden Idol"],"max_hp_gain":0,"max_hp_loss":0,"event_name":"Golden Idol","floor":4,"gold_loss":0},{"damage_healed":0,"gold_gain":0,"player_choice":"Fought Mushrooms","damage_taken":0,"max_hp_gain":0,"max_hp_loss":0,"event_name":"Mushrooms","floor":7,"gold_loss":0},{"damage_healed":0,"gold_gain":0,"player_choice":"Cursed","damage_taken":0,"max_hp_gain":0,"max_hp_loss":0,"event_name":"Wheel of Change","floor":11,"gold_loss":0,"cards_obtained":["Decay"]}],"is_beta":false,"boss_relics":[],"items_purged_floors":[],"is_endless":false,"potions_floor_spawned":[3,8],"killed_by":"Slime Boss","ascension_level":20}}