{"host":"2ehbln4r1tfoeq56","time":1612974401,"event":{"mods":["Aspiration","BaseMod","Better Altar","Better Match","Better Note","Better Sensory Stone","Better Skull","Better Third Choice","Downfall","Friendly Minions","GifTheSpireLib","Minty Spire (QoL Compilation)","Reliquary","Replay The Spire","StSLib"],"gold_per_floor":[99,114,114,74,94,108,177,288,308,108,137,152,152,57,67,163,163,163,175,175,175,234,41,64,133,193,193,65,117,171,221,233,233,233,233],"floor_reached":33,"language":"ENG","playtime":3634,"items_purged":["Guardian:Defend_Guardian","Injury"],"score":321,"play_id":"49431d61-1087-4142-bf74-6f100c445942","local_time":"20210210102641","is_ascension_mode":false,"campfire_choices":[{"floor":1,"key":"RECALL"},{"data":"Guardian:StasisField","floor":10,"key":"SMITH"},{"data":"Guardian:PiercingHide","floor":13,"key":"SMITH"},{"data":"Guardian:RefractedBeam","floor":18,"key":"SMITH"},{"data":"Guardian:RefractedBeam+1","floor":27,"key":"SMITH"}],"circlet_count":0,"master_deck":["Guardian:Strike_Guardian","Guardian:Strike_Guardian","Guardian:Strike_Guardian","Guardian:Strike_Guardian","Guardian:Defend_Guardian","Guardian:Defend_Guardian","Guardian:Defend_Guardian","Guardian:CurlUp","Guardian:TwinSlam","Guardian:BronzeOrb+1","Guardian:SpikerProtocol+1","Guardian:EvasiveProtocol+1","Guardian:StasisField+1","Guardian:PiercingHide+1","Guardian:Clone","Guardian:RefractedBeam+2","Guardian:FloatingOrbs+1","Guardian:ChargeCore","Guardian:RevengeProtocol+1","Guardian:Repulse+1","Guardian:Gem_Fragmented","Guardian:Gem_Lightblue","Guardian:FloatingOrbs+1","Guardian:WalkerClaw","Guardian:TemporalStrike","Guardian:SpikerProtocol+1","Guardian:ChargeCore+1","Guardian:MultiBeam+1"],"relics":["Guardian:ModeShifter","Frozen Egg 2","downfall:HeartBlessingRed","downfall:HeartBlessingBlue","Boot","Runic Pyramid","downfall:KnowingSkull","reliquary:Stiletto","reliquary:SharkskinSheath","Orichalcum"],"acts_visited":["Exordium","TheCity"],"potions_floor_usage":[11,25,25,33],"damage_taken":[{"damage":7,"enemies":"Small Slimes","floor":2,"turns":6},{"damage":0,"enemies":"downfall:FleeingMerchant","floor":4,"turns":4},{"damage":0,"enemies":"2 Louse","floor":5,"turns":3},{"damage":1,"enemies":"Cultist","floor":6,"turns":4},{"damage":5,"enemies":"3 Louse","floor":9,"turns":4},{"damage":0,"enemies":"Lagavulin","floor":11,"turns":7},{"damage":0,"enemies":"Lots of Slimes","floor":12,"turns":4},{"damage":0,"enemies":"downfall:FleeingMerchant","floor":14,"turns":4},{"damage":0,"enemies":"2 Fungi Beasts","floor":15,"turns":3},{"damage":26,"enemies":"IC_STATUS_ARCHETYPE","floor":16,"turns":9},{"damage":1,"enemies":"Spheric Guardian","floor":19,"turns":4},{"damage":3,"enemies":"Centurion and Healer","floor":22,"turns":7},{"damage":4,"enemies":"downfall:FleeingMerchant","floor":23,"turns":4},{"damage":15,"enemies":"Slavers","floor":25,"turns":5},{"damage":13,"enemies":"Snake Plant","floor":26,"turns":3},{"damage":14,"enemies":"downfall:FleeingMerchant","floor":28,"turns":4},{"damage":3,"enemies":"Cultist and Chosen","floor":29,"turns":6},{"damage":6,"enemies":"Chosen and Byrds","floor":30,"turns":6},{"damage":6,"enemies":"Centurion and Healer","floor":31,"turns":6},{"damage":7,"enemies":"3 Cultists","floor":32,"turns":5},{"damage":22,"enemies":"SI_MIRROR_ARCHETYPE","floor":33,"turns":6}],"seed_played":"-5739461751785463130","potions_obtained":[{"floor":2,"key":"LiquidBronze"},{"floor":9,"key":"Toxic Potion"},{"floor":12,"key":"Languid Potion"},{"floor":15,"key":"FearPotion"},{"floor":25,"key":"Elixir"},{"floor":26,"key":"SmokeBomb"},{"floor":29,"key":"GamblersBrew"},{"floor":30,"key":"BlessingOfTheForge"}],"is_trial":false,"path_per_floor":["R","M","?","$","M","M","T","?","M","R","E","M","R","$","M","B",null,"R","M","?","?","M","$","T","E","M","R","$","M","M","M","M","B"],"character_chosen":"GUARDIAN","items_purchased":["Guardian:Gem_Red","Guardian:FloatingOrbs+1","reliquary:Stiletto","Guardian:TemporalStrike"],"campfire_rested":0,"item_purchase_floors":[4,14,23,28],"current_hp_per_floor":[88,81,81,81,81,80,80,56,51,61,61,61,61,61,61,35,98,98,97,89,89,86,82,82,67,54,54,40,37,31,25,18,0,0,0],"gold":233,"neow_bonus":"TEN_PERCENT_HP_BONUS","is_daily":false,"chose_seed":false,"campfire_upgraded":4,"win_rate":0.0,"timestamp":1612974401,"path_taken":["R","M","?","$","M","M","T","?","M","R","E","M","R","$","M","BOSS","R","M","?","?","M","$","T","E","M","R","$","M","M","M","M","BOSS"],"items_purchased_type":["Card","Card","Relic","Card"],"build_version":"2020-12-22","purchased_purges":2,"victory":false,"max_hp_per_floor":[88,88,88,88,88,88,88,88,88,98,98,98,98,98,98,98,98,98,98,98,98,98,98,98,98,98,98,98,98,98,98,98,98,98,98],"card_choices":[{"not_picked":["Guardian:SpikerProtocol","Guardian:Incinerate"],"picked":"Guardian:BronzeOrb","floor":2},{"not_picked":["Guardian:Recover","Guardian:PiercingHide"],"picked":"Guardian:SpikerProtocol+1","floor":4},{"not_picked":["Guardian:PrismaticBarrier","Guardian:PrimingBeam"],"picked":"Guardian:EvasiveProtocol+1","floor":5},{"not_picked":["Guardian:Planning","Guardian:BronzeArmor"],"picked":"Guardian:Gem_Crimson","floor":6},{"not_picked":["Guardian:TemporalShield","Guardian:Gem_Yellow"],"picked":"Guardian:StasisField","floor":9},{"not_picked":["Guardian:FastForward","Guardian:Planning"],"picked":"Guardian:PiercingHide","floor":11},{"not_picked":["Guardian:Gem_Red","Guardian:Suspension"],"picked":"Guardian:Clone","floor":12},{"not_picked":["Guardian:PrimingBeam","Guardian:TemporalStrike"],"picked":"Guardian:RefractedBeam","floor":14},{"not_picked":["Guardian:Preprogram","Guardian:Gem_Yellow"],"picked":"Guardian:ChargeCore","floor":15},{"not_picked":["Guardian:BaubleBeam","Guardian:FastForward"],"picked":"Guardian:RevengeProtocol+1","floor":16},{"not_picked":["Guardian:Gem_Green","Guardian:Recover"],"picked":"Guardian:Repulse+1","floor":19},{"not_picked":["Guardian:Gem_Red","Guardian:CrystalBeam"],"picked":"Guardian:Gem_Fragmented","floor":22},{"not_picked":["Guardian:WalkerClaw","Guardian:ShieldCharger"],"picked":"Guardian:Gem_Crimson","floor":23},{"not_picked":["Guardian:Clone","Guardian:Incinerate"],"picked":"Guardian:Gem_Lightblue","floor":25},{"not_picked":["Guardian:PiercingHide","Guardian:RefractedBeam"],"picked":"Guardian:FloatingOrbs+1","floor":26},{"not_picked":["Guardian:HyperBeam_Guardian","Guardian:RollAttack"],"picked":"Guardian:WalkerClaw","floor":28},{"not_picked":["Guardian:BronzeArmor","Guardian:EvasiveProtocol+1","Guardian:ShieldSpikes"],"picked":"SKIP","floor":29},{"not_picked":["Guardian:RollAttack+1","Guardian:Incinerate"],"picked":"Guardian:SpikerProtocol+1","floor":30},{"not_picked":["Guardian:Gem_Green","Guardian:ShieldSpikes"],"picked":"Guardian:ChargeCore+1","floor":31},{"not_picked":["Guardian:Gem_Lightblue","Guardian:ChargeCore"],"picked":"Guardian:MultiBeam+1","floor":32}],"player_experience":98309,"relics_obtained":[{"floor":11,"key":"Boot"},{"floor":24,"key":"reliquary:SharkskinSheath"},{"floor":25,"key":"Orichalcum"}],"event_choices":[{"damage_healed":0,"gold_gain":111,"player_choice":"GO UP ","damage_taken":27,"relics_obtained":[],"max_hp_gain":0,"max_hp_loss":0,"event_name":"betterSkull:BetterSkull","floor":8,"gold_loss":0,"cards_upgraded":["Guardian:BronzeOrb"]},{"damage_healed":0,"gold_gain":0,"player_choice":"Ignored","damage_taken":0,"max_hp_gain":0,"max_hp_loss":0,"event_name":"betterNote:BetterNote","floor":21,"gold_loss":0,"cards_obtained":["Enlightenment"]}],"is_beta":false,"boss_relics":[{"not_picked":["Kintsugi","ReplayTheSpireMod:DimensionalGlitch"],"picked":"Runic Pyramid"}],"items_purged_floors":[23,28],"is_endless":false,"potions_floor_spawned":[2,9,12,15,25,26,29,30],"killed_by":"SI_MIRROR_ARCHETYPE","ascension_level":0}}