{"host":"52lujqhsyicpcskq","time":1612982583,"event":{"mods":["BaseMod","Colored Map","Minty Spire (QoL Compilation)","Permanent Neow","StSLib","SuperFastMode","everything is the same but u backflip on backflip"],"gold_per_floor":[116,129,76,76,90,122,133,133,133],"floor_reached":8,"language":"KOR","playtime":253,"items_purged":[],"score":93,"play_id":"5744eb9c-16ca-42cc-8adc-27ed58f454b7","local_time":"20210211034303","is_ascension_mode":true,"campfire_choices":[],"circlet_count":0,"master_deck":["AscendersBane","Strike_R","Strike_R","Strike_R","Strike_R","Strike_R","Defend_R","Defend_R","Defend_R","Defend_R","Bash+1","Rampage","Flex","Dark Embrace","Warcry+1","Twin Strike","Dropkick"],"relics":["Burning Blood","Smiling Mask"],"acts_visited":["Exordium"],"potions_floor_usage":[6,6],"damage_taken":[{"damage":9,"enemies":"Small Slimes","floor":1,"turns":4},{"damage":4,"enemies":"Jaw Worm","floor":2,"turns":4},{"damage":9,"enemies":"2 Louse","floor":5,"turns":3},{"damage":30,"enemies":"Lagavulin","floor":6,"turns":6},{"damage":9,"enemies":"Red Slaver","floor":7,"turns":3},{"damage":20,"enemies":"3 Sentries","floor":8,"turns":3}],"seed_played":"2759905013973588508","potions_obtained":[{"floor":1,"key":"LiquidMemories"},{"floor":2,"key":"FearPotion"},{"floor":6,"key":"Weak Potion"}],"is_trial":false,"path_per_floor":["M","M","$","?","M","E","M","E"],"character_chosen":"IRONCLAD","items_purchased":["Warcry"],"campfire_rested":0,"item_purchase_floors":[3],"current_hp_per_floor":[69,71,71,55,52,28,25,5,5],"gold":133,"neow_bonus":"THREE_CARDS","is_daily":false,"chose_seed":false,"campfire_upgraded":0,"win_rate":0.0,"timestamp":1612982583,"path_taken":["M","M","$","?","M","E","M","E"],"items_purchased_type":["Card"],"build_version":"2020-12-22","purchased_purges":0,"victory":false,"max_hp_per_floor":[80,80,80,80,80,80,80,80,80],"card_choices":[{"not_picked":["Rage","True Grit"],"picked":"Rampage","floor":0},{"not_picked":["Clash","Second Wind"],"picked":"Flex","floor":1},{"not_picked":["Body Slam","Iron Wave"],"picked":"Dark Embrace","floor":2},{"not_picked":["Clothesline","Intimidate"],"picked":"Twin Strike","floor":5},{"not_picked":["Rupture","Body Slam"],"picked":"Dropkick","floor":6},{"not_picked":["Evolve","Warcry","Body Slam"],"picked":"SKIP","floor":7}],"player_experience":780007,"relics_obtained":[{"floor":6,"key":"Smiling Mask"}],"event_choices":[{"damage_healed":0,"gold_gain":0,"player_choice":"Entered Light","damage_taken":16,"max_hp_gain":0,"max_hp_loss":0,"event_name":"Shining Light","floor":4,"gold_loss":0,"cards_upgraded":["Warcry","Bash"]}],"is_beta":false,"boss_relics":[],"items_purged_floors":[],"is_endless":false,"potions_floor_spawned":[1,2,6],"killed_by":"3 Sentries","ascension_level":12}}