{"host":"knk89g45d3vzr5fm","time":1612976162,"event":{"mods":["2.2 Compatiblity","BaseMod","Downfall","Minty Spire (QoL Compilation)","Relic Stats","Reliquary","Replay The Spire","StSLib","The Marked"],"gold_per_floor":[349,360,377,34,48,62,87,118,18,44,44,64,214,231,246,346,646,646,658,674,674,305,332,332,42,74,94,94,119,19,52,63,164,164,247,267,267,167,93,120,120,20,36,69,69,69,69,97,111,111,111,111],"floor_reached":50,"language":"FRA","playtime":3910,"items_purged":["downfall:Icky","bronze:Strike"],"score":892,"play_id":"3eaa579f-c078-42d6-890d-cc650c40d23e","local_time":"20210210175602","is_ascension_mode":true,"campfire_choices":[{"floor":1,"key":"RECALL"},{"data":"bronze:DelayedSlice","floor":9,"key":"SMITH"},{"floor":11,"key":"REST"},{"floor":28,"key":"REST"},{"data":"bronze:Library","floor":30,"key":"SMITH"},{"floor":42,"key":"REST"},{"floor":45,"key":"REST"},{"data":"bronze:Hardcode","floor":47,"key":"SMITH"}],"circlet_count":0,"master_deck":["bronze:Defend","bronze:Defend","bronze:Defend","bronze:Defend","bronze:Replicate+1","bronze:Goto","bronze:DelayedSlice+1","bronze:Boost+1","bronze:WhirlingStrike","bronze:InfiniteLoop+1","Midas Touch","bronze:CleanCode","bronze:Branch","bronze:Allocate","bronze:DigitalCarnage","bronze:Shell","bronze:Flail+1","bronze:RecursiveStrike","ReplayTheSpireMod:Splinters","Clumsy","Clumsy","bronze:Shield+1","expansioncontent:QuickStudy","bronze:Shield+1","bronze:Repair","bronze:Library+1","bronze:SpaghettiCode+1","bronze:Separator+1","bronze:FineTuning+1","Crow Ritual","bronze:ItsAFeature","Jack Of All Trades","bronze:Repair+1","Parasite","bronze:FunctionCard"],"relics":["bronze:BronzeCore","Membership Card","reliquary:WeakTea","Blood Vial","downfall:HeartBlessingRed","Shuriken","Replay:Ancient Bell","PreservedInsect","Gremlin Horn","Old Coin","Sling","MealTicket","Toy Ornithopter","Replay:Rubber Ducky","CaptainsWheel","Du-Vu Doll","Replay:WaspNest","Dream Catcher","WingedGreaves","downfall:HeartBlessingGreen","reliquary:BoilingFlask","Astrolabe","Medical Kit","reliquary:JackalopeAntler","Counterbalance","downfall:HeartBlessingBlue","Anchor","reliquary:ExpiredCoupon"],"acts_visited":["Exordium","TheCity","TheBeyond"],"potions_floor_usage":[8,44,49],"damage_taken":[{"damage":1,"enemies":"Cultist","floor":2,"turns":4},{"damage":12,"enemies":"Small Slimes","floor":3,"turns":4},{"damage":0,"enemies":"downfall:FleeingMerchant","floor":4,"turns":4},{"damage":7,"enemies":"Jaw Worm","floor":5,"turns":3},{"damage":7,"enemies":"2 Fungi Beasts","floor":6,"turns":3},{"damage":0,"enemies":"Gremlin Nob","floor":8,"turns":3},{"damage":13,"enemies":"Lagavulin","floor":10,"turns":6},{"damage":2,"enemies":"Exordium Thugs","floor":12,"turns":3},{"damage":13,"enemies":"3 Louse","floor":14,"turns":3},{"damage":0,"enemies":"2 Fungi Beasts","floor":15,"turns":3},{"damage":25,"enemies":"SI_SHIV_ARCHETYPE","floor":16,"turns":13},{"damage":0,"enemies":"Spheric Guardian","floor":19,"turns":3},{"damage":0,"enemies":"3 Byrds","floor":20,"turns":5},{"damage":15,"enemies":"downfall:FleeingMerchant","floor":22,"turns":4},{"damage":0,"enemies":"Slavers","floor":23,"turns":1},{"damage":1,"enemies":"downfall:FleeingMerchant","floor":25,"turns":4},{"damage":28,"enemies":"Book of Stabbing","floor":26,"turns":5},{"damage":0,"enemies":"Sentry and Sphere","floor":27,"turns":2},{"damage":1,"enemies":"Gremlin Leader","floor":29,"turns":2},{"damage":3,"enemies":"Book of Stabbing","floor":31,"turns":4},{"damage":10,"enemies":"Snake Plant","floor":32,"turns":3},{"damage":0,"enemies":"WA_ARCHETYPE_CALM","floor":33,"turns":7},{"damage":10,"enemies":"Orb Walker","floor":36,"turns":2},{"damage":0,"enemies":"3 Darklings","floor":38,"turns":1},{"damage":0,"enemies":"downfall:FleeingMerchant","floor":39,"turns":3},{"damage":15,"enemies":"Giant Head","floor":40,"turns":6},{"damage":0,"enemies":"Sphere and 2 Shapes","floor":43,"turns":3},{"damage":23,"enemies":"Nemesis","floor":44,"turns":7},{"damage":1,"enemies":"R_Hoarder","floor":48,"turns":7},{"damage":17,"enemies":"Writhing Mass","floor":49,"turns":9},{"damage":76,"enemies":"DF_ARCHETYPE_ORBS","floor":50,"turns":6}],"seed_played":"-6003458234714676136","potions_obtained":[{"floor":3,"key":"Strength Potion"},{"floor":5,"key":"bronze:FreeFunctionsPotion"},{"floor":8,"key":"Venom Potion"},{"floor":10,"key":"FearPotion"},{"floor":48,"key":"Weak Potion"}],"is_trial":false,"path_per_floor":["R","M","M","$","M","M","T","E","R","E","R","M","?","M","M","B",null,"R","M","M","?","$","E","T","$","E","M","R","E","R","E","M","B",null,"R","M","?","M","$","E","T","R","M","E","R","?","R","E","M","B"],"character_chosen":"THE_AUTOMATON","items_purchased":["Membership Card","bronze:InfiniteLoop","Midas Touch","Sling","MealTicket","Toy Ornithopter","expansioncontent:QuickStudy","Du-Vu Doll","Replay:WaspNest","Medical Kit","Crow Ritual","bronze:ItsAFeature","Jack Of All Trades","reliquary:JackalopeAntler"],"campfire_rested":4,"item_purchase_floors":[4,4,4,22,22,22,22,25,25,39,39,39,39,39],"current_hp_per_floor":[63,62,50,50,43,36,36,36,36,25,43,43,43,32,34,11,63,63,63,63,63,48,50,50,62,35,37,55,56,56,60,59,63,63,63,53,53,55,63,48,48,73,73,57,73,73,73,72,56,0,0,0],"gold":111,"neow_bonus":"TWO_FIFTY_GOLD","is_daily":false,"chose_seed":false,"campfire_upgraded":3,"win_rate":0.0,"timestamp":1612976162,"path_taken":["R","M","M","$","?","?","T","E","R","E","R","M","?","M","M","BOSS","R","M","M","?","$","E","T","$","E","?","R","E","R","E","M","BOSS","R","M","?","M","$","E","T","R","M","E","R","?","R","E","M","BOSS"],"items_purchased_type":["Relic","Card","Card","Relic","Relic","Relic","Card","Relic","Relic","Relic","Card","Card","Card","Relic"],"build_version":"2020-12-22","purchased_purges":2,"victory":false,"max_hp_per_floor":[63,63,63,63,63,63,63,63,63,63,63,63,63,63,63,63,63,63,63,63,63,63,63,63,63,63,63,63,63,63,63,63,63,63,63,63,63,63,63,63,63,73,73,73,73,73,73,73,73,73,73,73],"relic_stats":{"Blood Vial":28,"Dream Catcher":3,"Gremlin Horn":[8,8],"counters":[31,132],"Shuriken":[33],"Astrolabe":["bronze:SpaghettiCode","bronze:Shell","bronze:Separator"],"MealTicket":21,"PreservedInsect":473,"Medical Kit":[0],"obtain_stats":[{"bronze:BronzeCore":0,"Gremlin Horn":17,"reliquary:BoilingFlask":31,"downfall:HeartBlessingGreen":30,"Sling":22,"Old Coin":17,"Replay:Rubber Ducky":23,"Blood Vial":8,"Dream Catcher":26,"downfall:HeartBlessingBlue":42,"MealTicket":22,"WingedGreaves":29,"downfall:HeartBlessingRed":9,"Astrolabe":34,"Counterbalance":40,"PreservedInsect":17,"Replay:WaspNest":25,"Replay:Ancient Bell":17,"reliquary:WeakTea":7,"Medical Kit":39,"Du-Vu Doll":25,"reliquary:JackalopeAntler":39,"reliquary:ExpiredCoupon":48,"CaptainsWheel":24,"Anchor":44,"Shuriken":10,"Membership Card":4,"Toy Ornithopter":22},{"bronze:BronzeCore":0,"Gremlin Horn":11,"reliquary:BoilingFlask":20,"downfall:HeartBlessingGreen":19,"Sling":14,"Old Coin":11,"Replay:Rubber Ducky":15,"Blood Vial":6,"Dream Catcher":17,"downfall:HeartBlessingBlue":26,"MealTicket":14,"WingedGreaves":19,"downfall:HeartBlessingRed":6,"Astrolabe":22,"Counterbalance":26,"PreservedInsect":11,"Replay:WaspNest":16,"Replay:Ancient Bell":11,"reliquary:WeakTea":5,"Medical Kit":25,"Du-Vu Doll":16,"reliquary:JackalopeAntler":25,"reliquary:ExpiredCoupon":29,"CaptainsWheel":15,"Anchor":28,"Shuriken":7,"Membership Card":3,"Toy Ornithopter":14},{"bronze:BronzeCore":0,"Gremlin Horn":49,"reliquary:BoilingFlask":79,"downfall:HeartBlessingGreen":75,"Sling":61,"Old Coin":49,"Replay:Rubber Ducky":62,"Blood Vial":21,"Dream Catcher":71,"downfall:HeartBlessingBlue":101,"MealTicket":61,"WingedGreaves":75,"downfall:HeartBlessingRed":21,"Astrolabe":89,"Counterbalance":101,"PreservedInsect":49,"Replay:WaspNest":66,"Replay:Ancient Bell":49,"reliquary:WeakTea":18,"Medical Kit":95,"Du-Vu Doll":66,"reliquary:JackalopeAntler":95,"reliquary:ExpiredCoupon":118,"CaptainsWheel":62,"Anchor":111,"Shuriken":27,"Membership Card":12,"Toy Ornithopter":61}],"Toy Ornithopter":0},"card_choices":[{"not_picked":["bronze:Branch","bronze:Backtrace"],"picked":"bronze:DelayedSlice","floor":2},{"not_picked":["bronze:Constructor","bronze:CutThrough"],"picked":"bronze:Boost","floor":3},{"not_picked":["bronze:DelayedGuard","bronze:BitShift"],"picked":"bronze:WhirlingStrike","floor":4},{"not_picked":["bronze:Deprecate","bronze:WhirlingStrike"],"picked":"bronze:CleanCode","floor":5},{"not_picked":["bronze:Turbo","bronze:DelayedSlice"],"picked":"bronze:Branch","floor":6},{"not_picked":["bronze:Deprecate","bronze:Overheat"],"picked":"bronze:Allocate","floor":8},{"not_picked":["bronze:ShipIt","bronze:Optimize"],"picked":"bronze:Hardcode","floor":10},{"not_picked":["bronze:ChildClass","bronze:Deprecate"],"picked":"bronze:DigitalCarnage","floor":12},{"not_picked":["bronze:WhirlingStrike","bronze:Shield"],"picked":"bronze:Shell","floor":14},{"not_picked":["bronze:Optimize","bronze:ChildClass"],"picked":"bronze:Flail","floor":15},{"not_picked":["bronze:ShipIt","bronze:FindAndReplace"],"picked":"bronze:RecursiveStrike","floor":16},{"not_picked":["downfall:Bewildered","Shame"],"picked":"ReplayTheSpireMod:Splinters","floor":17},{"not_picked":["Shame","CurseOfTheBell"],"picked":"Clumsy","floor":17},{"not_picked":["Sickly","ReplayTheSpireMod:Splinters"],"picked":"Clumsy","floor":17},{"not_picked":["bronze:ForLoop","bronze:Turbo"],"picked":"bronze:Shield+1","floor":19},{"not_picked":["bronze:Separator","bronze:WildBeam","bronze:Shell"],"picked":"SKIP","floor":20},{"not_picked":["bronze:Shield","bronze:BuggyMess","bronze:WildBeam+1"],"picked":"SKIP","floor":22},{"not_picked":["bronze:MaxOutput+1","bronze:Optimize+1"],"picked":"bronze:Fortify+1","floor":23},{"not_picked":["bronze:Safeguard","bronze:DelayedSlice"],"picked":"bronze:Shield+1","floor":25},{"not_picked":["bronze:WildBeam","bronze:Repulsor+1"],"picked":"bronze:Repair","floor":26},{"not_picked":["bronze:BuggyMess","bronze:Safeguard+1","bronze:FollowUp"],"picked":"SKIP","floor":27},{"not_picked":["bronze:Constructor","bronze:OilSpill"],"picked":"bronze:Library","floor":29},{"not_picked":["bronze:BitShift","bronze:Iterate","bronze:ChosenStrike"],"picked":"SKIP","floor":31},{"not_picked":["bronze:DelayedGuard","bronze:ForceShield","bronze:Optimize"],"picked":"SKIP","floor":32},{"not_picked":["bronze:CloningBeam+1","bronze:Philosophize+1","bronze:Constructor"],"picked":"SKIP","floor":36},{"not_picked":["bronze:FindAndReplace","bronze:Repulsor+1"],"picked":"bronze:FineTuning+1","floor":39},{"not_picked":["bronze:WhirlingStrike","bronze:DelayedSlice+1","bronze:Hardcode"],"picked":"SKIP","floor":40},{"not_picked":["bronze:CutThrough","bronze:Constructor+1","bronze:Shield"],"picked":"SKIP","floor":43},{"not_picked":["bronze:SpaghettiCode","bronze:Break"],"picked":"bronze:Repair+1","floor":44},{"not_picked":["bronze:CutThrough+1","bronze:Constructor+1","bronze:Iterate+1"],"picked":"SKIP","floor":48},{"not_picked":["bronze:BuggyMess","bronze:CutThrough+1","bronze:Overload+1"],"picked":"SKIP","floor":49}],"player_experience":2097354,"relics_obtained":[{"floor":7,"key":"reliquary:WeakTea"},{"floor":8,"key":"Blood Vial"},{"floor":10,"key":"Shuriken"},{"floor":23,"key":"Replay:Rubber Ducky"},{"floor":24,"key":"CaptainsWheel"},{"floor":26,"key":"Dream Catcher"},{"floor":29,"key":"WingedGreaves"},{"floor":31,"key":"reliquary:BoilingFlask"},{"floor":40,"key":"Counterbalance"},{"floor":44,"key":"Anchor"},{"floor":48,"key":"reliquary:ExpiredCoupon"}],"event_choices":[],"is_beta":false,"boss_relics":[{"not_picked":["Ring of Chaos","Kintsugi"],"picked":"Replay:Ancient Bell"},{"not_picked":["Vajra","ReplayTheSpireMod:Lightbulb"],"picked":"PreservedInsect"},{"not_picked":["The Courier","Replay:Bottled Steam"],"picked":"Gremlin Horn"},{"not_picked":["Lizard Tail","Turnip"],"picked":"Old Coin"},{"not_picked":["bronze:MakeshiftBattery","sneckomod:SneckoTalon"],"picked":"Astrolabe"}],"items_purged_floors":[22,39],"is_endless":false,"potions_floor_spawned":[3,5,8,10,26,27,29,32,33,38,40,43,48],"killed_by":"DF_ARCHETYPE_ORBS","ascension_level":2}}