{"host":"qnxnem68q7ulahas","time":1612956465,"event":{"mods":["100% Spire Juice","ATMod(阿瑾Mod)","Act Like it!","Arknights","BaseMod","Better Vampires","Challenge The Spire","Decade(王小明)","GungeonMod","Highlight Path","Minty Spire (QoL Compilation)","Replay The Spire","Robot Space Explorer","RumiaBox-露米娅的神秘盒子","SOS（斯巴达之子）","Spicy Shops","StSLib","The Animator","[IsaacMod]以撒尖塔","【功能Mod】混沌之环修复补丁","【遗物卡牌】REMEMod"],"gold_per_floor":[161,220,246,421,171,171,190,209,209,209,209,266,65,142,142,241,241,289,139,139,139,153,153,153,153,153,224,321,321,384,237,237,356,356,384,416,455,190,247,311,311,358,429,496,796,796,796,828,828,828,862],"floor_reached":52,"language":"ZHS","playtime":15082,"items_purged":["Doubt","Shoot","Shoot","Defend_Dante","Defend_Dante","Decay","Defend_Dante"],"score":1235,"play_id":"ab14be6a-d20d-4524-a34a-acaab80e0abb","local_time":"20210210192745","is_ascension_mode":false,"campfire_choices":[{"data":"Provocation","floor":6.0,"key":"SMITH"},{"data":"Attack_b","floor":11.0,"key":"SMITH"},{"data":"Gilgamesh","floor":15.0,"key":"SMITH"},{"data":"BeastUppercut","floor":23.0,"key":"SMITH"},{"data":"Dash2","floor":25.0,"key":"SMITH"},{"data":"Swordmaster","floor":29.0,"key":"SMITH"},{"data":"Dash2","floor":32.0,"key":"SMITH"},{"data":"Trickster","floor":41.0,"key":"SMITH"},{"data":"Unrisingdragon","floor":41.0,"key":"SMITH"},{"data":"Shock","floor":49,"key":"SMITH"},{"data":"Demonreform","floor":49,"key":"SMITH"}],"circlet_count":0,"master_deck":["Attack_a","Attack_b+1","Provocation+1","Defend_Dante","Redorb+1","Enemystep+1","BeastUppercut+1","Dash2+1","Gilgamesh+1","Demonreform+1","Unrisingdragon+1","Swordmaster+1","Dash2+1","BeastUppercut+1","Trickster+1","Shock+1"],"relics":["SSS","Combocheck","HushsDoor","REME_ComplimentaryCards","AT_ATBox","GuppysTail","REME_HandOfSuture","Bottled Flame","HandDrill","Onion Ring","MagicMushroom","DemoMod:GlassGuonStoneRelic","Prayer Wheel","Quantum Egg","SteamSale","ChampionBelt","PunchingBag","Mango","Happy Flower","REME_PuzzleBoxRelic","SSSystem","SatanicBible","Replay:Arrowhead","DoctorsRemote","DemoMod:PoisonVial","Replay:Ringing Soul"],"acts_visited":["Exordium","TheCity","TheBeyond"],"potions_floor_usage":[],"damage_taken":[{"damage":0.0,"enemies":"Jaw Worm","floor":1.0,"turns":4.0},{"damage":0.0,"enemies":"ats:Genji","floor":2.0,"turns":5.0},{"damage":6.0,"enemies":"Small Slimes","floor":3.0,"turns":4.0},{"damage":0.0,"enemies":"Blue Slaver","floor":7.0,"turns":3.0},{"damage":0.0,"enemies":"Red Slaver","floor":8.0,"turns":2.0},{"damage":0.0,"enemies":"Exordium Wildlife","floor":12.0,"turns":4.0},{"damage":12.0,"enemies":"Slime Boss","floor":16.0,"turns":6.0},{"damage":0.0,"enemies":"3 Byrds","floor":18.0,"turns":2.0},{"damage":2.0,"enemies":"Shell Parasite","floor":22.0,"turns":5.0},{"damage":0.0,"enemies":"REME_1_Revenger","floor":27.0,"turns":2.0},{"damage":0.0,"enemies":"Chosen and Byrds","floor":28.0,"turns":4.0},{"damage":0.0,"enemies":"Snake Plant","floor":30.0,"turns":1.0},{"damage":0.0,"enemies":"Champ","floor":33.0,"turns":3.0},{"damage":0.0,"enemies":"R_Hoarder","floor":35.0,"turns":3.0},{"damage":0.0,"enemies":"Mind Bloom Boss Battle","floor":36.0,"turns":1.0},{"damage":0.0,"enemies":"Nemesis","floor":37.0,"turns":3.0},{"damage":0.0,"enemies":"R_Hoarder","floor":39.0,"turns":2.0},{"damage":0.0,"enemies":"Giant Head","floor":40.0,"turns":2.0},{"damage":0.0,"enemies":"Reptomancer","floor":42.0,"turns":1.0},{"damage":0,"enemies":"R_Hoarder","floor":44,"turns":2},{"damage":0,"enemies":"Nemesis","floor":48,"turns":1},{"damage":0,"enemies":"Time Eater","floor":50,"turns":1},{"damage":0,"enemies":"Replay:Hell Engine","floor":51,"turns":2}],"seed_played":"-3865206059748688836","potions_obtained":[{"floor":2.0,"key":"EssenceOfSteel"},{"floor":3.0,"key":"Ancient Potion"},{"floor":7.0,"key":"FairyPotion"},{"floor":35.0,"key":"Ancient Potion"}],"is_trial":false,"path_per_floor":["M","M","M","?","$","R","M","M","T","?","R","M","$","T","R","B",null,"M","$","?","$","M","R","?","R","T","E","M","R","M","$","R","B",null,"M","?","M","$","M","E","R","E","T","M","?","?","?","E","R","B","B",null],"character_chosen":"DANTE","items_purchased":["REME_HandOfSuture","HandDrill","SteamSale","REME_PuzzleBoxRelic","SSSystem"],"campfire_rested":0,"item_purchase_floors":[5,13,31,38,38],"current_hp_per_floor":[80,80,74,74,74,74,74,74,74,58,58,58,58,58,58,46,87,87,87,87,87,85,85,85,85,85,86,87,87,87,87,87,87,82,82,96,96,96,96,96,96,96,96,96,96,96,96,99,99,99,99],"gold":862,"neow_bonus":"ONE_RANDOM_RARE_CARD","is_daily":false,"chose_seed":false,"campfire_upgraded":11,"win_rate":0.0,"timestamp":1612956465,"path_taken":["M","M","M","?","$","R","M","M","T","?","R","?","$","?","R","BOSS","M","$","?","$","M","R","?","R","T","E","?","R","M","?","R","BOSS","M","?","M","$","M","E","R","E","T","M","?","?","?","E","R","BOSS","BOSS"],"items_purchased_type":["Relic","Relic","Relic","Relic","Relic"],"build_version":"2020-12-22","purchased_purges":7,"victory":true,"max_hp_per_floor":[80,80,80,80,80,80,80,80,80,80,80,80,80,80,80,80,87,87,87,87,87,87,87,87,87,87,87,87,87,87,87,87,87,82,82,96,96,96,96,96,96,96,96,96,96,96,96,99,99,99,99],"card_choices":[{"not_picked":["Doubleshoot","Hightime","Airhike"],"picked":"SKIP","floor":1.0},{"not_picked":["Kick13","Doubleshoot"],"picked":"BeastUppercut","floor":2.0},{"not_picked":["Unrisingdragon","Dash1","LucifercomboC"],"picked":"SKIP","floor":3.0},{"not_picked":["Gunstinger","Goldorb"],"picked":"Dash2","floor":7.0},{"not_picked":["Whiteorb","Chargeshoot","LucifercomboC"],"picked":"SKIP","floor":8.0},{"not_picked":["Fullhouse","Bomb"],"picked":"Gilgamesh","floor":12.0},{"not_picked":["Weaponreturn","Stylechange"],"picked":"Demonreform","floor":16.0},{"not_picked":["Rebellion+1","Kick13","Lucifer"],"picked":"SKIP","floor":18.0},{"not_picked":["Doubleshoot","Weaponupgrade"],"picked":"Swordmaster","floor":22.0},{"not_picked":["VitalstarM+1","Gunstinger","Weaponreturn"],"picked":"SKIP","floor":27.0},{"not_picked":["VitalstarS+1","Chargeshoot2"],"picked":"Dash2","floor":28.0},{"not_picked":["Lucifer+1","GilgameshcomboA","LucifercomboB+1"],"picked":"SKIP","floor":28.0},{"not_picked":["Rebellion","VitalstarS+1"],"picked":"BeastUppercut+1","floor":30.0},{"not_picked":["Unrisingdragon+1","EbonyIvory","BeastUppercut"],"picked":"SKIP","floor":30.0},{"not_picked":["Goldorb","Purpleorb"],"picked":"Trickster","floor":33.0},{"not_picked":["DevilstarS","Pandora+1","Ecstasy"],"picked":"SKIP","floor":35.0},{"not_picked":["Holywater","CoyoteA","Dash2"],"picked":"SKIP","floor":37.0},{"not_picked":["Kick13","Holywater","Hightime"],"picked":"SKIP","floor":39.0},{"not_picked":["SSScard+1","Airhike","CoyoteA"],"picked":"SKIP","floor":40.0},{"not_picked":["Swordmaster","EbonyIvory+1","VitalstarM"],"picked":"SKIP","floor":42.0},{"not_picked":["Gilgamesh","Weaponupgrade","Hightime"],"picked":"SKIP","floor":44},{"not_picked":["Whiteorb","Chargeshoot2"],"picked":"Shock","floor":48}],"player_experience":454209,"relics_obtained":[{"floor":9.0,"key":"Bottled Flame"},{"floor":14.0,"key":"Onion Ring"},{"floor":26.0,"key":"Prayer Wheel"},{"floor":27.0,"key":"Quantum Egg"},{"floor":35.0,"key":"PunchingBag"},{"floor":36.0,"key":"Mango"},{"floor":37.0,"key":"Happy Flower"},{"floor":39.0,"key":"SatanicBible"},{"floor":40.0,"key":"Replay:Arrowhead"},{"floor":42.0,"key":"DoctorsRemote"},{"floor":44,"key":"DemoMod:PoisonVial"},{"floor":48,"key":"Replay:Ringing Soul"}],"event_choices":[{"damage_healed":0.0,"max_hp_gain":0.0,"max_hp_loss":0.0,"gold_gain":175.0,"event_name":"Liars Game","player_choice":"AGREE","floor":4.0,"gold_loss":0.0,"damage_taken":0.0,"cards_obtained":["Doubt"]},{"damage_healed":0.0,"max_hp_gain":0.0,"max_hp_loss":0.0,"gold_gain":0.0,"event_name":"Shining Light","player_choice":"Entered Light","floor":10.0,"gold_loss":0.0,"damage_taken":16.0,"cards_upgraded":["Redorb","Enemystep"]},{"damage_healed":0.0,"max_hp_gain":0.0,"max_hp_loss":0.0,"gold_gain":0.0,"event_name":"Ghosts","player_choice":"Ignored","floor":24.0,"gold_loss":0.0,"damage_taken":0.0},{"damage_healed":0.0,"max_hp_gain":0.0,"max_hp_loss":0.0,"gold_gain":0.0,"event_name":"MindBloom","player_choice":"Fight","floor":36.0,"gold_loss":0.0,"damage_taken":0.0},{"damage_healed":0,"gold_gain":0,"player_choice":"Memory 1","damage_taken":0,"max_hp_gain":0,"max_hp_loss":0,"event_name":"SensoryStone","floor":46,"gold_loss":0},{"cards_removed":["Attack_a"],"damage_healed":0,"gold_gain":0,"player_choice":"Removed Attack","damage_taken":0,"max_hp_gain":0,"max_hp_loss":0,"event_name":"Falling","floor":47,"gold_loss":0}],"is_beta":false,"boss_relics":[{"not_picked":["Runic Dome","Black Star"],"picked":"MagicMushroom"},{"not_picked":[]},{"not_picked":["Calling Bell","Ring of Chaos"],"picked":"ChampionBelt"},{"not_picked":[]}],"items_purged_floors":[5,5,13,19,31,34,38],"is_endless":false,"potions_floor_spawned":[2,3,7,8,18,28,35,39,44,48],"ascension_level":20}}