{"host":"iwx63wjdqe91ab4t","time":1612935392,"event":{"mods":["AchievementEnabler","Act Like it!","Aspiration","BaseMod","BetterRewards","Downfall","Friendly Minions","Hermit","Hubris","Infinite Spire","Jorbs\u0027s Wanderer Trilogy","Marisa????????","Mimic Mod","Minty Spire (QoL Compilation)","Quick Restart","Reliquary","Replay The Spire","StSLib","The Bug Knight","The Construct","The Cursed","The Disciple","The Hierophant","The Jungle","The Necromancer","The Runesmith","The Servant 0.9.4"],"gold_per_floor":[151,151,10,10,10,42,65,80,30,41,32,63,63,116,133,237,237,237,237,237,237],"floor_reached":19,"language":"ENG","playtime":1755,"items_purged":["Looming Evil"],"score":171,"play_id":"36d369d7-61e2-4189-b3f0-447b76b94c3c","local_time":"20210209233632","is_ascension_mode":false,"campfire_choices":[{"data":"champ:GladiatorForm","floor":13,"key":"SMITH"},{"floor":18,"key":"DIG"}],"circlet_count":0,"master_deck":["champ:Strike","champ:Strike","champ:Defend","champ:Defend","champ:Defend","champ:Execute","champ:Taunt","champ:StanceDance","champ:DeathBlow","champ:DefensiveShout+1","champ:PreciseThrust","champ:Backstep","champ:Shatter","champ:BringItOn","champ:BladeFlurry","champ:StanceDance","champ:SetATrap","champ:GladiatorForm+1","champ:FlashCut","champ:FancyFootwork","champ:StanceDance","champ:Devastate","Parasite","champ:ShieldSlam","champ:SetATrap","champ:Circumvent","champ:ShieldWall","champ:CheapShot"],"relics":["champ:ChampionCrown","downfall:HeartsMalice","Pet Ghost","infinitespire:Beetle Shell","ReplayTheSpireMod:CursedCoin","aspiration:AnachronicSnailShell","Boot","aspiration:SecretTechniqueScroll","Toy Ornithopter"],"acts_visited":["Exordium","TheCity"],"potions_floor_usage":[9,10,16,16,16],"damage_taken":[{"damage":0,"enemies":"Small Slimes","floor":2,"turns":1},{"damage":0,"enemies":"downfall:FleeingMerchant","floor":3,"turns":1},{"damage":0,"enemies":"Cultist","floor":5,"turns":1},{"damage":19,"enemies":"HollowMod:MossKnight","floor":6,"turns":10},{"damage":29,"enemies":"infinitespire:Voidling","floor":8,"turns":4},{"damage":5,"enemies":"downfall:FleeingMerchant","floor":9,"turns":4},{"damage":10,"enemies":"Lots of Slimes","floor":10,"turns":2},{"damage":25,"enemies":"downfall:FleeingMerchant","floor":11,"turns":4},{"damage":16,"enemies":"Replay:BlueRogue","floor":12,"turns":4},{"damage":13,"enemies":"Large Slime","floor":15,"turns":5},{"damage":34,"enemies":"WA_ARCHETYPE_RETAIN","floor":16,"turns":6},{"damage":0,"enemies":"3 Byrds","floor":19,"turns":1}],"seed_played":"2356306041822895676","potions_obtained":[{"floor":6,"key":"Swift Potion"},{"floor":8,"key":"champ:OpenerPotion"},{"floor":14,"key":"Swift Potion"},{"floor":14,"key":"CultistPotion"},{"floor":15,"key":"ColorlessPotion"},{"floor":16,"key":"LifebloodPotion"}],"is_trial":false,"path_per_floor":["R","M","$","?","M","E","T","M","$","M","$","E","R","?","M","B",null,"R","M"],"character_chosen":"THE_CHAMP","items_purchased":["champ:DefensiveShout+1","champ:PreciseThrust","champ:Backstep","champ:FancyFootwork","ReplayTheSpireMod:CursedCoin","champ:ShieldSlam"],"campfire_rested":0,"item_purchase_floors":[3,3,3,9,11,11],"current_hp_per_floor":[90,90,90,90,90,81,81,66,66,66,51,45,45,45,42,18,90,90,90,90,90],"gold":237,"neow_bonus":"THREE_ENEMY_KILL","is_daily":false,"chose_seed":false,"campfire_upgraded":1,"win_rate":0.0,"timestamp":1612935392,"path_taken":["R","M","$","?","?","E","T","?","$","?","?","E","R","?","M","BOSS","R","M"],"items_purchased_type":["Card","Card","Card","Card","Relic","Card"],"build_version":"2020-12-22","purchased_purges":1,"victory":false,"max_hp_per_floor":[90,90,90,90,90,90,90,90,90,90,90,90,90,90,90,90,90,90,90,90,90],"card_choices":[{"not_picked":["champ:FanOfKnives","champ:EnGarde"],"picked":"champ:StanceDance","floor":2},{"not_picked":["champ:BringItOn","champ:BladeFlurry"],"picked":"champ:DeathBlow","floor":3},{"not_picked":["champ:Encircle","champ:Haymaker"],"picked":"champ:StanceDance","floor":5},{"not_picked":["champ:RisingSlash","champ:AdrenalArmor"],"picked":"champ:SetATrap","floor":6},{"not_picked":["champ:Backstep","champ:GutPunch"],"picked":"champ:GladiatorForm","floor":8},{"not_picked":["champ:Endure","champ:CrownThrow"],"picked":"champ:FlashCut","floor":9},{"not_picked":["champ:Circumvent","champ:CrookedStrike"],"picked":"champ:StanceDance","floor":10},{"not_picked":["champ:AdrenalArmor","champ:PreciseThrust"],"picked":"champ:Devastate","floor":11},{"not_picked":["champ:IronFortress","champ:StanceDance"],"picked":"champ:SetATrap","floor":12},{"not_picked":["champ:Haymaker","champ:EnragedBash"],"picked":"champ:Circumvent","floor":14},{"not_picked":["champ:BringItOn","champ:AdrenalArmor"],"picked":"champ:ShieldWall","floor":15},{"not_picked":["champ:IgnorePain","champ:MurderStrike"],"picked":"champ:CheapShot","floor":16}],"player_experience":284623,"relics_obtained":[{"floor":6,"key":"Pet Ghost"},{"floor":7,"key":"infinitespire:Beetle Shell"},{"floor":12,"key":"aspiration:AnachronicSnailShell"},{"floor":14,"key":"Boot"},{"floor":18,"key":"Toy Ornithopter"}],"event_choices":[],"is_beta":false,"boss_relics":[{"not_picked":["Replay:Bronze Core","Cursed Key"],"picked":"aspiration:SecretTechniqueScroll"}],"items_purged_floors":[11],"is_endless":false,"potions_floor_spawned":[6,8,15,16],"killed_by":"3 Byrds","ascension_level":0}}