{"host":"8eqe2o2g03nh9rfw","time":1612983117,"event":{"mods":["AchievementEnabler","AlwaysNeverKeys","BaseMod","Better Third Choice","Block Reminder","Colored Map","Colored Powertips","GifTheSpireLib","Minty Spire (QoL Compilation)","Permanent Neow","Quick Restart","StSLib","Weighted Paths"],"gold_per_floor":[114,127,402,422,422,422,438,470,523,537,537,570,570,84,84,182,182,201,201,201,219,219,254,265,298,347,347,364,389,326,338,350,362,362],"floor_reached":33,"language":"ENG","playtime":1121,"items_purged":["Regret"],"score":313,"play_id":"146efd64-5da5-4b53-a589-cab56ca663b4","local_time":"20210210135157","is_ascension_mode":false,"campfire_choices":[{"floor":6,"key":"REST"},{"floor":11,"key":"REST"},{"floor":13,"key":"REST"},{"floor":15,"key":"REST"},{"floor":27,"key":"REST"},{"data":"Machine Learning","floor":32,"key":"SMITH"}],"circlet_count":0,"master_deck":["Strike_P+1","Strike_P+1","Strike_P+1","Strike_P+1","Defend_P+1","Defend_P+1","Defend_P+1","Defend_P+1","Eruption+1","Vigilance+1","Consecrate","FlurryOfBlows","LessonLearned","Machine Learning+1","EmptyFist","Conclude","EmptyBody","SandsOfTime","Violence+1","BowlingBash","Halt","DeusExMachina","CurseOfTheBell","Conclude+1","FearNoEvil+1","Halt+1","Sanctity","Prostrate+1","Evaluate+1"],"relics":["PureWater","Boot","Centennial Puzzle","Toy Ornithopter","Orichalcum","Pen Nib","Calling Bell","Dream Catcher","Letter Opener","Du-Vu Doll","War Paint","Strawberry","PreservedInsect","MawBank"],"acts_visited":["Exordium","TheCity"],"potions_floor_usage":[8,16,16,25,25,25,33,33],"damage_taken":[{"damage":0,"enemies":"Jaw Worm","floor":1,"turns":1},{"damage":0,"enemies":"Cultist","floor":2,"turns":3},{"damage":7,"enemies":"2 Louse","floor":4,"turns":3},{"damage":9,"enemies":"2 Fungi Beasts","floor":7,"turns":2},{"damage":18,"enemies":"Gremlin Nob","floor":8,"turns":4},{"damage":3,"enemies":"Exordium Thugs","floor":10,"turns":3},{"damage":28,"enemies":"Lagavulin","floor":12,"turns":7},{"damage":32,"enemies":"The Guardian","floor":16,"turns":7},{"damage":0,"enemies":"Spheric Guardian","floor":18,"turns":3},{"damage":8,"enemies":"Shell Parasite","floor":21,"turns":2},{"damage":9,"enemies":"Book of Stabbing","floor":23,"turns":3},{"damage":18,"enemies":"Snake Plant","floor":24,"turns":2},{"damage":15,"enemies":"Slavers","floor":25,"turns":3},{"damage":0,"enemies":"Chosen and Byrds","floor":28,"turns":2},{"damage":4,"enemies":"Book of Stabbing","floor":29,"turns":2},{"damage":106,"enemies":"Champ","floor":33,"turns":9}],"seed_played":"-2299711101640792622","potions_obtained":[{"floor":4,"key":"Fire Potion"},{"floor":8,"key":"Dexterity Potion"},{"floor":10,"key":"Weak Potion"},{"floor":16,"key":"LiquidBronze"},{"floor":18,"key":"StancePotion"},{"floor":23,"key":"EssenceOfSteel"},{"floor":25,"key":"Strength Potion"},{"floor":29,"key":"Explosive Potion"}],"is_trial":false,"path_per_floor":["M","M","?","M","?","R","M","E","T","M","R","E","R","$","R","B",null,"M","?","?","M","?","E","M","E","T","R","M","E","?","?","R","B"],"character_chosen":"WATCHER","items_purchased":["Pen Nib","Violence","BowlingBash","Halt"],"campfire_rested":5,"item_purchase_floors":[14,14,14,14],"current_hp_per_floor":[72,72,72,65,49,70,61,43,43,40,61,33,54,54,72,41,72,72,72,59,51,76,67,49,56,56,81,81,77,77,77,77,0,0],"gold":362,"neow_bonus":"UPGRADE_CARD","is_daily":false,"chose_seed":false,"campfire_upgraded":1,"win_rate":0.0,"timestamp":1612983117,"path_taken":["M","M","?","?","?","R","M","E","T","M","R","E","R","$","R","BOSS","M","?","?","?","?","E","M","E","T","R","M","E","?","?","R","BOSS"],"items_purchased_type":["Relic","Card","Card","Card"],"build_version":"2020-12-22","purchased_purges":1,"victory":false,"max_hp_per_floor":[72,72,72,72,72,72,72,72,72,72,72,72,72,72,72,72,72,72,72,77,77,77,77,77,84,84,84,84,84,84,84,84,84,84],"card_choices":[{"not_picked":["Perseverance","Indignation"],"picked":"Consecrate","floor":1},{"not_picked":["Collect","Crescendo"],"picked":"FlurryOfBlows","floor":2},{"not_picked":["ThirdEye","CrushJoints"],"picked":"LessonLearned","floor":4},{"not_picked":["WheelKick","SandsOfTime"],"picked":"EmptyFist","floor":7},{"not_picked":["Perseverance","InnerPeace"],"picked":"Conclude","floor":8},{"not_picked":["FlyingSleeves","ClearTheMind"],"picked":"EmptyBody","floor":10},{"not_picked":["EmptyBody","Indignation"],"picked":"SandsOfTime","floor":12},{"not_picked":["LessonLearned","Omniscience"],"picked":"DeusExMachina","floor":16},{"not_picked":["Collect","CrushJoints"],"picked":"Conclude+1","floor":18},{"not_picked":["ThirdEye","Protect+1"],"picked":"SignatureMove","floor":21},{"not_picked":["Perseverance+1","BattleHymn"],"picked":"FearNoEvil+1","floor":23},{"not_picked":["EmptyBody","Evaluate+1","Weave+1"],"picked":"SKIP","floor":24},{"not_picked":["Fasting2","BattleHymn+1"],"picked":"Halt+1","floor":25},{"not_picked":["CarveReality","Study"],"picked":"Sanctity","floor":27},{"not_picked":["ThirdEye","SignatureMove"],"picked":"Prostrate+1","floor":28},{"not_picked":["Wallop","TalkToTheHand"],"picked":"Evaluate+1","floor":29}],"player_experience":92952,"relics_obtained":[{"floor":8,"key":"Centennial Puzzle"},{"floor":9,"key":"Toy Ornithopter"},{"floor":12,"key":"Orichalcum"},{"floor":17,"key":"Dream Catcher"},{"floor":17,"key":"Letter Opener"},{"floor":17,"key":"Du-Vu Doll"},{"floor":23,"key":"War Paint"},{"floor":25,"key":"Strawberry"},{"floor":26,"key":"PreservedInsect"},{"floor":29,"key":"MawBank"}],"event_choices":[{"damage_healed":0,"gold_gain":275,"player_choice":"Desecrate","damage_taken":0,"max_hp_gain":0,"max_hp_loss":0,"event_name":"Golden Shrine","floor":3,"gold_loss":0,"cards_obtained":["Regret"]},{"damage_healed":0,"gold_gain":0,"player_choice":"Simplicity","damage_taken":0,"max_hp_gain":0,"max_hp_loss":8,"event_name":"betterThird:BetterWriting","floor":19,"gold_loss":0},{"damage_healed":0,"gold_gain":0,"player_choice":"Shed Blood","damage_taken":18,"max_hp_gain":5,"max_hp_loss":0,"event_name":"Forgotten Altar","floor":20,"gold_loss":0},{"damage_healed":25,"gold_gain":0,"player_choice":"Heal","damage_taken":0,"max_hp_gain":0,"max_hp_loss":0,"event_name":"The Library","floor":22,"gold_loss":0},{"cards_removed":["SignatureMove"],"damage_healed":0,"gold_gain":0,"player_choice":"Gave Gold","damage_taken":0,"max_hp_gain":0,"max_hp_loss":0,"event_name":"Beggar","floor":30,"gold_loss":75},{"damage_healed":0,"gold_gain":0,"player_choice":"Ignored","damage_taken":0,"max_hp_gain":0,"max_hp_loss":0,"event_name":"Ghosts","floor":31,"gold_loss":0}],"is_beta":false,"boss_relics":[{"not_picked":["Runic Dome","Cursed Key"],"picked":"Calling Bell"}],"items_purged_floors":[14],"is_endless":false,"potions_floor_spawned":[4,8,10,16,18,23,25,29],"killed_by":"Champ","ascension_level":0}}