{"host":"n4fty02wqqi95laq","time":1612939201,"event":{"mods":["BaseMod","Highlight Path","Minty Spire (QoL Compilation)","Quick Restart","Rare Cards Sparkle","StSLib"],"gold_per_floor":[113,125,125,139,159,159,186,67,67,67,67,87,87,87,87,165,165,179,16,36,53,65,95,95,125,125,125,141,41,41,41,41,112,112,128,181,199,212,212,243,79,106,106,28,28,0,0,17,17,17,17,17,17,17,42,42],"floor_reached":57,"language":"ZHS","playtime":3693,"items_purged":["Strike_G","Defend_G"],"score":2896,"play_id":"585d84c8-5faf-4952-8255-3b544a9a7c6b","local_time":"20210210144001","is_ascension_mode":true,"campfire_choices":[{"data":"Blade Dance","floor":6.0,"key":"SMITH"},{"data":"Accuracy","floor":10.0,"key":"SMITH"},{"data":"Neutralize","floor":13.0,"key":"SMITH"},{"data":"Acrobatics","floor":15.0,"key":"SMITH"},{"data":"Night Terror","floor":27.0,"key":"SMITH"},{"data":"Burst","floor":30.0,"key":"SMITH"},{"data":"Adrenaline","floor":32.0,"key":"SMITH"},{"floor":49.0,"key":"RECALL"},{"data":"Calculated Gamble","floor":53.0,"key":"SMITH"}],"circlet_count":0,"master_deck":["AscendersBane","Defend_G","Defend_G","Defend_G","Defend_G","Survivor","Neutralize+1","Terror","Blade Dance+1","Acrobatics+1","Accuracy+1","Burst+1","Adrenaline+1","Envenom+1","After Image+1","Endless Agony+1","Backflip","Night Terror+1","Well Laid Plans+1","Prepared+1","Cloak And Dagger+1","Footwork","Madness","Madness","Calculated Gamble+1","Expertise+1"],"relics":["Ring of the Snake","FossilizedHelix","Letter Opener","Shuriken","Astrolabe","OrangePellets","MutagenicStrength","Omamori","Coffee Dripper","StoneCalendar","Bottled Lightning","Potion Belt","Regal Pillow","Lizard Tail","Red Mask","Frozen Egg 2","Tough Bandages"],"acts_visited":["Exordium","TheCity","TheBeyond","TheEnding"],"potions_floor_usage":[56,56],"damage_taken":[{"damage":0.0,"enemies":"Jaw Worm","floor":1.0,"turns":6.0},{"damage":0.0,"enemies":"Small Slimes","floor":2.0,"turns":5.0},{"damage":0.0,"enemies":"Cultist","floor":4.0,"turns":4.0},{"damage":1.0,"enemies":"2 Fungi Beasts","floor":5.0,"turns":3.0},{"damage":42.0,"enemies":"3 Sentries","floor":7.0,"turns":12.0},{"damage":2.0,"enemies":"3 Louse","floor":12.0,"turns":3.0},{"damage":12.0,"enemies":"The Guardian","floor":16.0,"turns":6.0},{"damage":0.0,"enemies":"Chosen","floor":18.0,"turns":4.0},{"damage":0.0,"enemies":"Shell Parasite","floor":20.0,"turns":2.0},{"damage":0.0,"enemies":"Snecko","floor":21.0,"turns":3.0},{"damage":4.0,"enemies":"Sentry and Sphere","floor":22.0,"turns":5.0},{"damage":0.0,"enemies":"Gremlin Leader","floor":23.0,"turns":5.0},{"damage":7.0,"enemies":"Slavers","floor":25.0,"turns":5.0},{"damage":17.0,"enemies":"Snake Plant","floor":28.0,"turns":4.0},{"damage":0.0,"enemies":"Automaton","floor":33.0,"turns":4.0},{"damage":0.0,"enemies":"Orb Walker","floor":35.0,"turns":1.0},{"damage":0.0,"enemies":"2 Orb Walkers","floor":36.0,"turns":3.0},{"damage":0.0,"enemies":"3 Darklings","floor":37.0,"turns":2.0},{"damage":0.0,"enemies":"Jaw Worm Horde","floor":38.0,"turns":2.0},{"damage":0.0,"enemies":"Giant Head","floor":40.0,"turns":4.0},{"damage":0.0,"enemies":"Reptomancer","floor":42.0,"turns":2.0},{"damage":0.0,"enemies":"Writhing Mass","floor":48.0,"turns":2.0},{"damage":12.0,"enemies":"Donu and Deca","floor":50.0,"turns":7.0},{"damage":6.0,"enemies":"Awakened One","floor":51.0,"turns":10.0},{"damage":9.0,"enemies":"Shield and Spear","floor":55.0,"turns":2.0},{"damage":18,"enemies":"The Heart","floor":56,"turns":7}],"seed_played":"-7984974476183287891","potions_obtained":[{"floor":1.0,"key":"GamblersBrew"},{"floor":5.0,"key":"Regen Potion"},{"floor":16.0,"key":"Swift Potion"},{"floor":20.0,"key":"Weak Potion"},{"floor":28.0,"key":"Regen Potion"},{"floor":37.0,"key":"PowerPotion"},{"floor":42.0,"key":"Fire Potion"},{"floor":48.0,"key":"SkillPotion"}],"is_trial":false,"path_per_floor":["M","M","?","M","M","R","E","$","T","R","?","M","R","?","R","B",null,"M","$","M","M","M","E","?","E","T","R","M","$","R","?","R","B",null,"M","?","M","M","?","E","$","E","T","$","?","?","T","M","R","B","B",null,"R","$","E","B",null],"character_chosen":"THE_SILENT","items_purchased":["Accuracy","OrangePellets","Potion Belt","Footwork"],"campfire_rested":0,"item_purchase_floors":[8,19,41,44],"current_hp_per_floor":[59,59,52,52,51,51,24,24,24,24,24,22,22,27,27,15,53,53,53,53,53,49,49,49,42,42,42,25,25,25,25,25,25,55,55,55,55,55,55,55,55,55,55,55,43,43,43,43,43,31,25,55,55,55,46,43],"gold":42,"neow_bonus":"ONE_RARE_RELIC","is_daily":false,"chose_seed":false,"campfire_upgraded":8,"win_rate":0.0,"timestamp":1612939201,"path_taken":["M","M","?","M","M","R","E","$","T","R","?","?","R","?","R","BOSS","M","$","M","M","M","E","?","E","T","R","M","$","R","?","R","BOSS","M","?","M","M","?","E","$","E","T","?","?","?","?","?","R","BOSS","BOSS","R","$","E","BOSS"],"items_purchased_type":["Card","Relic","Relic","Card"],"build_version":"2020-12-22","purchased_purges":2,"victory":true,"max_hp_per_floor":[60,60,60,60,60,60,60,60,60,60,60,60,60,65,65,65,65,65,65,65,65,65,65,65,65,65,65,65,65,65,65,65,65,65,65,65,65,65,65,65,65,65,65,65,65,65,65,65,65,65,65,65,65,65,65,65],"card_choices":[{"not_picked":["Escape Plan","Predator"],"picked":"Terror","floor":1.0},{"not_picked":["Blur","Heel Hook"],"picked":"Blade Dance","floor":2.0},{"not_picked":["Quick Slash","Catalyst","Bane"],"picked":"SKIP","floor":4.0},{"not_picked":["Backflip","Grand Finale"],"picked":"Acrobatics","floor":5.0},{"not_picked":["Quick Slash","Dagger Spray"],"picked":"Endless Agony","floor":7.0},{"not_picked":["Sucker Punch","Acrobatics","Quick Slash"],"picked":"SKIP","floor":12.0},{"not_picked":["Glass Knife","Burst"],"picked":"Adrenaline","floor":16.0},{"not_picked":["Dodge and Roll","Sucker Punch","Dagger Spray"],"picked":"SKIP","floor":18.0},{"not_picked":["Slice","Dagger Throw"],"picked":"Backflip","floor":20.0},{"not_picked":["Backstab","Deadly Poison"],"picked":"Night Terror","floor":21.0},{"not_picked":["Setup","Crippling Poison","Outmaneuver"],"picked":"SKIP","floor":22.0},{"not_picked":["Catalyst","Dagger Spray","Flying Knee"],"picked":"SKIP","floor":23.0},{"not_picked":["Bane","Setup","PiercingWail"],"picked":"SKIP","floor":25.0},{"not_picked":["Crippling Poison","Bane","Endless Agony"],"picked":"SKIP","floor":28.0},{"not_picked":["Bouncing Flask","Acrobatics"],"picked":"Well Laid Plans+1","floor":35.0},{"not_picked":["Poisoned Stab+1","Flying Knee"],"picked":"Prepared+1","floor":36.0},{"not_picked":["Underhanded Strike","Deadly Poison","Well Laid Plans"],"picked":"SKIP","floor":37.0},{"not_picked":["Leg Sweep+1","PiercingWail+1","Choke"],"picked":"SKIP","floor":38.0},{"not_picked":["Leg Sweep+1","PiercingWail+1","Choke"],"picked":"SKIP","floor":38.0},{"not_picked":["Choke","Expertise"],"picked":"Cloak And Dagger+1","floor":40.0},{"not_picked":["Deflect","Choke","Acrobatics"],"picked":"SKIP","floor":42.0},{"not_picked":["Flechettes+1","Deflect"],"picked":"Calculated Gamble","floor":48.0},{"not_picked":["Poisoned Stab+1","Flying Knee+1"],"picked":"Expertise+1","floor":55.0}],"player_experience":727044,"relics_obtained":[{"floor":7.0,"key":"Letter Opener"},{"floor":9.0,"key":"Shuriken"},{"floor":25.0,"key":"Omamori"},{"floor":36.0,"key":"StoneCalendar"},{"floor":40.0,"key":"Bottled Lightning"},{"floor":42.0,"key":"Regal Pillow"},{"floor":43.0,"key":"Lizard Tail"},{"floor":47.0,"key":"Frozen Egg 2"},{"floor":55.0,"key":"Tough Bandages"}],"event_choices":[{"cards_removed":["Strike_G"],"damage_healed":0.0,"max_hp_gain":0.0,"max_hp_loss":0.0,"gold_gain":0.0,"event_name":"Golden Wing","player_choice":"Card Removal","floor":3.0,"gold_loss":0.0,"damage_taken":7.0},{"damage_healed":0.0,"max_hp_gain":0.0,"max_hp_loss":0.0,"gold_gain":0.0,"cards_transformed":["Strike_G"],"event_name":"Transmorgrifier","player_choice":"Transformed","floor":11.0,"gold_loss":0.0,"damage_taken":0.0,"cards_obtained":["Burst"]},{"damage_healed":0.0,"max_hp_gain":5.0,"max_hp_loss":0.0,"gold_gain":0.0,"event_name":"Big Fish","player_choice":"Donut","floor":14.0,"gold_loss":0.0,"damage_taken":0.0},{"damage_healed":0.0,"max_hp_gain":0.0,"max_hp_loss":0.0,"gold_gain":0.0,"event_name":"Drug Dealer","player_choice":"Inject Mutagens","floor":24.0,"gold_loss":0.0,"damage_taken":0.0,"relics_obtained":["MutagenicStrength"]},{"damage_healed":0.0,"max_hp_gain":0.0,"max_hp_loss":0.0,"gold_gain":0.0,"event_name":"Vampires","player_choice":"Ignored","floor":31.0,"gold_loss":0.0,"damage_taken":0.0},{"damage_healed":0.0,"max_hp_gain":0.0,"max_hp_loss":0.0,"gold_gain":0.0,"event_name":"Mysterious Sphere","player_choice":"Fight","floor":36.0,"gold_loss":0.0,"damage_taken":0.0},{"damage_healed":0.0,"max_hp_gain":0.0,"max_hp_loss":0.0,"gold_gain":0.0,"event_name":"SensoryStone","player_choice":"Memory 1","floor":39.0,"gold_loss":0.0,"damage_taken":0.0},{"damage_healed":0.0,"max_hp_gain":0.0,"max_hp_loss":0.0,"gold_gain":0.0,"event_name":"Winding Halls","player_choice":"Embrace Madness","floor":45.0,"gold_loss":0.0,"damage_taken":12.0,"cards_obtained":["Madness","Madness"]},{"damage_healed":0.0,"max_hp_gain":0.0,"max_hp_loss":0.0,"gold_gain":0.0,"event_name":"Tomb of Lord Red Mask","player_choice":"Paid","floor":46.0,"gold_loss":28.0,"damage_taken":0.0,"relics_obtained":["Red Mask"]}],"is_beta":false,"boss_relics":[{"not_picked":["Sozu","Cursed Key"],"picked":"Astrolabe"},{"not_picked":["Velvet Choker","Calling Bell"],"picked":"Coffee Dripper"}],"items_purged_floors":[8,29],"is_endless":false,"potions_floor_spawned":[1,5,16,20,28,37,42,48],"ascension_level":20}}