{"host":"ni5mix2lh3q94rpg","time":1612986738,"event":{"mods":["AchievementEnabler","Act Like it!","BaseMod","Better Altar","Better Note","Better Silent Start","Better Vampires","GifTheSpireLib","Hermit","Marisa????????","Minty Spire (QoL Compilation)","Quick Restart","Remilia??????","Replay The Spire","Spikes Relics","StSLib","The Animator","The Servant 0.9.4","everything is the same but u backflip on backflip","slay the spire mod where everything is the same but ironclad has a cowboy hat"],"gold_per_floor":[118,135,135,153,34,34,49,76,154,166,166,179,179,195,195,274,274,294,314,42,56,56,56,75,75,99,99,99,118,118,118,118],"floor_reached":31,"language":"ENG","playtime":1683,"items_purged":["Pain"],"score":515,"play_id":"ac5f6f49-3f90-47ec-9062-477dc3da1cf4","local_time":"20210210225218","is_ascension_mode":true,"campfire_choices":[{"data":"Accuracy","floor":6.0,"key":"SMITH"},{"data":"Neutralize","floor":11.0,"key":"SMITH"},{"floor":13.0,"key":"REST"},{"floor":15.0,"key":"DIG"},{"data":"Accuracy","floor":23.0,"key":"SMITH"},{"floor":25.0,"key":"REST"},{"floor":27.0,"key":"REST"}],"circlet_count":0,"master_deck":["AscendersBane","Strike_G","Strike_G","Strike_G","Defend_G","Defend_G","Defend_G","Survivor","Neutralize+1","Dagger Spray","Acrobatics","Blade Dance","Accuracy+1","Reflex","Prepared","Dash","ReplayTheSpireMod:From All Sides","ReplayTheSpireMod:Shiv Toss","PiercingWail","Blade Dance","Accuracy+1","Good Instincts","PiercingWail","BarbarianYell","Terror"],"relics":["Ring of the Snake","WarpedTongs","Incense Burner","Bottled Tornado","Replay:Baseball","Lantern","Bloody Idol","Ring of Fangs"],"acts_visited":["Exordium","TheCity"],"potions_floor_usage":[],"damage_taken":[{"damage":3.0,"enemies":"Cultist","floor":1.0,"turns":5.0},{"damage":0.0,"enemies":"Jaw Worm","floor":2.0,"turns":5.0},{"damage":10.0,"enemies":"Small Slimes","floor":4.0,"turns":3.0},{"damage":3.0,"enemies":"Exordium Thugs","floor":7.0,"turns":4.0},{"damage":0.0,"enemies":"Replay:BlueRogue","floor":8.0,"turns":3.0},{"damage":0.0,"enemies":"Looter","floor":10.0,"turns":2.0},{"damage":3.0,"enemies":"Blue Slaver","floor":12.0,"turns":4.0},{"damage":0.0,"enemies":"2 Fungi Beasts","floor":14.0,"turns":2.0},{"damage":8.0,"enemies":"The Guardian","floor":16.0,"turns":11.0},{"damage":2.0,"enemies":"Chosen","floor":18.0,"turns":4.0},{"damage":3.0,"enemies":"2 Thieves","floor":19.0,"turns":4.0},{"damage":9.0,"enemies":"Cultist and Chosen","floor":21.0,"turns":7.0},{"damage":31.0,"enemies":"Chosen and Byrds","floor":24.0,"turns":5.0},{"damage":14.0,"enemies":"Snecko","floor":29.0,"turns":5.0},{"damage":9,"enemies":"Snake Plant","floor":31,"turns":3}],"seed_played":"-6833050583009633622","potions_obtained":[{"floor":2.0,"key":"ColorlessPotion"},{"floor":7.0,"key":"Weak Potion"},{"floor":8.0,"key":"Weak Potion"},{"floor":10.0,"key":"FearPotion"},{"floor":19.0,"key":"GamblersBrew"}],"is_trial":false,"path_per_floor":["M","M","?","M","$","R","M","E","T","M","R","M","R","M","R","B",null,"M","M","$","M","?","R","M","R","T","R","?","M","?","M"],"character_chosen":"THE_SILENT","items_purchased":["Accuracy","Blade Dance","Accuracy","Good Instincts","PiercingWail"],"campfire_rested":3,"item_purchase_floors":[5,20,20,20,20],"current_hp_per_floor":[41,41,41,31,31,31,28,28,28,28,28,25,44,44,44,36,59,57,54,54,45,45,45,14,33,33,52,16,7,7,0,0],"gold":118,"neow_bonus":"REMOVE_TWO","is_daily":false,"chose_seed":false,"campfire_upgraded":3,"win_rate":0.0,"timestamp":1612986738,"path_taken":["M","M","?","M","$","R","M","E","T","M","R","M","R","M","R","BOSS","M","?","$","M","?","R","M","R","T","R","?","M","?","M"],"items_purchased_type":["Card","Card","Card","Card","Card"],"build_version":"2020-12-22","purchased_purges":1,"victory":false,"max_hp_per_floor":[66,66,66,66,66,66,66,66,66,66,66,66,66,66,66,66,66,66,66,66,66,66,66,66,66,66,66,66,66,66,66,66],"card_choices":[{"not_picked":["Slice","Draining Mist"],"picked":"Dagger Spray","floor":1.0},{"not_picked":["Expertise","Dagger Throw"],"picked":"Acrobatics","floor":2.0},{"not_picked":["Underhanded Strike","Dagger Spray"],"picked":"Blade Dance","floor":4.0},{"not_picked":["Deadly Poison","Crippling Poison"],"picked":"Reflex","floor":7.0},{"not_picked":["Draining Mist","All Out Attack"],"picked":"Prepared","floor":8.0},{"not_picked":["Choke","Slice","Acrobatics"],"picked":"SKIP","floor":10.0},{"not_picked":["InfectiousVector","Poisoned Stab","Dagger Spray"],"picked":"SKIP","floor":12.0},{"not_picked":["Bane","Phantasmal Killer"],"picked":"Dash","floor":14.0},{"not_picked":["Storm of Steel","Glass Knife"],"picked":"ReplayTheSpireMod:From All Sides","floor":16.0},{"not_picked":["Slice","Outmaneuver"],"picked":"ReplayTheSpireMod:Shiv Toss","floor":18.0},{"not_picked":["Masterful Stab","Bane"],"picked":"PiercingWail","floor":19.0},{"not_picked":["Acrobatics","Pace","Night Terror"],"picked":"SKIP","floor":21.0},{"not_picked":["Outmaneuver","Poisoned Stab"],"picked":"Terror","floor":24.0},{"not_picked":["Deadly Poison","Catalyst","Acrobatics"],"picked":"SKIP","floor":29.0}],"player_experience":940675,"relics_obtained":[{"floor":8.0,"key":"Incense Burner"},{"floor":9.0,"key":"Bottled Tornado"},{"floor":15.0,"key":"Replay:Baseball"},{"floor":26.0,"key":"Lantern"},{"floor":30.0,"key":"Ring of Fangs"}],"event_choices":[{"damage_healed":0.0,"max_hp_gain":0.0,"max_hp_loss":0.0,"gold_gain":0.0,"event_name":"Accursed Blacksmith","player_choice":"Rummage","floor":3.0,"gold_loss":0.0,"damage_taken":0.0,"relics_obtained":["WarpedTongs"],"cards_obtained":["Pain"]},{"cards_removed":["ReplayTheSpireMod:From All Sides"],"damage_healed":0.0,"max_hp_gain":0.0,"max_hp_loss":0.0,"gold_gain":0.0,"event_name":"betterNote:BetterNote","player_choice":"Take \u0026 Give","floor":22.0,"gold_loss":0.0,"damage_taken":0.0,"cards_obtained":["BarbarianYell"]},{"damage_healed":0.0,"max_hp_gain":52.0,"max_hp_loss":16.0,"gold_gain":0.0,"event_name":"betterAltar:BetterAltar","player_choice":" Idol ","floor":28.0,"potions_obtained":[],"relics_lost":[],"gold_loss":0.0,"damage_taken":36.0,"relics_obtained":["Bloody Idol"]}],"is_beta":false,"boss_relics":[{"not_picked":["Replay:Drink Me","Honey Jar","Fusion Hammer"]}],"items_purged_floors":[5],"is_endless":false,"potions_floor_spawned":[2,7,8,10,18,19],"killed_by":"Snake Plant","ascension_level":19}}