{"host":"dmtlrev5pkc1867p","time":1612966496,"event":{"mods":["A Magickal Journey","BaseMod","Colored Map","Colored Powertips","Downfall","Hermit","Highlight Path","Infinite Spire","Marisa¡]Ãú«B¡@Å]²z¨F¡^","Minty Spire (QoL Compilation)","Permanent Neow","Rare Cards Sparkle","Relic Stats","Replay The Spire","StSLib","SuperFastMode","The Construct","The Cursed","The Disciple","The Hierophant","The Necromancer","The Runesmith","The Servant 0.9.4"],"gold_per_floor":[110,129,144,419,55,81,81,81,115,115,115,115,115,128,128,205,205,219,234,250,250,33,33,33,18,18,18,18,46,46,46,46,119,119,135,151,161,161,8,36,36,36,36,36,36,36,36,62,62,62,62],"floor_reached":50,"language":"ZHS","playtime":2577,"items_purged":[],"score":1465,"play_id":"bbdedcef-5915-45f9-a2a5-c7714257ba52","local_time":"20210210221456","daily_mods":["Colorless Cards","Heirloom","Flight","DeadlyEvents","Elite Swarm"],"is_ascension_mode":true,"campfire_choices":[{"floor":8.0,"key":"REST"},{"floor":10.0,"key":"REST"},{"floor":12.0,"key":"REST"},{"floor":13.0,"key":"REST"},{"data":"Regret","floor":15.0,"key":"PURGE"},{"floor":23.0,"key":"REST"},{"floor":26.0,"key":"REST"},{"floor":28.0,"key":"REST"},{"floor":32.0,"key":"REST"},{"floor":42.0,"key":"REST"},{"floor":45,"key":"REST"},{"floor":47,"key":"RECALL"},{"floor":49,"key":"REST"}],"circlet_count":0,"master_deck":["AscendersBane","Strike_W","Strike_W","Strike_W","Strike_W","Defend_W","Defend_W","Defend_W","Defend_W","Negative_Energy_Arrows","Bone_Wall","Death_March_Dance","Negative_Energy_Burst","Corrupt","TheCursedMod:ManaCirculation","TheCursedMod:SpitefulPlan","TheCursedMod:ShockAndAwe","Summon_Death_Knight","Writhe","Summon_Lich","Cloudkill+1","Sickly","Hallucinations","Clumsy","TheCursedMod:Obscuration+1","TheCursedMod:CursedMace","TheCursedMod:SmokeScreen+1","Shade_Step+1","downfall:Malfunctioning","TheCursedMod:SpitefulPray+1","TheCursedMod:FleshFromBone+1","TheCursedMod:HellsGateOpen","TheCursedMod:LuckyCharm","TheCursedMod:HellfireBreathing","TheCursedMod:BloodBarrier+1","TheCursedMod:ManaCirculation","TheCursedMod:OutForBlood","Writhe","TheCursedMod:CursedRelics","Summon_Undead+1","TheCursedMod:Torture+1","Bones_to_Steel+1","Mayhem","Siphon_Strength","TheCursedMod:CollectTribute","Skeleton_Dragon","infinitespire:Starlight","TheCursedMod:AntiAging"],"relics":["Vampire_Amulet","Peace Pipe","infinitespire:EmpoweringShard","hexamod:Sixitude","Pear","Ring of Peace","Replay:Ancient Bell","bronze:BronzeIdol","The Courier","Runesmith:Locket","ReplayTheSpireMod:CursedCoin","Incense Burner","Shuriken","Pocketwatch","Bag of Preparation","Velvet Choker","Singing Bowl","Divine Protection","Question Card","Du-Vu Doll"],"acts_visited":["Exordium","TheCity","TheBeyond"],"potions_floor_usage":[],"damage_taken":[{"damage":1.0,"enemies":"2 Louse","floor":1.0,"turns":4.0},{"damage":9.0,"enemies":"Cultist","floor":2.0,"turns":5.0},{"damage":4.0,"enemies":"Small Slimes","floor":3.0,"turns":3.0},{"damage":5.0,"enemies":"downfall:FleeingMerchant","floor":5.0,"turns":4.0},{"damage":53.0,"enemies":"3 Sentries","floor":6.0,"turns":10.0},{"damage":14.0,"enemies":"Lagavulin","floor":9.0,"turns":5.0},{"damage":3.0,"enemies":"Exordium Wildlife","floor":14.0,"turns":4.0},{"damage":69.0,"enemies":"WA_ARCHETYPE_RETAIN","floor":16.0,"turns":11.0},{"damage":20.0,"enemies":"3 Byrds","floor":18.0,"turns":3.0},{"damage":0.0,"enemies":"Shell Parasite","floor":19.0,"turns":5.0},{"damage":40.0,"enemies":"Centurion and Healer","floor":20.0,"turns":8.0},{"damage":0.0,"enemies":"downfall:FleeingMerchant","floor":22.0,"turns":4.0},{"damage":0.0,"enemies":"downfall:FleeingMerchant","floor":25.0,"turns":4.0},{"damage":59.0,"enemies":"Book of Stabbing","floor":29.0,"turns":7.0},{"damage":4.0,"enemies":"SI_MIRROR_ARCHETYPE","floor":33.0,"turns":14.0},{"damage":24.0,"enemies":"3 Darklings","floor":35.0,"turns":6.0},{"damage":14.0,"enemies":"Orb Walker","floor":36.0,"turns":4.0},{"damage":32.0,"enemies":"Writhing Mass","floor":37.0,"turns":7.0},{"damage":0.0,"enemies":"downfall:FleeingMerchant","floor":39.0,"turns":4.0},{"damage":22.0,"enemies":"Reptomancer","floor":40.0,"turns":6.0},{"damage":45,"enemies":"Nemesis","floor":48,"turns":9},{"damage":79,"enemies":"IC_BLOCK_ARCHETYPE","floor":50,"turns":4}],"seed_played":"-4825737572987742149","potions_obtained":[{"floor":6.0,"key":"SpeedPotion"},{"floor":16.0,"key":"Adrenaline Potion"},{"floor":18.0,"key":"Swift Potion"},{"floor":20.0,"key":"Swift Potion"},{"floor":33.0,"key":"Dexterity Potion"},{"floor":35.0,"key":"FearPotion"},{"floor":36.0,"key":"Fire Potion"},{"floor":37.0,"key":"AttackPotion"}],"is_trial":true,"path_per_floor":["M","M","M","?","$","E","T","R","E","R","?","R","R","M","R","B",null,"M","M","M","?","$","R","T","$","R","AVR","R","E","?","T","R","B",null,"M","M","M","?","$","E","T","R","?","AVR","R","T","R","E","R","B"],"character_chosen":"NECROMANCER","items_purchased":["infinitespire:EmpoweringShard","TheCursedMod:SpitefulPlan","ReplayTheSpireMod:CursedCoin","TheCursedMod:SpitefulPray+1","TheCursedMod:FleshFromBone+1","TheCursedMod:HellsGateOpen","TheCursedMod:LuckyCharm","TheCursedMod:HellfireBreathing","TheCursedMod:BloodBarrier+1","TheCursedMod:CollectTribute"],"campfire_rested":11,"item_purchase_floors":[5,5,22,22,22,22,22,22,22,39],"current_hp_per_floor":[67,60,60,60,55,8,8,29,27,51,51,75,81,80,80,13,64,50,52,16,16,16,40,40,40,64,64,81,24,24,24,48,68,78,56,50,20,20,20,12,12,36,36,36,60,60,60,27,51,0,0],"gold":62,"neow_bonus":"","is_daily":false,"chose_seed":false,"campfire_upgraded":0,"win_rate":0.0,"timestamp":1612966496,"path_taken":["M","M","M","?","$","E","T","R","?","R","?","R","R","?","R","BOSS","M","M","M","?","$","R","T","$","R","AVR","R","E","?","?","R","BOSS","BOSS","M","M","M","?","$","?","T","R","?","AVR","R","?","R","?","R","BOSS"],"items_purchased_type":["Relic","Card","Relic","Card","Card","Card","Card","Card","Card","Card"],"build_version":"2020-12-22","purchased_purges":0,"victory":false,"max_hp_per_floor":[71,71,71,71,71,71,71,71,81,81,81,81,81,81,81,81,81,81,81,81,81,81,81,81,81,81,81,81,81,81,81,81,81,81,81,81,81,81,81,81,81,81,81,81,81,81,81,81,81,81,81],"relic_stats":{"Peace Pipe":1,"Singing Bowl":0,"counters":[22,131],"Shuriken":[3],"Bag of Preparation":[16],"Question Card":1,"obtain_stats":[{"Divine Protection":41,"Pear":9,"Singing Bowl":40,"ReplayTheSpireMod:CursedCoin":22,"hexamod:Sixitude":6,"Runesmith:Locket":17,"Velvet Choker":34,"The Courier":17,"Replay:Ancient Bell":17,"Incense Burner":24,"Bag of Preparation":30,"Question Card":46,"bronze:BronzeIdol":17,"Peace Pipe":0,"Du-Vu Doll":48,"Shuriken":27,"Ring of Peace":11,"Vampire_Amulet":0,"infinitespire:EmpoweringShard":5,"Toxic Egg 2":7,"Pocketwatch":29},{"Divine Protection":20,"Pear":6,"Singing Bowl":20,"ReplayTheSpireMod:CursedCoin":12,"hexamod:Sixitude":5,"Runesmith:Locket":8,"Velvet Choker":15,"The Courier":8,"Replay:Ancient Bell":8,"Incense Burner":12,"Bag of Preparation":14,"Question Card":20,"bronze:BronzeIdol":8,"Peace Pipe":0,"Du-Vu Doll":21,"Shuriken":13,"Ring of Peace":6,"Vampire_Amulet":0,"infinitespire:EmpoweringShard":4,"Toxic Egg 2":5,"Pocketwatch":14},{"Divine Protection":118,"Pear":31,"Singing Bowl":118,"ReplayTheSpireMod:CursedCoin":66,"hexamod:Sixitude":26,"Runesmith:Locket":46,"Velvet Choker":91,"The Courier":46,"Replay:Ancient Bell":46,"Incense Burner":66,"Bag of Preparation":77,"Question Card":118,"bronze:BronzeIdol":46,"Peace Pipe":0,"Du-Vu Doll":127,"Shuriken":70,"Ring of Peace":31,"Vampire_Amulet":0,"infinitespire:EmpoweringShard":16,"Toxic Egg 2":26,"Pocketwatch":77}],"Pocketwatch":[65]},"card_choices":[{"not_picked":["Bone_Shift","Toxic_Smoke_Screen"],"picked":"Death_March_Dance","floor":1.0},{"not_picked":["Negative_Energy_Sphere","TheCursedMod:Wield"],"picked":"Negative_Energy_Burst","floor":2.0},{"not_picked":["TheCursedMod:SmokeScreen","TheCursedMod:CursedShiv"],"picked":"Corrupt","floor":3.0},{"not_picked":["TheCursedMod:CircleOfAmplification","TheCursedMod:SpitefulStrike"],"picked":"TheCursedMod:ManaCirculation","floor":5.0},{"not_picked":["TheCursedMod:DarkBarrier","Negative_Energy_Bomb"],"picked":"TheCursedMod:ShockAndAwe","floor":6.0},{"not_picked":["TheCursedMod:UltimatePain+1","TheCursedMod:CircleOfAbyss+1"],"picked":"Summon_Death_Knight","floor":9.0},{"not_picked":["Exploit","PanicButton+1"],"picked":"Summon_Lich","floor":14.0},{"not_picked":["TheCursedMod:Neurasthenia+1","Magnetism"],"picked":"Cloudkill+1","floor":16.0},{"not_picked":["AbeCurse","downfall:Haunted"],"picked":"Sickly","floor":17.0},{"not_picked":["downfall:Icky","Voices"],"picked":"Hallucinations","floor":17.0},{"not_picked":["Sickly","ReplayTheSpireMod:Doomed"],"picked":"Clumsy","floor":17.0},{"not_picked":["TheCursedMod:Stigma","Toxic_Smoke_Screen+1"],"picked":"TheCursedMod:Obscuration+1","floor":18.0},{"not_picked":["TheCursedMod:Stretching+1","Deep Breath+1"],"picked":"TheCursedMod:CursedMace","floor":19.0},{"not_picked":["PanicButton+1","Blood_Whip"],"picked":"TheCursedMod:SmokeScreen+1","floor":20.0},{"not_picked":["Stop_Heart+1","TheCursedMod:ParallelWorld+1"],"picked":"Shade_Step+1","floor":22.0},{"not_picked":["Bone_Armor+1","TheCursedMod:AbyssShockwave"],"picked":"TheCursedMod:ManaCirculation","floor":25.0},{"not_picked":["TheCursedMod:StunningStrike","ReplayTheSpireMod:Necrogeddon"],"picked":"TheCursedMod:OutForBlood","floor":29.0},{"not_picked":["TheCursedMod:ShockAndAwe","Secret Weapon+1"],"picked":"TheCursedMod:CursedRelics","floor":33.0},{"not_picked":["Bone_Armory","Epidemic+1"],"picked":"Summon_Undead+1","floor":35.0},{"not_picked":["TheCursedMod:FleshFromBone+1","Death_March_Dance"],"picked":"TheCursedMod:Torture+1","floor":36.0},{"not_picked":["Strike_from_Beyond","Blood_Curse"],"picked":"Bones_to_Steel+1","floor":37.0},{"not_picked":["TheCursedMod:SoulCrush","Bone_Spikes"],"picked":"Siphon_Strength","floor":39.0},{"not_picked":["Grasp_Heart","Thinking Ahead"],"picked":"Skeleton_Dragon","floor":40.0},{"not_picked":["TheCursedMod:CursedRelics","Mayhem","TheCursedMod:Neurasthenia"],"picked":"TheCursedMod:AntiAging","floor":48}],"player_experience":680317,"relics_obtained":[{"floor":6.0,"key":"hexamod:Sixitude"},{"floor":7.0,"key":"Toxic Egg 2"},{"floor":9.0,"key":"Pear"},{"floor":11.0,"key":"Ring of Peace"},{"floor":24.0,"key":"Incense Burner"},{"floor":29.0,"key":"Pocketwatch"},{"floor":40.0,"key":"Singing Bowl"},{"floor":41.0,"key":"Divine Protection"},{"floor":46,"key":"Question Card"},{"floor":48,"key":"Du-Vu Doll"}],"event_choices":[],"is_beta":false,"boss_relics":[{"not_picked":["Busted Crown","expansioncontent:StudyCardRelic"],"picked":"Replay:Ancient Bell"},{"not_picked":["Akabeko","Ancient Tea Set"],"picked":"bronze:BronzeIdol"},{"not_picked":["Mirror","Replay:Accelerometer"],"picked":"The Courier"},{"not_picked":["CaptainsWheel","Torii"],"picked":"Runesmith:Locket"},{"not_picked":["ReplayTheSpireMod:DimensionalGlitch","construct:ClawGrip"],"picked":"Velvet Choker"}],"items_purged_floors":[],"is_endless":false,"potions_floor_spawned":[6,16,18,19,20,33,35,36,37],"killed_by":"IC_BLOCK_ARCHETYPE","ascension_level":20}}