{"host":"5dhwd44u3dydylwe","time":1612920609,"event":{"mods":["AchievementEnabler","BaseMod","BetterRewards","Dota2Spire","Downfall","Hubris","Minty Spire (QoL Compilation)","Shop Mod","StSLib","Wandering Minibosses"],"gold_per_floor":[99,118,118,131,306,326,361,406,432,432,462,72,57,72,72,89,101,196,196,96,116,1,18,31,131,351,351,351,351,351,363,391,491,522,522,539,568,368,387,397,497,497,497,509,523,623,326,345,358,407,407,436,455,469,469,469,494,508,538,557,557,557,587,412,412,412,412],"floor_reached":68,"language":"ENG","playtime":4095,"items_purged":["Doubt","champ:Strike","champ:Defend","champ:Strike","champ:Strike"],"score":2196,"play_id":"fab80db3-8baf-4c6f-bbdc-aaccfe89cab2","local_time":"20210210093009","is_ascension_mode":true,"campfire_choices":[{"data":"champ:Taunt","floor":1,"key":"SMITH"},{"data":"champ:Improvising","floor":10,"key":"SMITH"},{"data":"champ:TornadoPunch","floor":15,"key":"SMITH"},{"data":"champ:TripleStrike","floor":20,"key":"SMITH"},{"data":"champ:SwordSigil","floor":27,"key":"SMITH"},{"floor":28,"key":"RECALL"},{"data":"champ:Duel","floor":38,"key":"SMITH"},{"data":"champ:ShieldWall","floor":43,"key":"SMITH"},{"data":"champ:HoldFirm","floor":65,"key":"SMITH"}],"circlet_count":0,"master_deck":["champ:Defend","champ:Defend","champ:Defend","champ:Execute","champ:Taunt+1","champ:FlashCut","champ:TornadoPunch+1","champ:DefensiveStyle","champ:Improvising+1","champ:ShieldWall+1","champ:Duel+1","champ:SwordSigil+1","champ:TripleStrike+1","champ:StanceDance+1","champ:HoldFirm+1"],"relics":["champ:ChampionCrown","PreservedInsect","Kunai","Bronze Scales","Dota2Spire:MantaStyle","Dota2Spire:AssaultCuirass","hubris:Zylophone","SlaversCollar","downfall:HeartBlessingGreen","wanderingMiniBosses:AbyssPearl","Bottled Lightning","Oddly Smooth Stone","Lizard Tail","hubris:TinFlute","Dota2Spire:BattleFury","hubris:Towel","Matryoshka","downfall:HeartBlessingRed","downfall:HeartBlessingBlue","Dota2Spire:RefresherOrb","Potion Belt","Dota2Spire:PhaseBoots","Centennial Puzzle","Nunchaku","Pen Nib","Dota2Spire:Vanguard","Dota2Spire:LotusOrb","hubris:Icosahedron","hubris:Metronome","Bottled Flame","Dota2Spire:ArcaneBoots"],"acts_visited":["Exordium","TheCity","TheBeyond","TheEnding"],"potions_floor_usage":[14,22,22,22,22,32,46,49,67,67,67,67,67,67,67,67,67],"damage_taken":[{"damage":20,"enemies":"Cultist","floor":2,"turns":5},{"damage":10,"enemies":"Small Slimes","floor":4,"turns":3},{"damage":6,"enemies":"Jaw Worm","floor":6,"turns":4},{"damage":33,"enemies":"Lagavulin","floor":7,"turns":7},{"damage":16,"enemies":"3 Sentries","floor":9,"turns":4},{"damage":27,"enemies":"Gremlin Nob","floor":11,"turns":4},{"damage":10,"enemies":"downfall:FleeingMerchant","floor":12,"turns":7},{"damage":0,"enemies":"downfall:FleeingMerchant","floor":13,"turns":4},{"damage":2,"enemies":"Large Slime","floor":14,"turns":6},{"damage":0,"enemies":"Exordium Thugs","floor":16,"turns":3},{"damage":14,"enemies":"Exordium Wildlife","floor":17,"turns":2},{"damage":11,"enemies":"IC_STATUS_ARCHETYPE","floor":18,"turns":5},{"damage":0,"enemies":"Chosen","floor":21,"turns":4},{"damage":19,"enemies":"downfall:FleeingMerchant","floor":22,"turns":6},{"damage":0,"enemies":"3 Cultists","floor":23,"turns":3},{"damage":10,"enemies":"Centurion and Healer","floor":24,"turns":6},{"damage":0,"enemies":"downfall:FleeingMerchant","floor":26,"turns":2},{"damage":0,"enemies":"Shelled Parasite and Fungi","floor":31,"turns":3},{"damage":18,"enemies":"Slavers","floor":32,"turns":3},{"damage":0,"enemies":"IC_STATUS_ARCHETYPE","floor":33,"turns":2},{"damage":0,"enemies":"Book of Stabbing","floor":34,"turns":3},{"damage":0,"enemies":"Snecko","floor":36,"turns":2},{"damage":0,"enemies":"Gremlin Leader","floor":37,"turns":3},{"damage":0,"enemies":"Chosen and Byrds","floor":39,"turns":4},{"damage":10,"enemies":"Cultist and Chosen","floor":40,"turns":3},{"damage":0,"enemies":"WA_ARCHETYPE_CALM","floor":41,"turns":5},{"damage":6,"enemies":"3 Shapes","floor":44,"turns":5},{"damage":0,"enemies":"3 Darklings","floor":45,"turns":3},{"damage":0,"enemies":"downfall:LadyInBlue","floor":46,"turns":4},{"damage":0,"enemies":"Writhing Mass","floor":48,"turns":3},{"damage":0,"enemies":"Transient","floor":49,"turns":5},{"damage":0,"enemies":"Nemesis","floor":52,"turns":3},{"damage":0,"enemies":"Maw","floor":53,"turns":5},{"damage":0,"enemies":"Spire Growth","floor":54,"turns":2},{"damage":0,"enemies":"Giant Head","floor":57,"turns":5},{"damage":0,"enemies":"4 Shapes","floor":58,"turns":2},{"damage":10,"enemies":"Nemesis","floor":59,"turns":3},{"damage":0,"enemies":"Jaw Worm Horde","floor":60,"turns":1},{"damage":21,"enemies":"SI_POISON_ARCHETYPE","floor":61,"turns":5},{"damage":0,"enemies":"downfall:CharBossMerchant","floor":63,"turns":5},{"damage":13,"enemies":"downfall:NeowBoss","floor":66,"turns":9},{"damage":0,"enemies":"downfall:NeowBossFinal","floor":67,"turns":6}],"seed_played":"-8441270260265577635","potions_obtained":[{"floor":2,"key":"Block Potion"},{"floor":11,"key":"EntropicBrew"},{"floor":14,"key":"champ:TechniquePotion"},{"floor":16,"key":"Fire Potion"},{"floor":23,"key":"Ancient Potion"},{"floor":33,"key":"AttackPotion"},{"floor":34,"key":"LiquidMemories"},{"floor":46,"key":"EntropicBrew"},{"floor":46,"key":"champ:OpenerPotion"},{"floor":46,"key":"CultistPotion"},{"floor":46,"key":"AttackPotion"},{"floor":49,"key":"Dexterity Potion"}],"is_trial":false,"path_per_floor":["R","M","T","M","?","M","E","T","E","R","E","$","$","M","R","M","M","B",null,"R","M","$","M","M","?","$","R","R","T","T","M","E","?","E","?","M","E","R","M","M","B",null,"R","M","M","?","$","M","M","T","T","E","M","M","?","?","E","M","E","M","B",null,"E","$","R","B","B",null],"character_chosen":"THE_CHAMP","items_purchased":["hubris:Zylophone","Dota2Spire:PhaseBoots"],"campfire_rested":0,"item_purchase_floors":[12,47],"current_hp_per_floor":[90,90,90,90,90,84,81,81,75,75,48,48,48,46,46,46,42,31,90,90,90,81,81,81,81,81,81,81,81,81,81,63,63,63,63,63,63,73,73,63,63,100,100,94,94,100,100,100,100,100,100,100,100,100,100,100,100,100,100,100,79,100,100,100,100,97,97],"gold":412,"neow_bonus":"REMOVE_CARD","is_daily":false,"chose_seed":false,"campfire_upgraded":8,"win_rate":0.0,"timestamp":1612920609,"path_taken":["R","M","?","M","?","M","E","T","E","R","E","?","$","M","R","M","M","BOSS","R","M","$","M","M","?","$","R","R","T","T","M","E","?","E","?","M","E","R","M","M","BOSS","R","M","M","?","$","M","?","T","T","E","M","M","?","?","E","M","E","M","BOSS","E","$","R","BOSS","BOSS"],"items_purchased_type":["Relic","Relic"],"build_version":"2020-12-22","purchased_purges":5,"victory":true,"max_hp_per_floor":[90,90,90,90,90,90,90,90,90,90,90,90,90,90,90,90,90,90,90,90,90,90,90,90,90,90,90,90,90,90,90,90,90,90,90,90,90,100,100,100,100,100,100,100,100,100,100,100,100,100,100,100,100,100,100,100,100,100,100,100,100,100,100,100,100,100,100],"card_choices":[{"not_picked":["champ:CrownThrow","champ:GutPunch"],"picked":"champ:FlashCut","floor":2},{"not_picked":["champ:Endure","champ:RapidStrikes"],"picked":"champ:TornadoPunch","floor":4},{"not_picked":["champ:BerserkersShout","champ:DefensiveShout"],"picked":"champ:DefensiveStyle","floor":6},{"not_picked":["champ:Parry","champ:ArenaPreparation"],"picked":"champ:Improvising","floor":7},{"not_picked":["champ:StanceDance","champ:BladeFlurry"],"picked":"champ:ShieldWall","floor":9},{"not_picked":["champ:StrikeOfGenius","champ:BerserkersShout","champ:AdrenalArmor"],"picked":"SKIP","floor":11},{"not_picked":["champ:Backstep","champ:HeartStrike","champ:Haymaker"],"picked":"SKIP","floor":12},{"not_picked":["champ:StrikeOfGenius","champ:CalledShot","champ:IronFortress"],"picked":"SKIP","floor":13},{"not_picked":["champ:FanOfKnives","champ:Circumvent","champ:ShieldSlam"],"picked":"SKIP","floor":14},{"not_picked":["champ:DefensiveStyle","champ:FocusedBerserking"],"picked":"champ:Duel","floor":16},{"not_picked":["champ:TornadoPunch","champ:Circumvent"],"picked":"champ:SwordSigil","floor":17},{"not_picked":["champ:SwordThrow","champ:Devastate"],"picked":"champ:TripleStrike","floor":18},{"not_picked":["champ:PerfectedStrike","champ:ShieldSlam","champ:RecklessLeap"],"picked":"SKIP","floor":21},{"not_picked":["champ:Shatter","champ:DeathBlow+1","champ:BladeFlurry"],"picked":"SKIP","floor":22},{"not_picked":["champ:BringItOn","champ:AdrenalArmor+1","champ:BerserkersShout"],"picked":"SKIP","floor":23},{"not_picked":["champ:DefensiveShout","champ:BringItOn","champ:Backstep"],"picked":"SKIP","floor":24},{"not_picked":["champ:EndlessRage+1","champ:SwordSigil","champ:GladiatorStyle+1"],"picked":"SKIP","floor":26},{"not_picked":["champ:StanceDance","champ:Parry","champ:BringItOn"],"picked":"SKIP","floor":31},{"not_picked":["champ:StanceDance","champ:RisingSlash","champ:Shatter"],"picked":"SKIP","floor":32},{"not_picked":["champ:HeartStrike","champ:FlashCut","champ:ShieldSigil"],"picked":"SKIP","floor":34},{"not_picked":["champ:DefensiveShout","champ:FlashCut"],"picked":"champ:StanceDance+1","floor":36},{"not_picked":["champ:PreemptiveStrike","champ:AdrenalArmor","champ:ShieldSigil"],"picked":"SKIP","floor":37},{"not_picked":["champ:IronFortress+1","champ:RecklessLeap","champ:ShieldSigil"],"picked":"SKIP","floor":39},{"not_picked":["champ:Backstep","champ:SetATrap","champ:ShieldSigil+1"],"picked":"SKIP","floor":40},{"not_picked":["champ:ShieldWall+1","champ:EnGarde+1","champ:AdrenalArmor"],"picked":"SKIP","floor":44},{"not_picked":["champ:TornadoPunch","champ:GladiatorStyle","champ:Shatter+1"],"picked":"SKIP","floor":45},{"not_picked":["champ:RecklessLeap","champ:CrownThrow+1","champ:GutPunch"],"picked":"SKIP","floor":48},{"not_picked":["champ:CrownThrow+1","champ:FlashCut+1","champ:FalseCounter+1"],"picked":"SKIP","floor":49},{"not_picked":["champ:RecklessLeap+1","champ:FanOfKnives+1","champ:TornadoPunch"],"picked":"SKIP","floor":52},{"not_picked":["champ:ShieldSlam+1","champ:Shatter","champ:CalledShot"],"picked":"SKIP","floor":53},{"not_picked":["champ:FocusedBerserking+1","champ:SwordSigil+1"],"picked":"champ:HoldFirm","floor":54},{"not_picked":["champ:FanOfKnives","champ:EnragedBash+1","champ:ShieldSigil"],"picked":"SKIP","floor":57},{"not_picked":["champ:EndlessRage+1","champ:ShieldWall+1","champ:GutPunch"],"picked":"SKIP","floor":58},{"not_picked":["champ:DefensiveStyle+1","champ:DefensiveShout","champ:GutPunch+1"],"picked":"SKIP","floor":59},{"not_picked":["champ:BladeFlurry+1","champ:PreemptiveStrike","champ:Shatter+1"],"picked":"SKIP","floor":60},{"not_picked":["champ:IgnorePain","champ:Duel+1","champ:PerfectedStrike+1"],"picked":"SKIP","floor":63}],"player_experience":239594,"relics_obtained":[{"floor":3,"key":"PreservedInsect"},{"floor":7,"key":"Kunai"},{"floor":8,"key":"Bronze Scales"},{"floor":9,"key":"Dota2Spire:MantaStyle"},{"floor":11,"key":"Dota2Spire:AssaultCuirass"},{"floor":22,"key":"wanderingMiniBosses:AbyssPearl"},{"floor":30,"key":"Bottled Lightning"},{"floor":32,"key":"Oddly Smooth Stone"},{"floor":33,"key":"Lizard Tail"},{"floor":33,"key":"hubris:TinFlute"},{"floor":34,"key":"Dota2Spire:BattleFury"},{"floor":37,"key":"Matryoshka"},{"floor":46,"key":"Potion Belt"},{"floor":50,"key":"Centennial Puzzle"},{"floor":50,"key":"Nunchaku"},{"floor":51,"key":"Pen Nib"},{"floor":51,"key":"Dota2Spire:Vanguard"},{"floor":52,"key":"Dota2Spire:LotusOrb"},{"floor":57,"key":"hubris:Metronome"},{"floor":59,"key":"Bottled Flame"},{"floor":63,"key":"Dota2Spire:ArcaneBoots"}],"event_choices":[],"is_beta":false,"boss_relics":[{"not_picked":["hubris:CrackedHourglass","Cursed Key"],"picked":"SlaversCollar"},{"not_picked":["Black Star","champ:ChampionCrownUpgraded"],"picked":"Dota2Spire:RefresherOrb"}],"items_purged_floors":[12,22,26,47,64],"is_endless":false,"potions_floor_spawned":[2,11,14,16,17,18,23,32,33,34,37,40,45,46,49,54,57],"ascension_level":1}}