{"host":"m552uo5jodlktm3e","time":1612949711,"event":{"mods":["BaseMod","Colored Powertips","Downfall","Minty Spire (QoL Compilation)","Quick Restart","StSLib"],"gold_per_floor":[99,115,565,565,49,49,49,67,17,28,13,33,33,54,67,164,164,164,178,196,211,211,211,211],"floor_reached":22,"language":"ENG","playtime":1428,"items_purged":["downfall:Icky"],"score":226,"play_id":"5c47a5d4-ced7-4f8a-9e84-1860b1d5a62f","local_time":"20210210013511","is_ascension_mode":false,"campfire_choices":[{"data":"hexamod:Float","floor":1,"key":"SMITH"},{"data":"hexamod:VolcanoVisage","floor":13,"key":"SMITH"},{"floor":18,"key":"RECALL"}],"circlet_count":0,"master_deck":["hexamod:Strike","hexamod:Strike+1","hexamod:Strike","hexamod:Strike","hexamod:Defend","hexamod:Defend","hexamod:Defend","hexamod:Defend+1","hexamod:Sear","hexamod:Float+1","hexamod:InspiringFlames","downfall:Icky","hexamod:CatchUp","expansioncontent:DashGenerateEvil+1","downfall:Malfunctioning","hexamod:EmpoweredFlame","hexamod:SpectersWail","hexamod:EtherealExpedition","hexamod:VolcanoVisage+1","hexamod:RetreatToShadows","hexamod:ShieldOfDarkness","hexamod:FirstSeal","hexamod:HexaLevel"],"relics":["hexamod:SpiritBrand","hexamod:InflammatoryLetter","Odd Mushroom","Busted Crown"],"acts_visited":["Exordium","TheCity"],"potions_floor_usage":[16,20,22],"damage_taken":[{"damage":0,"enemies":"2 Louse","floor":2,"turns":3},{"damage":0,"enemies":"downfall:FleeingMerchant","floor":5,"turns":4},{"damage":0,"enemies":"Jaw Worm","floor":8,"turns":3},{"damage":2,"enemies":"downfall:FleeingMerchant","floor":9,"turns":4},{"damage":0,"enemies":"Small Slimes","floor":10,"turns":2},{"damage":10,"enemies":"downfall:FleeingMerchant","floor":11,"turns":4},{"damage":8,"enemies":"Red Slaver","floor":12,"turns":3},{"damage":24,"enemies":"The Mushroom Lair","floor":14,"turns":4},{"damage":2,"enemies":"Large Slime","floor":15,"turns":6},{"damage":3,"enemies":"SI_SHIV_ARCHETYPE","floor":16,"turns":7},{"damage":6,"enemies":"Shell Parasite","floor":19,"turns":5},{"damage":0,"enemies":"Snecko","floor":20,"turns":3},{"damage":29,"enemies":"Chosen and Byrds","floor":21,"turns":8},{"damage":55,"enemies":"Masked Bandits","floor":22,"turns":5}],"seed_played":"4182419855076119077","potions_obtained":[{"floor":10,"key":"sneckomod:MuddlingPotion"},{"floor":12,"key":"AttackPotion"},{"floor":14,"key":"hexamod:DoubleChargePotion"},{"floor":15,"key":"hexamod:SoulburnPotion"}],"is_trial":false,"path_per_floor":["R","M","?","?","$","?","T","M","$","M","$","M","R","?","M","B",null,"R","M","M","M","?"],"character_chosen":"THE_SPIRIT","items_purchased":["hexamod:InflammatoryLetter","expansioncontent:DashGenerateEvil","hexamod:EtherealExpedition"],"campfire_rested":0,"item_purchase_floors":[5,5,9],"current_hp_per_floor":[77,77,77,77,77,77,77,77,75,75,65,57,57,33,31,28,77,77,77,77,55,0,0,0],"gold":211,"neow_bonus":"TEN_PERCENT_HP_BONUS","is_daily":false,"chose_seed":false,"campfire_upgraded":2,"win_rate":0.0,"timestamp":1612949711,"path_taken":["R","M","?","?","$","?","T","M","?","M","$","?","R","?","M","BOSS","R","M","M","M","?"],"items_purchased_type":["Relic","Card","Card"],"build_version":"2020-12-22","purchased_purges":1,"victory":false,"max_hp_per_floor":[77,77,77,77,77,77,77,77,77,77,77,77,77,77,77,77,77,77,77,77,77,77,77,77],"card_choices":[{"not_picked":["hexamod:GhostLash","hexamod:BurningTouch"],"picked":"hexamod:InspiringFlames","floor":2},{"not_picked":["hexamod:SecondSeal","hexamod:HeatMetal"],"picked":"hexamod:CatchUp","floor":5},{"not_picked":["hexamod:Hexaguard","hexamod:FastForward"],"picked":"hexamod:EmpoweredFlame","floor":8},{"not_picked":["hexamod:HeatMetal","hexamod:Firestarter"],"picked":"hexamod:SpectersWail","floor":9},{"not_picked":["hexamod:GhostLash","hexamod:BacktrackSmack"],"picked":"hexamod:VolcanoVisage","floor":10},{"not_picked":["hexamod:FastForward","hexamod:AdvancingGuard"],"picked":"hexamod:RetreatToShadows","floor":11},{"not_picked":["hexamod:SpectralAdrenaline","hexamod:GhostOfSpireFuture","hexamod:InspiringFlames"],"picked":"SKIP","floor":12},{"not_picked":["hexamod:SpectersWail","hexamod:HeatMetal"],"picked":"hexamod:ShieldOfDarkness","floor":14},{"not_picked":["hexamod:BurningTouch","hexamod:InspiringFlames"],"picked":"hexamod:FirstSeal","floor":15},{"not_picked":["hexamod:WildfireWeapon","hexamod:TimeWarp"],"picked":"hexamod:HexaLevel","floor":16},{"not_picked":["hexamod:GhostShield"],"picked":"SKIP","floor":19},{"not_picked":["hexamod:SwordOfDarkness"],"picked":"SKIP","floor":20},{"not_picked":["hexamod:GhostLash"],"picked":"SKIP","floor":21}],"player_experience":1032102,"relics_obtained":[{"floor":14,"key":"Odd Mushroom"}],"event_choices":[{"cards_removed":["downfall:Icky"],"damage_healed":0,"gold_gain":0,"player_choice":"Card Removal","damage_taken":0,"max_hp_gain":0,"max_hp_loss":0,"event_name":"The Cleric","floor":4,"gold_loss":0},{"damage_healed":0,"gold_gain":0,"player_choice":"Fought Mushrooms","damage_taken":0,"max_hp_gain":0,"max_hp_loss":0,"event_name":"Mushrooms","floor":14,"gold_loss":0},{"damage_healed":0,"gold_gain":0,"player_choice":"Fought Bandits","damage_taken":0,"max_hp_gain":0,"max_hp_loss":0,"event_name":"Masked Bandits","floor":22,"gold_loss":0}],"is_beta":false,"boss_relics":[{"not_picked":["Cursed Key","Empty Cage"],"picked":"Busted Crown"}],"items_purged_floors":[5],"is_endless":false,"potions_floor_spawned":[10,12,14,15],"killed_by":"Masked Bandits","ascension_level":0}}