{"host":"kaame4qwxxqnygv7","time":1612974454,"event":{"mods":["AchievementEnabler","BaseMod","Better Match","Better Skull","Better Third Choice","Block Reminder","DeckTracker","Energized Spire","GungeonMod","Minty Spire (QoL Compilation)","Quick Restart","Red Circlet Mod","StSLib","SuperFastMode","The Blue Laboratory"],"gold_per_floor":[115,126,126,126,11,45,45,64,138,155,155,107,107,121,121,225,225,235,235,252,227,277,302,352,352,352,352,363,379,398,410,430,430,430,527,527,546,556,180,230,280,280,290,325,349,363,413,474,507,52,52,57],"floor_reached":53,"language":"KOR","playtime":2303,"items_purged":["DemoMod:Strike_Huntress","DemoMod:Strike_Huntress"],"score":1049,"play_id":"fc668ef0-0ee5-464e-bf87-06e16ec918aa","local_time":"20210211012734","is_ascension_mode":true,"campfire_choices":[{"floor":7.0,"key":"REST"},{"floor":11.0,"key":"REST"},{"data":"DemoMod:ManualReload","floor":13.0,"key":"SMITH"},{"floor":15.0,"key":"REST"},{"floor":25.0,"key":"REST"},{"data":"1","floor":27.0,"key":"LIFT"},{"floor":33,"key":"REST"},{"data":"2","floor":42,"key":"LIFT"},{"floor":51,"key":"REST"}],"circlet_count":0,"master_deck":["AscendersBane","DemoMod:Defend_Huntress","DemoMod:Defend_Huntress","DemoMod:Defend_Huntress","DemoMod:Defend_Huntress","DemoMod:Roll","DemoMod:ManualReload+1","DemoMod:CrossBow+1","DemoMod:MachoBrace","DemoMod:HungryBullets","DemoMod:Evolver+","DemoMod:ProbeStrike+1","DemoMod:Gungine","DemoMod:SpreadAmmo+1","DemoMod:BattleInHaste","DemoMod:ConditionalReflex+1","DemoMod:PotionOfGunFriendShip","DemoMod:HardPowerCard","Violence","DemoMod:TableSutra"],"relics":["energizedSpire:OgreHead","Omamori","DemoMod:RedGuonStone","Cursed Key","SsserpentHead","DemoMod:Ammonomicon","Happy Flower","Girya","DemoMod:RatBoots","DemoMod:ResourcefulSack","DemoMod:PartiallyEatenCheese","SlaversCollar","DemoMod:Test1","ClockworkSouvenir","Ancient Tea Set","Whetstone","Mango","DemoMod:MeatBun","DemoMod:VorpalBullet"],"acts_visited":["Exordium","TheCity","DemoMod:Maze","TheBeyond"],"potions_floor_usage":[35,35,52,52],"damage_taken":[{"damage":5.0,"enemies":"Small Slimes","floor":1.0,"turns":2.0},{"damage":0.0,"enemies":"2 Louse","floor":2.0,"turns":2.0},{"damage":29.0,"enemies":"Gremlin Nob","floor":6.0,"turns":4.0},{"damage":10.0,"enemies":"Cultist","floor":8.0,"turns":4.0},{"damage":4.0,"enemies":"Gremlin Gang","floor":10.0,"turns":6.0},{"damage":8.0,"enemies":"2 Fungi Beasts","floor":14.0,"turns":5.0},{"damage":23.0,"enemies":"Hexaghost","floor":16.0,"turns":18.0},{"damage":5.0,"enemies":"Spheric Guardian","floor":18.0,"turns":4.0},{"damage":0.0,"enemies":"Chosen","floor":20.0,"turns":4.0},{"damage":29.0,"enemies":"Gremlin Leader","floor":23.0,"turns":10.0},{"damage":12.0,"enemies":"DemoMod:Red_and_blue_shotgun_kin","floor":28.0,"turns":4.0},{"damage":18.0,"enemies":"DemoMod:Veteran_shot_gun_kin_and_red_shotgun_kin","floor":29.0,"turns":4.0},{"damage":18.0,"enemies":"DemoMod:Veteran_shot_gun_kin_and_blue_shotgun_kin_with_gunsinger","floor":30.0,"turns":5.0},{"damage":8,"enemies":"DemoMod:Red_and_blue_shotgun_kin_with_gunsinger","floor":31,"turns":5},{"damage":5,"enemies":"DemoMod:2_Mousers","floor":32,"turns":7},{"damage":6,"enemies":"DemoMod:ResourcefulRat","floor":35,"turns":15},{"damage":0,"enemies":"3 Shapes","floor":37,"turns":3},{"damage":0,"enemies":"3 Darklings","floor":38,"turns":4},{"damage":8,"enemies":"4 Shapes","floor":43,"turns":4},{"damage":30,"enemies":"Nemesis","floor":44,"turns":7},{"damage":1,"enemies":"Sphere and 2 Shapes","floor":46,"turns":4},{"damage":0,"enemies":"3 Darklings","floor":48,"turns":7},{"damage":0,"enemies":"Reptomancer","floor":49,"turns":1},{"damage":31,"enemies":"Donu and Deca","floor":52,"turns":10}],"seed_played":"925708053627693911","potions_obtained":[{"floor":2.0,"key":"PowerPotion"},{"floor":10.0,"key":"Explosive Potion"},{"floor":14.0,"key":"Energy Potion"},{"floor":18.0,"key":"Ancient Potion"},{"floor":23.0,"key":"blueLaboratory:BottleOfVodka"},{"floor":31,"key":"blueLaboratory:Moonshine"},{"floor":32,"key":"Block Potion"},{"floor":43,"key":"LiquidBronze"},{"floor":48,"key":"Fire Potion"}],"is_trial":false,"path_per_floor":["M","M","?","?","$","E","R","M","T","M","R","$","R","M","R","B",null,"M","?","M","$","?","E","?","R","T","R","M","M","M","M","M","R","B","B",null,"M","M","$","?","?","R","M","E","T","M","?","M","E","$","R","B",null],"character_chosen":"HUNTRESS","items_purchased":["DemoMod:GnawedKey","DemoMod:LeadSkinPotion","ClockworkSouvenir","DemoMod:Purify","blueLaboratory:BubblePotion","DemoMod:MeatBun","DemoMod:VorpalBullet"],"campfire_rested":6,"item_purchase_floors":[5,12,39,39,39,50,50],"current_hp_per_floor":[58,58,58,51,51,22,43,33,33,29,50,50,50,42,63,40,63,58,58,58,58,58,29,29,50,65,65,53,35,17,9,4,25,25,19,57,57,57,57,57,57,57,49,19,19,18,18,18,32,46,71,40],"gold":57,"neow_bonus":"BOSS_RELIC","is_daily":false,"chose_seed":false,"campfire_upgraded":1,"win_rate":0.0,"timestamp":1612974454,"path_taken":["M","M","?","?","$","E","R","?","T","?","R","$","R","M","R","BOSS","M","?","M","?","?","E","?","R","T","R","M","M","M","M","M","R","BOSS","BOSS","M","M","$","?","?","R","M","E","T","M","?","?","E","$","R","BOSS"],"items_purchased_type":["Relic","Undefined","Relic","Card","Potion","Relic","Relic"],"build_version":"2020-12-22","purchased_purges":2,"victory":true,"max_hp_per_floor":[70,70,70,70,70,70,70,70,70,70,70,70,70,70,70,70,70,70,70,70,70,70,70,70,70,70,70,70,70,70,70,70,70,70,70,70,70,70,70,70,70,70,70,70,70,70,70,70,84,84,84,84],"card_choices":[{"not_picked":["DemoMod:Ejector","DemoMod:HuntsMan"],"picked":"DemoMod:MachoBrace","floor":1.0},{"not_picked":["DemoMod:PracticeMakesPerfect","DemoMod:Replace"],"picked":"DemoMod:Purify","floor":2.0},{"not_picked":["DemoMod:BoxingGlove","DemoMod:SAA","DemoMod:HuntsMan"],"picked":"SKIP","floor":6.0},{"not_picked":["DemoMod:BoxingGlove","DemoMod:SAA","DemoMod:HuntsMan"],"picked":"SKIP","floor":6.0},{"not_picked":["DemoMod:JK47","DemoMod:HuntsMan"],"picked":"DemoMod:HungryBullets","floor":8.0},{"not_picked":["DemoMod:HungryBullets","DemoMod:SAA"],"picked":"DemoMod:Evolver","floor":10.0},{"not_picked":["DemoMod:FastSwitch","DemoMod:GunstockTap"],"picked":"DemoMod:ProbeStrike","floor":14.0},{"not_picked":["DemoMod:BalloonGun","DemoMod:BSG"],"picked":"DemoMod:Gungine","floor":16.0},{"not_picked":["DemoMod:Casey+1","DemoMod:Ejector+1"],"picked":"DemoMod:SpreadAmmo+1","floor":18.0},{"not_picked":["DemoMod:SniperShot","DemoMod:ChanceBullets"],"picked":"DemoMod:Purify","floor":20.0},{"not_picked":["DemoMod:RadGun","DemoMod:StrategicReserve"],"picked":"DemoMod:BattleInHaste","floor":23.0},{"not_picked":["DemoMod:PracticeMakesPerfect","DemoMod:BlackHoleGun","DemoMod:DoubleSwitch"],"picked":"SKIP","floor":28.0},{"not_picked":["DemoMod:FortunesFavor","DemoMod:SAA"],"picked":"DemoMod:ConditionalReflex+1","floor":29.0},{"not_picked":["DemoMod:BattleInHaste","DemoMod:GunstockTap"],"picked":"DemoMod:PotionOfGunFriendShip","floor":30.0},{"not_picked":["DemoMod:Casey","DemoMod:BoxingGlove","DemoMod:TeaPot+1"],"picked":"SKIP","floor":31},{"not_picked":["DemoMod:CursedBullets+1","DemoMod:BattleInHaste","DemoMod:JK47+1"],"picked":"SKIP","floor":32},{"not_picked":["DemoMod:Unity+1","DemoMod:DoubleSwitch+1"],"picked":"DemoMod:HardPowerCard","floor":36},{"not_picked":["DemoMod:SAA+1","DemoMod:MachoBrace+1","DemoMod:ShadowBullets"],"picked":"SKIP","floor":37},{"not_picked":["DemoMod:Unmoved","DemoMod:PracticeMakesPerfect+1","DemoMod:HungryBullets"],"picked":"SKIP","floor":38},{"not_picked":["Swift Strike","Trip"],"picked":"Violence","floor":41},{"not_picked":["DemoMod:CombinedRifle","DemoMod:GunstockTap","DemoMod:Camera+1"],"picked":"SKIP","floor":43},{"not_picked":["DemoMod:JK47","DemoMod:PotionOfGunFriendShip","DemoMod:FightSabre"],"picked":"SKIP","floor":44},{"not_picked":["DemoMod:Replace","DemoMod:BattleInHaste+1","DemoMod:DirectionalPad+1"],"picked":"SKIP","floor":46},{"not_picked":["DemoMod:Evolver","DemoMod:HuntsMan","DemoMod:Unmoved"],"picked":"SKIP","floor":48},{"not_picked":["DemoMod:MachoBrace+1","DemoMod:ShadowBullets+1"],"picked":"DemoMod:TableSutra","floor":49}],"player_experience":275838,"relics_obtained":[{"floor":6.0,"key":"DemoMod:RedGuonStone"},{"floor":23.0,"key":"Happy Flower"},{"floor":36,"key":"DemoMod:RatBoots"},{"floor":36,"key":"DemoMod:ResourcefulSack"},{"floor":36,"key":"DemoMod:PartiallyEatenCheese"},{"floor":36,"key":"SlaversCollar"},{"floor":36,"key":"DemoMod:Test1"},{"floor":44,"key":"Ancient Tea Set"},{"floor":45,"key":"Whetstone"},{"floor":49,"key":"Mango"}],"event_choices":[{"damage_healed":0.0,"max_hp_gain":0.0,"max_hp_loss":0.0,"gold_gain":0.0,"event_name":"Big Fish","player_choice":"Box","floor":3.0,"gold_loss":0.0,"damage_taken":0.0,"relics_obtained":["Omamori"],"cards_obtained":["Regret"]},{"damage_healed":0.0,"max_hp_gain":0.0,"max_hp_loss":0.0,"gold_gain":0.0,"event_name":"Wheel of Change","player_choice":"Damaged","floor":4.0,"gold_loss":0.0,"damage_taken":7.0},{"damage_healed":0.0,"max_hp_gain":0.0,"max_hp_loss":0.0,"gold_gain":0.0,"event_name":"FaceTrader","player_choice":"Trade","floor":19.0,"gold_loss":0.0,"damage_taken":0.0,"relics_obtained":["SsserpentHead"]},{"damage_healed":0.0,"max_hp_gain":0.0,"max_hp_loss":0.0,"gold_gain":0.0,"event_name":"The Mausoleum","player_choice":"Opened","floor":24.0,"gold_loss":0.0,"damage_taken":0.0,"relics_obtained":["Girya"]},{"damage_healed":0,"gold_gain":0,"player_choice":"Ignored","damage_taken":0,"max_hp_gain":0,"max_hp_loss":0,"event_name":"Falling","floor":40,"gold_loss":0},{"damage_healed":0,"gold_gain":0,"player_choice":"Memory 1","damage_taken":0,"max_hp_gain":0,"max_hp_loss":0,"event_name":"SensoryStone","floor":41,"gold_loss":0},{"damage_healed":0,"gold_gain":0,"player_choice":"Ignored","damage_taken":0,"max_hp_gain":0,"max_hp_loss":0,"event_name":"Tomb of Lord Red Mask","floor":47,"gold_loss":0}],"is_beta":false,"boss_relics":[{"not_picked":["DemoMod:ElasticCartridgeClip","Philosopher\u0027s Stone"],"picked":"Cursed Key"},{"not_picked":[]}],"items_purged_floors":[21,39],"is_endless":false,"potions_floor_spawned":[2,10,14,18,23,31,32,43,44,48,49],"ascension_level":11}}