{"host":"v5dl0pdw4dbht0w1","time":1612941686,"event":{"mods":["AchievementEnabler","Ascension Reborn","BaseMod","Best Route Mod","BetterRewards","Card Filter","Card Forge","Clockwork Mod","Colored Powertips","Fiend Mod","Friendly Minions","Glutton Mod","Hermit","Hunter ?êl","Mad Scientist","Minty Spire (QoL Compilation)","READ ME - Snecko Mod","Railgun Mod","Random Character Button","Relic Filter","SIMod","SOSÅiézîb?îVéqÅj","Shop Mod","StSLib","The Administrix","The Alterego","The Blackbeard","The Bladedancer","The Bug Knight","The Clintock","The Construct","The Cursed","The Death Knight","The Forsaken","The Gatherer","The Hierophant","The Judge","The Mystic","The Necromancer","The Problem Sleuth","The Runesmith","The Servant 0.9.4","The Valiant","TheBandit","TheFirefly","TheVacant","Transform Curses","Treasure Hunter","Yohane!","Yuri Mod","thorton"],"gold_per_floor":[115,133,148,168,22,50,50,50,50,82,114,138,150,176,188,299,311,342,370,394,426,63,63,78,93,144,177,191,226,237,255,255,360,360,376,376,424,434,434,466,215,265,291,321,321,348,362,208,208,208],"floor_reached":51,"language":"ENG","playtime":5346,"items_purged":[],"score":885,"play_id":"95b6c526-8543-4025-aadc-ad860a77330c","local_time":"20210210012126","is_ascension_mode":false,"campfire_choices":[{"floor":7,"key":"REST"},{"floor":15,"key":"REST"},{"floor":23,"key":"REST"},{"floor":32,"key":"REST"},{"data":"1","floor":45,"key":"LIFT"},{"data":"2","floor":49,"key":"LIFT"}],"circlet_count":0,"master_deck":["Defend_W+1","Defend_W+1","Defend_W+1","Defend_W+1","Negative_Energy_Arrows+1","Bone_Wall+1","Bones_to_Steel+1","Bone_Armory+1","Negative_Energy_Sphere+1","Exploit+1","Uncharnel+1","Shade_Step+1","Vampiric_Strike+1","Negative_Energy_Javelin+1","Shade_Step+1","Negative_Energy_Mist+1","Grasp_Heart+1","Bones_to_Steel+1","Negative_Energy_Sphere+1","Negative_Energy_Sphere+1","Negative_Energy_Mist+1","Negative_Energy_Burst+1","Bone_Shift+1","Toxic_Smoke_Screen+1","Corrupt+1","Toxic_Smoke_Screen+1","Bone_Shift+1","Toxic_Smoke_Screen+1","Negative_Energy_Shield+1","Negative_Energy_Mist+1","Negative_Energy_Shield+1","Bone_Shift+1","Finesse+1","Bone_Armor+1","Toxic_Smoke_Screen+1","Toxic_Smoke_Screen+1","Negative_Energy_Shield+1","Cloudkill+1"],"relics":["Vampire_Amulet","Hammer of Thor","Seething Fire","Anvil of the Gods","Dream Catcher","HandDrill","Gambling Chip","Question Card","Nunchaku","Boot","MawBank","Sozu","Calipers","Regal Pillow","Prayer Wheel","Bronze Scales","Fusion Hammer","Girya","Smiling Mask","Kunai","Incense Burner","Oddly Smooth Stone","Huge Egg","Sundial"],"acts_visited":["Exordium","TheCity","TheBeyond"],"potions_floor_usage":[6,18,24],"damage_taken":[{"damage":1,"enemies":"2 Louse","floor":1,"turns":4},{"damage":0,"enemies":"Small Slimes","floor":2,"turns":4},{"damage":0,"enemies":"Jaw Worm","floor":3,"turns":4},{"damage":3,"enemies":"Exordium Thugs","floor":4,"turns":5},{"damage":16,"enemies":"3 Sentries","floor":6,"turns":8},{"damage":4,"enemies":"Red Slaver","floor":10,"turns":5},{"damage":0,"enemies":"Exordium Wildlife","floor":11,"turns":4},{"damage":0,"enemies":"Blue Slaver","floor":12,"turns":5},{"damage":0,"enemies":"Gremlin Gang","floor":14,"turns":3},{"damage":5,"enemies":"Hexaghost","floor":16,"turns":15},{"damage":5,"enemies":"2 Thieves","floor":18,"turns":3},{"damage":19,"enemies":"Spheric Guardian","floor":19,"turns":4},{"damage":17,"enemies":"Snecko","floor":20,"turns":4},{"damage":1,"enemies":"Snake Plant","floor":21,"turns":5},{"damage":19,"enemies":"Sentry and Sphere","floor":24,"turns":5},{"damage":7,"enemies":"Snecko","floor":25,"turns":4},{"damage":0,"enemies":"Gremlin Leader","floor":27,"turns":5},{"damage":13,"enemies":"Shelled Parasite and Fungi","floor":28,"turns":5},{"damage":0,"enemies":"Book of Stabbing","floor":29,"turns":6},{"damage":15,"enemies":"Centurion and Healer","floor":30,"turns":4},{"damage":0,"enemies":"Snecko","floor":31,"turns":5},{"damage":20,"enemies":"Collector","floor":33,"turns":10},{"damage":0,"enemies":"3 Shapes","floor":35,"turns":4},{"damage":11,"enemies":"2 Orb Walkers","floor":37,"turns":6},{"damage":0,"enemies":"3 Darklings","floor":38,"turns":4},{"damage":9,"enemies":"Nemesis","floor":40,"turns":9},{"damage":0,"enemies":"Mind Bloom Boss Battle","floor":42,"turns":7},{"damage":20,"enemies":"Reptomancer","floor":44,"turns":8},{"damage":0,"enemies":"Giant Head","floor":46,"turns":12},{"damage":1,"enemies":"Sphere and 2 Shapes","floor":47,"turns":5},{"damage":5,"enemies":"Donu and Deca","floor":50,"turns":10}],"seed_played":"-8172335170255837117","potions_obtained":[{"floor":3,"key":"Swift Potion"},{"floor":4,"key":"PowerPotion"},{"floor":10,"key":"Block Potion"},{"floor":12,"key":"SteroidPotion"}],"is_trial":false,"path_per_floor":["M","M","M","M","$","E","R","?","T","M","M","M","$","M","R","B",null,"M","M","M","M","$","R","M","M","T","E","M","E","M","M","R","B",null,"M","?","?","M","?","E","$","?","T","E","R","E","M","$","R","B",null],"character_chosen":"NECROMANCER","items_purchased":["Dream Catcher","HandDrill","Summon_Lich","Question Card","Bones_to_Steel","Nunchaku","Calipers","Negative_Energy_Mist","Negative_Energy_Burst","Kunai","Cloudkill"],"campfire_rested":4,"item_purchase_floors":[0,0,0,0,0,5,22,22,22,41,48],"current_hp_per_floor":[75,75,75,74,74,64,75,80,80,78,80,80,80,80,80,77,80,79,62,50,53,53,77,68,66,66,76,67,72,61,63,80,66,80,80,80,73,75,75,68,68,73,73,68,68,70,75,75,75,77],"gold":208,"neow_bonus":"","is_daily":false,"chose_seed":false,"campfire_upgraded":0,"win_rate":0.0,"timestamp":1612941686,"path_taken":["M","M","M","M","$","E","R","?","T","M","M","M","$","M","R","BOSS","M","M","M","M","$","R","M","M","T","E","M","E","M","M","R","BOSS","M","?","?","M","?","E","$","?","T","E","R","E","?","?","R","BOSS"],"items_purchased_type":["Relic","Relic","Card","Relic","Card","Relic","Relic","Card","Card","Relic","Card"],"build_version":"2020-12-22","purchased_purges":0,"victory":true,"max_hp_per_floor":[75,75,75,75,75,75,75,80,80,80,80,80,80,80,80,80,80,80,80,80,80,80,80,80,80,80,80,80,80,80,80,80,80,80,80,80,80,80,80,80,80,80,80,80,80,80,80,80,80,80],"card_choices":[{"not_picked":["Negative_Energy_Shield","Bone_Bullets","Toxic_Smoke_Screen"],"picked":"Bone_Armory","floor":1},{"not_picked":["Death_Coil","Violent_Necrosis","Death_Knell","Strike_from_Beyond"],"picked":"SKIP","floor":2},{"not_picked":["Necromantic_Selection","Violent_Necrosis","Siphon_Strength"],"picked":"Negative_Energy_Sphere","floor":3},{"not_picked":["Consume_Illness","Blood_Whip","Death_March_Dance"],"picked":"Exploit","floor":4},{"not_picked":["TH:ElvenBoots","TH:BikiniMail"],"picked":"TH:ArmorSpikes","floor":6},{"not_picked":["Blood_Is_Power","Bone_Prison","Bone_Armor"],"picked":"Summon_Lich","floor":6},{"not_picked":["Necromantic_Selection","Cloudkill","Consume_Illness"],"picked":"Uncharnel","floor":7},{"not_picked":["TH:Mimic","TH:CursedSword"],"picked":"TH:BikiniMail","floor":9},{"not_picked":["Death_Coil","Spectral_Walk","Blood_for_Blood"],"picked":"Shade_Step","floor":10},{"not_picked":["Death_March_Dance","Strike_from_Beyond","Finger_Of_Death"],"picked":"Vampiric_Strike","floor":11},{"not_picked":["Strike_from_Beyond","Scare","Acid_Javelin"],"picked":"Negative_Energy_Javelin","floor":12},{"not_picked":["Blood_Curse","Negative_Energy_Shield","Hellfire"],"picked":"Shade_Step","floor":14},{"not_picked":["Negative_Energy_Shield","Spectral_Armor","Blood_Curse"],"picked":"Negative_Energy_Mist","floor":15},{"not_picked":["TH:Mimic","TH:PixieDust"],"picked":"TH:ArmorSpikes","floor":16},{"not_picked":["Detonate_Bones","Summon_Vampire_Lady","Blood_Wake"],"picked":"Grasp_Heart","floor":16},{"not_picked":["Pandemic+1","Summon_Undead_Army","Thousand_Bone_Knives"],"picked":"Bones_to_Steel","floor":18},{"not_picked":["Summon_Undead_Army+1","Epidemic+1","Negative_Energy_Burst"],"picked":"Negative_Energy_Sphere","floor":19},{"not_picked":["Life_Drain","Finger_Of_Death","Bone_Spikes+1","Bones_to_Steel"],"picked":"SKIP","floor":20},{"not_picked":["Deaths_Shadow","Summon_Undead+1","Strike_from_Beyond"],"picked":"Negative_Energy_Sphere+1","floor":21},{"not_picked":["Shackles_Of_Pain","Spectral_Armor","Negative_Energy_Javelin"],"picked":"Bone_Shift","floor":23},{"not_picked":["Negative_Energy_Sphere","Strike_from_Beyond","Negative_Energy_Burst"],"picked":"Toxic_Smoke_Screen","floor":24},{"not_picked":["Blood_Is_Power","Death_Coil+1","Bone_Bullets"],"picked":"Corrupt+1","floor":25},{"not_picked":["TH:PixieDust","TH:TreasureMap","TH:CursedSword"],"picked":"SKIP","floor":26},{"not_picked":["TH:BikiniMail","TH:CursedSword","TH:EnergyPotion"],"picked":"SKIP","floor":27},{"not_picked":["Necromantic_Selection","Death_March_Dance","Bone_Shift","Negative_Energy_Javelin"],"picked":"SKIP","floor":27},{"not_picked":["Blood_Whip+1","Bone_Shift","Scare"],"picked":"Toxic_Smoke_Screen","floor":28},{"not_picked":["Deaths_Shadow","Hellfire","Consume_Illness","Spectral_Walk"],"picked":"SKIP","floor":28},{"not_picked":["Plague_Bolt+1","Summon_Death_Knight","Bones_to_Steel"],"picked":"Bone_Shift","floor":29},{"not_picked":["TH:Mimic","TH:CursedSword","TH:PixieDust"],"picked":"SKIP","floor":29},{"not_picked":["Death_March_Dance+1","Pandemic","Epidemic"],"picked":"Toxic_Smoke_Screen+1","floor":30},{"not_picked":["Plague_Bolt+1","Bone_Spikes","Blood_Curse","Bone_Prison"],"picked":"SKIP","floor":30},{"not_picked":["Finger_Of_Death","Stop_Heart","Thousand_Bone_Knives"],"picked":"Negative_Energy_Shield","floor":31},{"not_picked":["Flesh_Made_Foul","Bones_to_Steel+1","Blood_Shield"],"picked":"Skeleton_Dragon","floor":31},{"not_picked":["Acid_Javelin","Thousand_Bone_Knives","Chill_Blood+1"],"picked":"Negative_Energy_Mist","floor":32},{"not_picked":["Negative_Energy_Sphere+1","Vampiric_Strike+1","Spectral_Walk+1"],"picked":"Negative_Energy_Shield+1","floor":35},{"not_picked":["Finger_Of_Death","Blood_Curse+1","Necrotic_Claws","Blood_Shield"],"picked":"SKIP","floor":35},{"not_picked":["Life_Drain+1","Slay_Living+1","Bones_to_Steel+1"],"picked":"Bone_Shift","floor":37},{"not_picked":["Exploit+1","Pandemic","Vampiric_Strike","Blood_Curse+1"],"picked":"SKIP","floor":38},{"not_picked":["Blood_Curse","Death_Coil","Blood_Magic","Bone_Spikes+1"],"picked":"SKIP","floor":38},{"not_picked":["Dark Shackles","Dramatic Entrance","PanicButton"],"picked":"Finesse","floor":39},{"not_picked":["TH:ArmorSpikes","TH:TreasureMap","TH:EnergyPotion"],"picked":"SKIP","floor":40},{"not_picked":["Blood_Is_Power+1","Death_Coil+1","Strike_from_Beyond+1","Spectral_Armor"],"picked":"SKIP","floor":40},{"not_picked":["Bone_Spikes+1","Vampiric_Strike","Life_Drain"],"picked":"Bone_Armor","floor":42},{"not_picked":["TH:ElvenBoots","TH:Mimic","TH:DeckOfManyThings"],"picked":"SKIP","floor":43},{"not_picked":["Siphon_Strength","Chill_Blood+1","Strike_from_Beyond"],"picked":"Toxic_Smoke_Screen","floor":44},{"not_picked":["TH:DeckOfManyThings","TH:BikiniMail","TH:PixieDust"],"picked":"SKIP","floor":44},{"not_picked":["Blood_Curse","Life_Drain+1","Thousand_Bone_Knives"],"picked":"Toxic_Smoke_Screen","floor":46},{"not_picked":["TH:CopperCoins","TH:TreasureMap","TH:PixieDust"],"picked":"SKIP","floor":46},{"not_picked":["Chill_Blood","Vampiric_Strike+1","Toxic_Smoke_Screen+1"],"picked":"Negative_Energy_Shield+1","floor":47},{"not_picked":["Summon_Death_Knight","Bones_to_Steel","Bone_Shift","Blood_Curse"],"picked":"SKIP","floor":47}],"player_experience":511726,"relics_obtained":[{"floor":6,"key":"Boot"},{"floor":9,"key":"MawBank"},{"floor":26,"key":"Regal Pillow"},{"floor":27,"key":"Prayer Wheel"},{"floor":29,"key":"Bronze Scales"},{"floor":37,"key":"Girya"},{"floor":40,"key":"Smiling Mask"},{"floor":42,"key":"Incense Burner"},{"floor":43,"key":"Oddly Smooth Stone"},{"floor":44,"key":"Huge Egg"},{"floor":46,"key":"Sundial"}],"event_choices":[{"damage_healed":0,"gold_gain":0,"player_choice":"Donut","damage_taken":0,"max_hp_gain":5,"max_hp_loss":0,"event_name":"Big Fish","floor":8,"gold_loss":0},{"cards_removed":["Skeleton_Dragon"],"damage_healed":0,"gold_gain":0,"player_choice":"Removed Power","damage_taken":0,"max_hp_gain":0,"max_hp_loss":0,"event_name":"Falling","floor":36,"gold_loss":0},{"damage_healed":0,"gold_gain":0,"player_choice":"Fight","damage_taken":0,"max_hp_gain":0,"max_hp_loss":0,"event_name":"Mysterious Sphere","floor":37,"gold_loss":0},{"damage_healed":0,"gold_gain":0,"player_choice":"Memory 1","damage_taken":0,"max_hp_gain":0,"max_hp_loss":0,"event_name":"SensoryStone","floor":39,"gold_loss":0},{"damage_healed":0,"gold_gain":0,"player_choice":"Fight","damage_taken":0,"max_hp_gain":0,"max_hp_loss":0,"event_name":"MindBloom","floor":42,"gold_loss":0}],"is_beta":false,"boss_relics":[{"not_picked":["Busted Crown","SlaversCollar"],"picked":"Sozu"},{"not_picked":["Velvet Choker","Astrolabe"],"picked":"Fusion Hammer"}],"items_purged_floors":[],"is_endless":false,"potions_floor_spawned":[3,4,10,12,16,24,27,28,30,33,35,37,38,40,47],"ascension_level":0}}