{"host":"uceopoba4zvqsgiy","time":1612947302,"event":{"mods":["2.2 Compatiblity","Act Like it!","BaseMod","Better Skull","Better Third Choice","Elementarium","Evolution","GifTheSpireLib","Hermit","Humility","Infinite Spire","Jorbs\u0027s Wanderer Trilogy","Marked Mod","Minty Spire (QoL Compilation)","Potionbrewer","Reliquary","Replay The Spire","Robot Space Explorer","Shade Mod","Spicy Shops","StS++","StSLib","Stuff the Spire","The Blue Laboratory","The Caster","The Cursed","The Dragon Tamer","The Hierophant","The Judge","The Jungle","TheSurvivalist","Wandering Minibosses"],"gold_per_floor":[111,111,111,111,131,165,165,165,191,218,218,166,195,220,220,325,325,350,350,365,380,380,409,423,413,413],"floor_reached":25,"language":"ENG","playtime":4443,"items_purged":[],"score":339,"play_id":"5c18f61d-e141-40f3-b7ad-318e272f7755","local_time":"20210210192502","is_ascension_mode":false,"campfire_choices":[{"floor":8.0,"key":"REST"},{"data":"Judgement","floor":15,"key":"SMITH"}],"circlet_count":0,"master_deck":["Replay:BluntJabs","Replay:BluntJabs+1","Replay:BluntJabs+1","Replay:BluntJabs","ThirdEye","ThirdEye","ThirdEye","ThirdEye","Eruption","Vigilance","StuffTheSpire:Coldhearted","Judgement+1","Collect+1","TalkToTheHand","TalkToTheHand","Study","Establishment","Nirvana+1"],"relics":["EVO:Axolotl","potionbrewer:BhaskarasWheel","Gremlin Food","Akabeko","Whetstone","Boot","Bronze Scales","CeramicFish","reliquary:WritOfMandamus","potionbrewer:Torch","Golden Egg"],"acts_visited":["Exordium","TheCity"],"potions_floor_usage":[16,16,16,24],"damage_taken":[{"damage":0.0,"enemies":"Jaw Worm","floor":1.0,"turns":4.0},{"damage":0.0,"enemies":"Small Slimes","floor":5.0,"turns":2.0},{"damage":34.0,"enemies":"Gremlin Nob","floor":6.0,"turns":6.0},{"damage":40,"enemies":"3 Sentries","floor":10,"turns":10},{"damage":7,"enemies":"Replay:BlueRogue","floor":13,"turns":3},{"damage":0,"enemies":"2 Louse","floor":14,"turns":1},{"damage":0,"enemies":"Slime Boss","floor":16,"turns":6},{"damage":0,"enemies":"Shell Parasite","floor":18,"turns":4},{"damage":26,"enemies":"Spheric Guardian","floor":20,"turns":4},{"damage":1,"enemies":"Cultist and Chosen","floor":21,"turns":4},{"damage":10,"enemies":"Nightmare","floor":23,"turns":6},{"damage":34,"enemies":"Shelled Parasite and Fungi","floor":24,"turns":3},{"damage":13,"enemies":"Gremlin Leader","floor":25,"turns":2}],"seed_played":"-3194464686174290253","potions_obtained":[{"floor":1.0,"key":"blueLaboratory:HummingbirdPotion"},{"floor":6.0,"key":"SteroidPotion"},{"floor":10,"key":"FearPotion"},{"floor":14,"key":"potionbrewer:StunPotion"},{"floor":16,"key":"Milkshake"},{"floor":18,"key":"blueLaboratory:PhilterOfMotion"}],"is_trial":false,"path_per_floor":["M","?","?","?","M","E","?","R","T","E","?","$","E","M","R","B",null,"M","?","M","M","AVR","NM","M","E"],"character_chosen":"WATCHER","items_purchased":["TalkToTheHand"],"campfire_rested":1,"item_purchase_floors":[12],"current_hp_per_floor":[80,80,57,57,57,23,23,47,47,7,80,80,73,73,73,73,80,80,80,54,53,53,43,9,0,0],"gold":413,"neow_bonus":"BOSS_RELIC","is_daily":false,"chose_seed":false,"campfire_upgraded":1,"win_rate":0.0,"timestamp":1612947302,"path_taken":["M","?","?","?","?","E","?","R","T","E","?","$","E","?","R","BOSS","M","?","M","M","AVR","NM","M","E"],"items_purchased_type":["Card"],"build_version":"2020-12-22","purchased_purges":0,"victory":false,"max_hp_per_floor":[80,80,80,80,80,80,80,80,80,80,80,80,80,80,80,80,80,80,80,80,80,80,80,80,80,80],"card_choices":[{"not_picked":["BowlingBash","EmptyFist","ClearTheMind"],"picked":"SKIP","floor":1.0},{"not_picked":["Perseverance","Replay:Cycle"],"picked":"Judgement","floor":5.0},{"not_picked":["Evaluate","Replay:BluntJabs"],"picked":"Collect","floor":6.0},{"not_picked":["EmptyBody","BowlingBash"],"picked":"WindmillStrike","floor":10},{"not_picked":["Replay:Battleflow","SignatureMove","Consecrate"],"picked":"SKIP","floor":13},{"not_picked":["Protect","MarkedMod:OneThousandNeedles"],"picked":"Study","floor":14},{"not_picked":["DeusExMachina","Wish"],"picked":"Establishment","floor":16},{"not_picked":["EmptyFist","Tantrum"],"picked":"Nirvana+1","floor":18},{"not_picked":["FollowUp+1","Prostrate+1","Consecrate"],"picked":"SKIP","floor":20},{"not_picked":["Halt","Crescendo+1","MarkedMod:Acupuncture+1"],"picked":"SKIP","floor":21},{"not_picked":["EmptyFist+1","Conclude","Protect+1"],"picked":"SKIP","floor":23},{"not_picked":["EmptyBody","Indignation","StSpp:Chanting"],"picked":"SKIP","floor":24}],"player_experience":1787277,"relics_obtained":[{"floor":6.0,"key":"Whetstone"},{"floor":9.0,"key":"Boot"},{"floor":10,"key":"Bronze Scales"},{"floor":13,"key":"CeramicFish"},{"floor":23,"key":"Golden Egg"}],"event_choices":[{"cards_removed":["StuffTheSpire:CuriosityCurse"],"damage_healed":0.0,"max_hp_gain":0.0,"max_hp_loss":0.0,"gold_gain":0.0,"event_name":"Purifier","player_choice":"Purged","floor":4.0,"gold_loss":0.0,"damage_taken":0.0},{"cards_removed":["WindmillStrike"],"damage_healed":73,"gold_gain":0,"player_choice":"Offered Uncommon","damage_taken":0,"max_hp_gain":0,"max_hp_loss":0,"event_name":"Bonfire Elementals","floor":11,"gold_loss":0}],"is_beta":false,"boss_relics":[{"not_picked":["SacredBark","Replay:Wanted Poster"],"picked":"reliquary:WritOfMandamus"}],"items_purged_floors":[],"is_endless":false,"potions_floor_spawned":[1,6,10,14,16,18],"killed_by":"Gremlin Leader","ascension_level":0,"is_humility":true}}