{"host":"bakf0s4odzu8z5xt","time":1612984895,"event":{"mods":["2.2 Compatiblity","BaseMod","Downfall","Friendly Minions","Minty Spire (QoL Compilation)","StSLib"],"gold_per_floor":[199,213,233,233,245,145,194,226,38,53,53,70,82,67,79,175,175,75,92,109,127,143,243,243,243,257,275,275,301,201,215,233,233,233,233],"floor_reached":33,"language":"ENG","playtime":2557,"items_purged":["hexamod:Strike"],"score":410,"play_id":"3c5ba269-d8ad-43bb-86b0-1911af106a46","local_time":"20210210132135","is_ascension_mode":true,"campfire_choices":[{"floor":1,"key":"RECALL"},{"data":"hexamod:Sear","floor":6,"key":"SMITH"},{"data":"hexamod:SearingWound","floor":11,"key":"SMITH"},{"data":"hexamod:SearingWound","floor":18,"key":"SMITH"},{"floor":28,"key":"REST"},{"floor":30,"key":"REST"}],"circlet_count":0,"master_deck":["hexamod:Strike","hexamod:Strike","hexamod:Strike","hexamod:Defend","hexamod:Defend","hexamod:Defend","hexamod:Defend","hexamod:Sear+1","hexamod:Float","hexamod:ChargedBarrage","hexamod:Hexaguard","hexamod:HauntingEcho","hexamod:SearingWound+1","hexamod:PhantomCloak","hexamod:ThermalTransfer","hexamod:HeatMetal","hexamod:ShieldOfDarkness","hexamod:SpectersWail","hexamod:GhostOfSpireFuture","hexamod:SearingWound+1","hexamod:AdvancingGuard","hexamod:FastForward","hexamod:SoulSteal","hexamod:VolcanoVisage","Necronomicurse","hexamod:InspiringFlames+1","hexamod:BurningTouch+1"],"relics":["hexamod:SpiritBrand","downfall:HeartBlessingRed","hexamod:MatchstickCase","hexamod:IceCube","downfall:HeartBlessingBlue","Calipers","Ornamental Fan","Lantern","Necronomicon","Mercury Hourglass","downfall:HeartBlessingGreen"],"acts_visited":["Exordium","TheCity"],"potions_floor_usage":[8,8,19,19,27,28,29,32],"damage_taken":[{"damage":2,"enemies":"Jaw Worm","floor":2,"turns":4},{"damage":0,"enemies":"Cultist","floor":3,"turns":3},{"damage":0,"enemies":"2 Louse","floor":5,"turns":3},{"damage":0,"enemies":"Lagavulin","floor":8,"turns":5},{"damage":3,"enemies":"downfall:FleeingMerchant","floor":9,"turns":4},{"damage":0,"enemies":"Large Slime","floor":10,"turns":3},{"damage":0,"enemies":"Blue Slaver","floor":12,"turns":3},{"damage":12,"enemies":"Lots of Slimes","floor":13,"turns":2},{"damage":3,"enemies":"downfall:FleeingMerchant","floor":14,"turns":4},{"damage":5,"enemies":"Exordium Wildlife","floor":15,"turns":4},{"damage":0,"enemies":"SI_SHIV_ARCHETYPE","floor":16,"turns":5},{"damage":1,"enemies":"Shell Parasite","floor":19,"turns":4},{"damage":6,"enemies":"Centurion and Healer","floor":20,"turns":5},{"damage":11,"enemies":"Shelled Parasite and Fungi","floor":21,"turns":5},{"damage":9,"enemies":"Snake Plant","floor":22,"turns":4},{"damage":14,"enemies":"Colosseum Nobs","floor":23,"turns":4},{"damage":0,"enemies":"Sentry and Sphere","floor":26,"turns":3},{"damage":11,"enemies":"Shelled Parasite and Fungi","floor":27,"turns":4},{"damage":16,"enemies":"Book of Stabbing","floor":29,"turns":6},{"damage":6,"enemies":"Centurion and Healer","floor":31,"turns":6},{"damage":6,"enemies":"Snecko","floor":32,"turns":4},{"damage":48,"enemies":"DF_ARCHETYPE_CLAW","floor":33,"turns":8}],"seed_played":"-328496433731287952","potions_obtained":[{"floor":3,"key":"CultistPotion"},{"floor":4,"key":"Energy Potion"},{"floor":4,"key":"FearPotion"},{"floor":5,"key":"AttackPotion"},{"floor":12,"key":"FearPotion"},{"floor":15,"key":"DuplicationPotion"},{"floor":16,"key":"DuplicationPotion"},{"floor":19,"key":"LiquidMemories"},{"floor":20,"key":"Fire Potion"},{"floor":27,"key":"Fruit Juice"},{"floor":31,"key":"Block Potion"},{"floor":32,"key":"sneckomod:MuddlingPotion"}],"is_trial":false,"path_per_floor":["R","M","M","?","M","R","T","E","$","M","R","M","M","$","M","B",null,"R","M","M","M","M","?","T","?","M","M","R","E","R","M","M","B"],"character_chosen":"THE_SPIRIT","items_purchased":["hexamod:PhantomCloak","hexamod:ThermalTransfer"],"campfire_rested":2,"item_purchase_floors":[9,9],"current_hp_per_floor":[70,68,68,68,68,68,68,68,65,65,65,65,53,50,45,45,70,80,79,73,62,53,39,39,23,23,12,42,26,51,45,39,0,0,0],"gold":233,"neow_bonus":"HUNDRED_GOLD","is_daily":false,"chose_seed":false,"campfire_upgraded":3,"win_rate":0.0,"timestamp":1612984895,"path_taken":["R","M","M","?","M","R","T","E","?","M","R","M","?","$","M","BOSS","R","M","M","M","M","?","T","?","M","M","R","E","R","M","M","BOSS"],"items_purchased_type":["Card","Card"],"build_version":"2020-12-22","purchased_purges":1,"victory":false,"max_hp_per_floor":[70,70,70,70,70,70,70,70,70,70,70,70,70,70,70,70,70,80,80,80,80,80,80,80,80,80,80,85,85,85,85,85,85,85,85],"card_choices":[{"not_picked":["hexamod:AdvancingGuard","hexamod:GhostShield"],"picked":"hexamod:ChargedBarrage","floor":2},{"not_picked":["hexamod:NightmareGuise","hexamod:NightmareStrike"],"picked":"hexamod:Hexaguard","floor":3},{"not_picked":["hexamod:PhantomCloak","hexamod:SuperheatedStrike"],"picked":"hexamod:HauntingEcho","floor":5},{"not_picked":["hexamod:Firestarter","hexamod:PhantomCloak"],"picked":"hexamod:SearingWound","floor":8},{"not_picked":["hexamod:SecondSeal","hexamod:HeatCrush","hexamod:NightmareStrike"],"picked":"SKIP","floor":9},{"not_picked":["hexamod:BacktrackSmack","hexamod:RecurringNightmare"],"picked":"hexamod:HeatMetal","floor":10},{"not_picked":["hexamod:SecondSeal","hexamod:Haunt"],"picked":"hexamod:ShieldOfDarkness","floor":12},{"not_picked":["hexamod:GhostShield","hexamod:NightmareGuise","hexamod:HeatMetal"],"picked":"SKIP","floor":13},{"not_picked":["hexamod:SecondSeal","hexamod:SwordOfDarkness"],"picked":"hexamod:SpectersWail","floor":14},{"not_picked":["hexamod:GhostShield","hexamod:Firestarter"],"picked":"hexamod:GhostOfSpireFuture","floor":15},{"not_picked":["hexamod:GhostOfSpirePresent","hexamod:TimeOfNeed"],"picked":"hexamod:SearingWound","floor":16},{"not_picked":["hexamod:FlamesFromBeyond","hexamod:Hexaguard"],"picked":"hexamod:AdvancingGuard","floor":19},{"not_picked":["hexamod:ExtraCrispy","hexamod:GhostLash"],"picked":"hexamod:FastForward","floor":20},{"not_picked":["hexamod:SwordOfDarkness+1","hexamod:HeatCrush"],"picked":"hexamod:SoulSteal","floor":21},{"not_picked":["hexamod:Again+1","hexamod:NightmareGuise","hexamod:ThermalTransfer"],"picked":"SKIP","floor":22},{"not_picked":["hexamod:SpectralSpark+1","hexamod:HauntingEcho"],"picked":"hexamod:VolcanoVisage","floor":23},{"not_picked":["hexamod:HeatMetal","hexamod:NightmareGuise","hexamod:SwordOfDarkness"],"picked":"SKIP","floor":26},{"not_picked":["hexamod:NightmareGuise","hexamod:Firestarter"],"picked":"hexamod:InspiringFlames+1","floor":27},{"not_picked":["hexamod:SuperheatedStrike","hexamod:GhostShield","hexamod:HauntingEcho"],"picked":"SKIP","floor":29},{"not_picked":["hexamod:SecondSeal","hexamod:HeatMetal+1"],"picked":"hexamod:BurningTouch+1","floor":31},{"not_picked":["hexamod:GhostflameBarrier","hexamod:Firestarter","hexamod:GhostOfSpirePresent"],"picked":"SKIP","floor":32}],"player_experience":2137891,"relics_obtained":[{"floor":8,"key":"hexamod:MatchstickCase"},{"floor":23,"key":"Calipers"},{"floor":23,"key":"Ornamental Fan"},{"floor":24,"key":"Lantern"},{"floor":25,"key":"Necronomicon"},{"floor":29,"key":"Mercury Hourglass"}],"event_choices":[{"damage_healed":0,"gold_gain":0,"player_choice":"Got Potions","damage_taken":0,"max_hp_gain":0,"max_hp_loss":0,"event_name":"Lab","floor":4,"gold_loss":0}],"is_beta":false,"boss_relics":[{"not_picked":["Calling Bell","Black Star"],"picked":"hexamod:IceCube"}],"items_purged_floors":[9],"is_endless":false,"potions_floor_spawned":[3,5,12,15,16,19,20,26,27,31,32],"killed_by":"DF_ARCHETYPE_CLAW","ascension_level":2}}