{"host":"m4pe905ae9bldoe7","time":1612988189,"event":{"mods":["BaseMod","Bestiary","Block Reminder","Downfall","Minty Spire (QoL Compilation)","StSLib"],"gold_per_floor":[215,119,131,146,72,83,48,25,25,40,72,72,95,107,123,135,135,147,167,180,180,283,283,327,252,55,55,93,93,118,118,160,46,46,92,182,82,82,82,98,98,203,203,223,223,250,0,41,41,1040,1040,1040,1040,30,30,43,63,63,63,63,63,2,28,28,28],"floor_reached":64,"language":"ENG","playtime":3190,"items_purged":["Defend_P","Strike_P","Normality"],"score":790,"play_id":"46ac4ddd-fa2e-4702-ab68-c9039aaa8a0f","local_time":"20210210211629","is_ascension_mode":false,"campfire_choices":[{"data":"MentalFortress","floor":9.0,"key":"SMITH"},{"floor":12.0,"key":"REST"},{"data":"Blasphemy","floor":21.0,"key":"SMITH"},{"data":"Wish","floor":29.0,"key":"SMITH"},{"floor":31.0,"key":"REST"},{"floor":38.0,"key":"REST"},{"floor":41.0,"key":"REST"},{"floor":49.0,"key":"REST"},{"floor":53.0,"key":"RECALL"},{"data":"Devotion","floor":55.0,"key":"SMITH"},{"floor":58.0,"key":"REST"},{"data":"Alpha","floor":61,"key":"SMITH"}],"circlet_count":0,"master_deck":["Strike_P","Strike_P","Defend_P","Defend_P","Defend_P","Eruption","Vigilance","Conclude","Worship","FlurryOfBlows","EmptyFist+1","Crescendo","MentalFortress+1","Protect","FlurryOfBlows","Blasphemy+1","ClearTheMind","Wallop","InnerPeace","TalkToTheHand","SandsOfTime","CarveReality","Consecrate","Wish+1","CrushJoints+1","TalkToTheHand+1","Alpha+1","FlyingSleeves+1","WreathOfFlame","Indignation","SignatureMove","Omniscience","Devotion+1","Prostrate","Normality","MentalFortress+1","WindmillStrike","FollowUp+1","Halt+1","Judgement"],"relics":["PureWater","Unceasing Top","Nunchaku","Runic Pyramid","Tiny Chest","Nloth\u0027s Gift","Juzu Bracelet","Matryoshka","Akabeko","VioletLotus","The Courier","Whetstone","Meat on the Bone","Bag of Marbles","Mango","DollysMirror","TungstenRod","Art of War","Mercury Hourglass","Strawberry","Sundial"],"acts_visited":["Exordium","TheCity","TheBeyond","TheEnding"],"potions_floor_usage":[59,59,64,64],"damage_taken":[{"damage":7.0,"enemies":"Cultist","floor":1.0,"turns":3.0},{"damage":7.0,"enemies":"2 Louse","floor":3.0,"turns":2.0},{"damage":3.0,"enemies":"Jaw Worm","floor":4.0,"turns":2.0},{"damage":5.0,"enemies":"Exordium Thugs","floor":6.0,"turns":2.0},{"damage":8.0,"enemies":"Lots of Slimes","floor":10.0,"turns":3.0},{"damage":38.0,"enemies":"Lagavulin","floor":11.0,"turns":5.0},{"damage":0.0,"enemies":"Looter","floor":14.0,"turns":1.0},{"damage":0.0,"enemies":"Exordium Thugs","floor":15.0,"turns":2.0},{"damage":0.0,"enemies":"Gremlin Gang","floor":16.0,"turns":1.0},{"damage":6.0,"enemies":"Red Slaver","floor":18.0,"turns":3.0},{"damage":0.0,"enemies":"3 Louse","floor":19.0,"turns":1.0},{"damage":5.0,"enemies":"Large Slime","floor":20.0,"turns":3.0},{"damage":17.0,"enemies":"Hexaghost","floor":22.0,"turns":7.0},{"damage":0.0,"enemies":"Spheric Guardian","floor":24.0,"turns":4.0},{"damage":5.0,"enemies":"Chosen","floor":28.0,"turns":4.0},{"damage":48.0,"enemies":"Slavers","floor":30.0,"turns":4.0},{"damage":6.0,"enemies":"Centurion and Healer","floor":32.0,"turns":6.0},{"damage":7.0,"enemies":"Shelled Parasite and Fungi","floor":35.0,"turns":3.0},{"damage":29.0,"enemies":"Snake Plant","floor":40.0,"turns":6.0},{"damage":30.0,"enemies":"Champ","floor":42.0,"turns":8.0},{"damage":4.0,"enemies":"Orb Walker","floor":44.0,"turns":3.0},{"damage":30.0,"enemies":"3 Darklings","floor":48.0,"turns":5.0},{"damage":42.0,"enemies":"Maw","floor":56.0,"turns":8.0},{"damage":11.0,"enemies":"Sphere and 2 Shapes","floor":57.0,"turns":3.0},{"damage":71,"enemies":"Donu and Deca","floor":59,"turns":7},{"damage":100069,"enemies":"Shield and Spear","floor":63,"turns":7},{"damage":52,"enemies":"The Heart","floor":64,"turns":3}],"seed_played":"6678182445136323982","potions_obtained":[{"floor":1.0,"key":"FairyPotion"},{"floor":4.0,"key":"Fire Potion"},{"floor":6.0,"key":"Regen Potion"},{"floor":20.0,"key":"Fire Potion"},{"floor":30.0,"key":"Regen Potion"},{"floor":35.0,"key":"SpeedPotion"},{"floor":63,"key":"hexamod:SoulburnPotion"}],"is_trial":false,"path_per_floor":["M","$","M","M","$","M","?","$","R","M","E","R","T","M","M","M","?","M","M","M","R","B",null,"M","?","$","?","M","R","E","R","M","$","T","M","?","$","R","T","M","R","B",null,"M","?","T","$","M","R","?","T","T","R","$","R","M","M","R","B",null,"R","$","E","B"],"character_chosen":"WATCHER","items_purchased":["Worship","FlurryOfBlows","MentalFortress","FlurryOfBlows","Tiny Chest","WreathOfFlame","Indignation","Meat on the Bone","Prostrate","PowerPotion","StancePotion","DollysMirror","TungstenRod","Art of War","Mercury Hourglass","Strawberry","WindmillStrike","GamblersBrew"],"campfire_rested":6,"item_purchase_floors":[2,2,5,8,26,33,33,47,47,47,54,54,54,54,54,54,54,62],"current_hp_per_floor":[65,65,58,55,55,50,68,68,68,60,22,43,43,43,43,43,43,37,37,32,32,30,72,72,72,72,72,67,67,19,40,34,34,34,27,15,15,36,36,7,28,13,72,68,68,68,68,38,59,59,59,73,73,80,80,50,51,78,19,93,93,93,39,0,0],"gold":28,"neow_bonus":"HUNDRED_GOLD","is_daily":false,"chose_seed":false,"campfire_upgraded":5,"win_rate":0.0,"timestamp":1612988189,"path_taken":["M","$","M","?","$","M","?","$","R","M","E","R","T","M","M","M","?","?","M","?","R","BOSS","M","?","$","?","M","R","E","R","M","$","T","M","?","?","R","?","M","R","BOSS","M","?","?","$","M","R","?","?","T","R","$","R","M","M","R","BOSS","R","$","E","BOSS"],"items_purchased_type":["Card","Card","Card","Card","Relic","Card","Card","Relic","Card","Potion","Potion","Relic","Relic","Relic","Relic","Relic","Card","Potion"],"build_version":"2020-12-22","purchased_purges":3,"victory":false,"max_hp_per_floor":[72,72,72,72,72,72,72,72,72,72,72,72,72,72,72,72,72,72,72,72,72,72,72,72,72,72,72,72,72,72,72,72,72,72,72,72,72,72,72,72,72,72,72,72,72,72,72,72,72,72,72,86,86,93,93,93,93,93,93,93,93,93,93,93,93],"card_choices":[{"not_picked":["Vengeance","Perseverance"],"picked":"Conclude","floor":1.0},{"not_picked":["EmptyMind","CutThroughFate"],"picked":"EmptyFist","floor":3.0},{"not_picked":["ThirdEye","Fasting2"],"picked":"Crescendo","floor":4.0},{"not_picked":["Prostrate","CutThroughFate"],"picked":"Protect","floor":6.0},{"not_picked":["Evaluate","SignatureMove"],"picked":"Blasphemy","floor":10.0},{"not_picked":["Perseverance","BattleHymn"],"picked":"ClearTheMind","floor":11.0},{"not_picked":["FlurryOfBlows","FollowUp"],"picked":"Wallop","floor":14.0},{"not_picked":["EmptyBody","CutThroughFate"],"picked":"InnerPeace","floor":15.0},{"not_picked":["CrushJoints","Conclude"],"picked":"TalkToTheHand","floor":16.0},{"not_picked":["Halt","EmptyBody"],"picked":"SandsOfTime","floor":18.0},{"not_picked":["Halt","Prostrate"],"picked":"CarveReality","floor":19.0},{"not_picked":["EmptyBody","Nirvana"],"picked":"Consecrate","floor":20.0},{"not_picked":["DeusExMachina","Vault"],"picked":"Wish","floor":22.0},{"not_picked":["Meditate","FearNoEvil"],"picked":"CrushJoints","floor":24.0},{"not_picked":["EmptyFist","WindmillStrike+1"],"picked":"TalkToTheHand+1","floor":28.0},{"not_picked":["FlurryOfBlows","SignatureMove"],"picked":"Alpha","floor":30.0},{"not_picked":["Worship","FlurryOfBlows"],"picked":"FlyingSleeves+1","floor":32.0},{"not_picked":["Collect","SashWhip+1","Evaluate"],"picked":"SKIP","floor":35.0},{"not_picked":["Brilliance","Perseverance"],"picked":"SignatureMove","floor":40.0},{"not_picked":["Wish","Blasphemy"],"picked":"Omniscience","floor":42.0},{"not_picked":["CrushJoints","InnerPeace+1"],"picked":"Devotion","floor":44.0},{"not_picked":["CutThroughFate+1","Prostrate+1","ThirdEye+1"],"picked":"SKIP","floor":48.0},{"not_picked":["MasterReality","ThirdEye+1"],"picked":"FollowUp+1","floor":56.0},{"not_picked":["Collect","CrushJoints+1"],"picked":"Halt+1","floor":57.0},{"not_picked":["BowlingBash","CarveReality"],"picked":"Judgement","floor":63}],"player_experience":551769,"relics_obtained":[{"floor":11.0,"key":"Unceasing Top"},{"floor":13.0,"key":"Smiling Mask"},{"floor":30.0,"key":"Juzu Bracelet"},{"floor":34.0,"key":"Matryoshka"},{"floor":39.0,"key":"Akabeko"},{"floor":46.0,"key":"The Courier"},{"floor":46.0,"key":"Whetstone"},{"floor":51.0,"key":"Bag of Marbles"},{"floor":52.0,"key":"Mango"},{"floor":63,"key":"Sundial"}],"event_choices":[{"damage_healed":18.0,"max_hp_gain":0.0,"max_hp_loss":0.0,"gold_gain":0.0,"event_name":"The Cleric","player_choice":"Healed","floor":7.0,"gold_loss":35.0,"damage_taken":0.0},{"damage_healed":0.0,"max_hp_gain":0.0,"max_hp_loss":0.0,"gold_gain":0.0,"event_name":"WeMeetAgain","player_choice":"Gave Potion","floor":17.0,"gold_loss":0.0,"damage_taken":0.0,"relics_obtained":["Nunchaku"]},{"cards_removed":["Strike_P"],"damage_healed":0.0,"max_hp_gain":0.0,"max_hp_loss":0.0,"gold_gain":0.0,"event_name":"Beggar","player_choice":"Gave Gold","floor":25.0,"gold_loss":75.0,"damage_taken":0.0},{"damage_healed":0.0,"max_hp_gain":0.0,"max_hp_loss":0.0,"gold_gain":0.0,"event_name":"N\u0027loth","player_choice":"Traded Relic","floor":27.0,"relics_lost":["Smiling Mask"],"gold_loss":0.0,"damage_taken":0.0,"relics_obtained":["Nloth\u0027s Gift"]},{"damage_healed":0.0,"max_hp_gain":0.0,"max_hp_loss":0.0,"gold_gain":90.0,"event_name":"Knowing Skull","player_choice":"GOLD ","floor":36.0,"potions_obtained":[],"gold_loss":0.0,"damage_taken":12.0,"cards_obtained":[]},{"damage_healed":0.0,"max_hp_gain":0.0,"max_hp_loss":0.0,"gold_gain":0.0,"event_name":"Mysterious Sphere","player_choice":"Ignored","floor":45.0,"gold_loss":0.0,"damage_taken":0.0},{"damage_healed":0.0,"max_hp_gain":0.0,"max_hp_loss":0.0,"gold_gain":999.0,"event_name":"MindBloom","player_choice":"Gold","floor":50.0,"gold_loss":0.0,"damage_taken":0.0,"cards_obtained":["Normality","Normality"]}],"is_beta":false,"boss_relics":[{"not_picked":["Busted Crown","Astrolabe"],"picked":"Runic Pyramid"},{"not_picked":["Cursed Key","Snecko Eye"],"picked":"VioletLotus"}],"items_purged_floors":[26,37,54],"is_endless":false,"potions_floor_spawned":[1,4,6,14,15,20,30,32,35,56,57,63],"killed_by":"The Heart","ascension_level":0}}