{"host":"7v9t59ze4jbx2rzq","time":1612998671,"event":{"mods":["Act Like it!","Ascension Unlocker","Aya Shameimaru","BaseMod","Colored Powertips","Dark Map","Fox Events","Highlight Path","Minty Spire (QoL Compilation)","Optimize The Spire","Ruina","StSLib","The Hydrologist","The Widow","Wide Potions"],"gold_per_floor":[215,227,242,242,255,255,290,302,302,302,314,342,47,47,47,140,140,165,188,188,88,30,30,63,82,82,29,29,0,34,34,34],"floor_reached":31,"language":"ENG","playtime":4044,"items_purged":["hydrologistmod:Strike_Hydrologist"],"score":626,"play_id":"a3c7d758-d168-45f1-b82c-5c6d6c1c5b64","local_time":"20210210181111","is_ascension_mode":true,"campfire_choices":[{"data":"hydrologistmod:Drench","floor":6,"key":"SMITH"},{"data":"hydrologistmod:Debilitate","floor":10,"key":"SMITH"},{"data":"hydrologistmod:Dehydrate","floor":15,"key":"SMITH"},{"floor":23,"key":"REST"}],"circlet_count":0,"master_deck":["AscendersBane","hydrologistmod:FrostWhip","hydrologistmod:Hydraulics","hydrologistmod:Defend_Hydrologist","hydrologistmod:Defend_Hydrologist","hydrologistmod:Defend_Hydrologist","hydrologistmod:UnstableDefend","hydrologistmod:UnstableDefend","hydrologistmod:Drench+1","hydrologistmod:FrozenCapsule","hydrologistmod:SoggySynthesis","hydrologistmod:StaticSteam","hydrologistmod:Debilitate+1","hydrologistmod:Dehydrate+1","hydrologistmod:Slurry","hydrologistmod:BranchingCreeks","hydrologistmod:PressureCycle","hydrologistmod:Endothermancy","hydrologistmod:ScaldingGeyser","hydrologistmod:ViscousShell","hydrologistmod:HighTide+1","hydrologistmod:GlacialSynthesis","Clumsy","hydrologistmod:PureIce"],"relics":["hydrologistmod:WaterPouch","Regal Pillow","Pear","Gambling Chip","OrangePellets","Golden Idol","Cursed Key","Blue Candle","ruina:FalsePresent","Vajra"],"acts_visited":["Exordium","Exordium"],"potions_floor_usage":[7,12,16,16,19,25,30,30],"damage_taken":[{"damage":4,"enemies":"Jaw Worm","floor":1,"turns":5},{"damage":0,"enemies":"Cultist","floor":2,"turns":3},{"damage":6,"enemies":"2 Louse","floor":3,"turns":3},{"damage":5,"enemies":"Looter","floor":5,"turns":4},{"damage":0,"enemies":"3 Sentries","floor":7,"turns":2},{"damage":0,"enemies":"Exordium Wildlife","floor":8,"turns":3},{"damage":3,"enemies":"Blue Slaver","floor":11,"turns":2},{"damage":0,"enemies":"Lagavulin","floor":12,"turns":3},{"damage":33,"enemies":"Hexaghost","floor":16,"turns":10},{"damage":40,"enemies":"ruina:Nosferatu","floor":18,"turns":8},{"damage":12,"enemies":"ruina:3_Bats","floor":19,"turns":5},{"damage":80,"enemies":"ruina:RoadHome","floor":24,"turns":8},{"damage":7,"enemies":"ruina:KnightOfDespair","floor":25,"turns":6},{"damage":8,"enemies":"ruina:Mountain","floor":30,"turns":9},{"damage":31,"enemies":"ruina:Woodsman","floor":31,"turns":3}],"seed_played":"286327926375125682","potions_obtained":[{"floor":4,"key":"CultistPotion"},{"floor":5,"key":"Explosive Potion"},{"floor":7,"key":"Strength Potion"},{"floor":12,"key":"Strength Potion"},{"floor":18,"key":"Energy Potion"},{"floor":19,"key":"FairyPotion"},{"floor":24,"key":"Weak Potion"},{"floor":29,"key":"Strength Potion"}],"is_trial":false,"path_per_floor":["M","M","M","?","M","R","E","M","T","R","M","E","$","?","R","B",null,"M","M","?","?","$","R","E","M","T","$","?","?","E","M"],"character_chosen":"HYDROLOGIST_CLASS","items_purchased":["OrangePellets","Block Potion","hydrologistmod:ViscousShell","Swift Potion"],"campfire_rested":1,"item_purchase_floors":[13,13,22,27],"current_hp_per_floor":[61,61,55,55,50,50,50,50,60,60,57,57,57,57,57,24,62,22,10,10,10,10,47,24,17,17,17,31,27,19,0,0],"gold":34,"neow_bonus":"HUNDRED_GOLD","is_daily":false,"chose_seed":false,"campfire_upgraded":3,"win_rate":0.0,"timestamp":1612998671,"path_taken":["M","M","M","?","M","R","E","?","T","R","?","E","$","?","R","BOSS","M","M","?","?","?","R","E","?","T","$","?","?","E","M"],"items_purchased_type":["Relic","Potion","Card","Potion"],"build_version":"2020-12-22","purchased_purges":1,"victory":false,"max_hp_per_floor":[72,72,72,72,72,72,72,72,82,82,82,82,82,74,74,74,74,74,74,74,74,74,74,74,74,74,74,74,76,76,76,76],"card_choices":[{"not_picked":["hydrologistmod:ViscousShell","hydrologistmod:ResonantCrystal"],"picked":"hydrologistmod:Drench","floor":1},{"not_picked":["hydrologistmod:Ripcurrent","hydrologistmod:StaticWater"],"picked":"hydrologistmod:FrozenCapsule","floor":2},{"not_picked":["hydrologistmod:StaticSteam","hydrologistmod:SearingSynthesis"],"picked":"hydrologistmod:SoggySynthesis","floor":3},{"not_picked":["hydrologistmod:PressureBuildup","hydrologistmod:IcyFloe"],"picked":"hydrologistmod:StaticSteam","floor":5},{"not_picked":["hydrologistmod:BracedForm","hydrologistmod:IcyFloe","hydrologistmod:FlowingCurrents"],"picked":"SKIP","floor":7},{"not_picked":["hydrologistmod:Dehydrate","hydrologistmod:OccludingMist"],"picked":"hydrologistmod:Debilitate","floor":8},{"not_picked":["hydrologistmod:Drench","hydrologistmod:GhostlyMist"],"picked":"hydrologistmod:Dehydrate","floor":11},{"not_picked":["hydrologistmod:Debilitate","hydrologistmod:ResonantCrystal"],"picked":"hydrologistmod:Slurry","floor":12},{"not_picked":["hydrologistmod:Purify","hydrologistmod:BracedForm"],"picked":"hydrologistmod:BranchingCreeks","floor":16},{"not_picked":["hydrologistmod:Dehydrate","hydrologistmod:StaticWater"],"picked":"hydrologistmod:PressureCycle","floor":18},{"not_picked":["hydrologistmod:SteamPower","hydrologistmod:StagnantCloak+1"],"picked":"hydrologistmod:Endothermancy","floor":19},{"not_picked":["hydrologistmod:PressureBlast","hydrologistmod:BracedForm"],"picked":"hydrologistmod:ScaldingGeyser","floor":21},{"not_picked":["hydrologistmod:Dehydrate","hydrologistmod:StaticWater"],"picked":"hydrologistmod:HighTide+1","floor":24},{"not_picked":["hydrologistmod:FrozenCapsule+1","hydrologistmod:Drench"],"picked":"hydrologistmod:GlacialSynthesis","floor":25},{"not_picked":["hydrologistmod:BranchingCreeks","hydrologistmod:Cryogenics"],"picked":"hydrologistmod:PureIce","floor":30}],"player_experience":2192956,"relics_obtained":[{"floor":7,"key":"Regal Pillow"},{"floor":9,"key":"Pear"},{"floor":12,"key":"Gambling Chip"},{"floor":24,"key":"Blue Candle"},{"floor":30,"key":"Vajra"}],"event_choices":[{"damage_healed":0,"gold_gain":0,"player_choice":"Got Potions","damage_taken":0,"max_hp_gain":0,"max_hp_loss":0,"event_name":"Lab","floor":4,"gold_loss":0},{"damage_healed":0,"gold_gain":0,"player_choice":"Lose Max HP","damage_taken":0,"relics_obtained":["Golden Idol"],"max_hp_gain":0,"max_hp_loss":8,"event_name":"Golden Idol","floor":14,"gold_loss":0}],"is_beta":false,"boss_relics":[{"not_picked":["Black Star","SlaversCollar"],"picked":"Cursed Key"}],"items_purged_floors":[13],"is_endless":false,"potions_floor_spawned":[5,7,8,11,12,18,19,24],"killed_by":"ruina:Woodsman","ascension_level":20}}