{"host":"Qube","time":1612995901,"event":{"mods":["AchievementEnabler","BaseMod","Colored Map","Colored Powertips","Highlight Path","Minty Spire (QoL Compilation)","Permanent Neow","Quick Restart","Random Character Button","StSLib"],"gold_per_floor":[118,43,59,209,56,90,90,123,147,181,181,201,201,201,201,278,278,295,570,583,583,58,90,101,101,101,134,152,172,172,9,9,80,80,100,100,113,133,133,133,158,183,183,208,208,208],"floor_reached":45,"language":"ENG","playtime":2841,"items_purged":["Doubt","Regret"],"score":1083,"play_id":"5f579068-f539-4fd8-9ef2-cc0051346069","local_time":"20210210142501","is_ascension_mode":true,"campfire_choices":[{"data":"Feel No Pain","floor":7.0,"key":"SMITH"},{"floor":11.0,"key":"REST"},{"data":"Barricade","floor":13.0,"key":"SMITH"},{"data":"Corruption","floor":15.0,"key":"SMITH"},{"data":"True Grit","floor":25.0,"key":"SMITH"},{"data":"Limit Break","floor":30.0,"key":"SMITH"},{"floor":32.0,"key":"REST"},{"data":"Uppercut","floor":40.0,"key":"SMITH"}],"circlet_count":0,"master_deck":["AscendersBane","Strike_R","Strike_R","Strike_R","Strike_R","Strike_R","Defend_R","Defend_R","Defend_R","Defend_R","Bash","Corruption+1","Dropkick","Feel No Pain+1","Second Wind","Twin Strike","Barricade+1","Clothesline","Dropkick","Exhume","Dropkick+1","Sever Soul+1","Master of Strategy","Shrug It Off","True Grit+1","Uppercut+1","Limit Break+1","Feel No Pain+1","Battle Trance","Reaper","CurseOfTheBell","Barricade+1","Disarm","Feel No Pain+1"],"relics":["Burning Blood","Oddly Smooth Stone","Vajra","Nunchaku","Art of War","White Beast Statue","Mark of Pain","Lee\u0027s Waffle","Tiny Chest","Frozen Egg 2","TungstenRod","Calling Bell","MealTicket","HornCleat","Thread and Needle","Gremlin Horn","Champion Belt","Meat on the Bone"],"acts_visited":["Exordium","TheCity","TheBeyond"],"potions_floor_usage":[45],"damage_taken":[{"damage":9.0,"enemies":"Jaw Worm","floor":1.0,"turns":4.0},{"damage":10.0,"enemies":"2 Louse","floor":3.0,"turns":4.0},{"damage":16.0,"enemies":"3 Sentries","floor":6.0,"turns":19.0},{"damage":36.0,"enemies":"Lagavulin","floor":8.0,"turns":8.0},{"damage":16.0,"enemies":"3 Sentries","floor":10.0,"turns":13.0},{"damage":0.0,"enemies":"Cultist","floor":12.0,"turns":3.0},{"damage":32.0,"enemies":"The Guardian","floor":16.0,"turns":16.0},{"damage":31.0,"enemies":"3 Byrds","floor":18.0,"turns":7.0},{"damage":12.0,"enemies":"Chosen","floor":20.0,"turns":7.0},{"damage":29.0,"enemies":"Slavers","floor":23.0,"turns":5.0},{"damage":11.0,"enemies":"Sentry and Sphere","floor":24.0,"turns":9.0},{"damage":15.0,"enemies":"Gremlin Leader","floor":27.0,"turns":8.0},{"damage":17.0,"enemies":"Snake Plant","floor":28.0,"turns":6.0},{"damage":18.0,"enemies":"Snecko","floor":29.0,"turns":4.0},{"damage":43.0,"enemies":"Automaton","floor":33.0,"turns":12.0},{"damage":14.0,"enemies":"3 Shapes","floor":35.0,"turns":8.0},{"damage":0.0,"enemies":"Orb Walker","floor":37.0,"turns":5.0},{"damage":0.0,"enemies":"Spire Growth","floor":38.0,"turns":8.0},{"damage":0.0,"enemies":"Jaw Worm Horde","floor":39.0,"turns":2.0},{"damage":58.0,"enemies":"Nemesis","floor":41.0,"turns":11.0},{"damage":17.0,"enemies":"Giant Head","floor":44.0,"turns":9.0},{"damage":64,"enemies":"Transient","floor":45,"turns":5}],"seed_played":"-4467603451289555102","potions_obtained":[{"floor":3.0,"key":"Strength Potion"},{"floor":10.0,"key":"Weak Potion"},{"floor":16.0,"key":"SpeedPotion"},{"floor":18.0,"key":"GamblersBrew"},{"floor":20.0,"key":"PowerPotion"},{"floor":23.0,"key":"EntropicBrew"},{"floor":24.0,"key":"Weak Potion"},{"floor":27.0,"key":"Dexterity Potion"},{"floor":28.0,"key":"Energy Potion"},{"floor":29.0,"key":"ElixirPotion"},{"floor":33.0,"key":"Weak Potion"},{"floor":35.0,"key":"AttackPotion"},{"floor":37.0,"key":"SmokeBomb"},{"floor":41.0,"key":"Ancient Potion"},{"floor":44.0,"key":"SteroidPotion"}],"is_trial":false,"path_per_floor":["M","?","M","?","$","E","R","E","T","E","R","M","R","T","R","B",null,"M","?","M","?","$","E","M","R","T","E","M","M","R","$","R","B",null,"M","?","M","M","M","R","E","T","T","E","M"],"character_chosen":"IRONCLAD","items_purchased":["Second Wind","Lee\u0027s Waffle","Master of Strategy","Block Potion","Feel No Pain+1","Battle Trance"],"campfire_rested":2,"item_purchase_floors":[5,22,22,22,31,31],"current_hp_per_floor":[65,65,61,61,61,51,51,21,21,11,33,39,39,39,39,13,60,35,35,29,8,87,64,59,59,59,50,39,27,27,27,53,16,69,67,67,73,87,87,87,47,47,47,42,0,0],"gold":208,"neow_bonus":"THREE_RARE_CARDS","is_daily":false,"chose_seed":false,"campfire_upgraded":6,"win_rate":0.0,"timestamp":1612995901,"path_taken":["M","?","M","?","$","E","R","E","T","E","R","M","R","?","R","BOSS","M","?","?","?","$","E","M","R","T","E","M","M","R","?","R","BOSS","M","?","M","M","?","R","E","?","T","E","M"],"items_purchased_type":["Card","Relic","Card","Potion","Card","Card"],"build_version":"2020-12-18","purchased_purges":2,"victory":false,"max_hp_per_floor":[75,75,75,75,75,75,75,75,75,75,75,75,75,75,75,75,75,75,75,75,80,87,87,87,87,87,87,87,87,87,87,87,87,87,87,87,87,87,87,87,87,87,87,87,87,87],"card_choices":[{"not_picked":["Berserk","Reaper"],"picked":"Corruption","floor":0.0},{"not_picked":["Pummel","Thunderclap"],"picked":"Dropkick","floor":1.0},{"not_picked":["Armaments","True Grit"],"picked":"Feel No Pain","floor":3.0},{"not_picked":["Sword Boomerang","Second Wind"],"picked":"Twin Strike","floor":6.0},{"not_picked":["Entrench","Rage"],"picked":"Barricade","floor":8.0},{"not_picked":["Sever Soul","Perfected Strike"],"picked":"Clothesline","floor":10.0},{"not_picked":["Sever Soul","Shockwave"],"picked":"Dropkick","floor":12.0},{"not_picked":["Corruption","Double Tap"],"picked":"Exhume","floor":16.0},{"not_picked":["Warcry","Disarm"],"picked":"Dropkick+1","floor":18.0},{"not_picked":["Anger","Armaments"],"picked":"Sever Soul+1","floor":20.0},{"not_picked":["Metallicize","Anger"],"picked":"Shrug It Off","floor":23.0},{"not_picked":["Flex","Iron Wave"],"picked":"True Grit","floor":24.0},{"not_picked":["Headbutt+1","Bloodletting"],"picked":"Uppercut","floor":27.0},{"not_picked":["Spot Weakness","Dropkick"],"picked":"Limit Break","floor":28.0},{"not_picked":["Rage","Infernal Blade","Pommel Strike"],"picked":"SKIP","floor":29.0},{"not_picked":["Exhume","Feed"],"picked":"Reaper","floor":33.0},{"not_picked":["Headbutt","Hemokinesis+1","Clash+1"],"picked":"SKIP","floor":35.0},{"not_picked":["Twin Strike","Iron Wave"],"picked":"Barricade+1","floor":37.0},{"not_picked":["Flex","Armaments"],"picked":"Disarm","floor":38.0},{"not_picked":["Combust+1","Barricade+1","Iron Wave"],"picked":"SKIP","floor":41.0},{"not_picked":["Sword Boomerang","Reckless Charge+1"],"picked":"Feel No Pain+1","floor":44.0}],"player_experience":1137527,"relics_obtained":[{"floor":6.0,"key":"Oddly Smooth Stone"},{"floor":8.0,"key":"Vajra"},{"floor":9.0,"key":"Nunchaku"},{"floor":10.0,"key":"Art of War"},{"floor":14.0,"key":"White Beast Statue"},{"floor":23.0,"key":"Tiny Chest"},{"floor":26.0,"key":"Frozen Egg 2"},{"floor":27.0,"key":"TungstenRod"},{"floor":34.0,"key":"MealTicket"},{"floor":34.0,"key":"HornCleat"},{"floor":34.0,"key":"Thread and Needle"},{"floor":41.0,"key":"Gremlin Horn"},{"floor":43.0,"key":"Champion Belt"},{"floor":44.0,"key":"Meat on the Bone"}],"event_choices":[{"cards_removed":["Injury"],"damage_healed":0.0,"max_hp_gain":0.0,"max_hp_loss":0.0,"gold_gain":0.0,"event_name":"The Cleric","player_choice":"Card Removal","floor":2.0,"gold_loss":75.0,"damage_taken":0.0},{"damage_healed":0.0,"max_hp_gain":0.0,"max_hp_loss":0.0,"gold_gain":150.0,"event_name":"Liars Game","player_choice":"AGREE","floor":4.0,"gold_loss":0.0,"damage_taken":0.0,"cards_obtained":["Doubt"]},{"damage_healed":0.0,"max_hp_gain":0.0,"max_hp_loss":0.0,"gold_gain":275.0,"event_name":"Golden Shrine","player_choice":"Desecrate","floor":19.0,"gold_loss":0.0,"damage_taken":0.0,"cards_obtained":["Regret"]},{"damage_healed":0.0,"max_hp_gain":5.0,"max_hp_loss":0.0,"gold_gain":0.0,"event_name":"Forgotten Altar","player_choice":"Shed Blood","floor":21.0,"gold_loss":0.0,"damage_taken":26.0},{"damage_healed":0.0,"max_hp_gain":0.0,"max_hp_loss":0.0,"gold_gain":0.0,"event_name":"SecretPortal","player_choice":"Ignored","floor":36.0,"gold_loss":0.0,"damage_taken":0.0}],"is_beta":true,"boss_relics":[{"not_picked":["Pandora\u0027s Box","Ectoplasm"],"picked":"Mark of Pain"},{"not_picked":["Sozu","Runic Dome"],"picked":"Calling Bell"}],"items_purged_floors":[5,22],"is_endless":false,"potions_floor_spawned":[3,10,12,16,18,20,23,24,27,28,29,33,35,37,38,39,41,44],"killed_by":"Transient","ascension_level":20}}