{"host":"nlowmoq7gy18n72d","time":1612971120,"event":{"mods":["BaseMod","Colored Powertips","Conspire","Downfall","Hermit","Highlight Path","Infinite Spire","Jorbs\u0027s Wanderer Trilogy","Minty Spire (QoL Compilation)","Rare Cards Sparkle","Replay The Spire","StSLib","The Cursed","The Hierophant"],"gold_per_floor":[99,117,42,42,27,27,103,115,65,65,84,110,210,241,259,359,359,109,126,137,137,137,164,164,74,87,37,367,397,247,298,308,409,409,359,374,392,542,561,589,614,625,575,136,154,166,116,143,159,159,159,184,59,9,9,9,9,9],"floor_reached":56,"language":"ENG","playtime":2810,"items_purged":["downfall:Malfunctioning","Slimebound:Tackle"],"score":895,"play_id":"2ce30e6d-b48c-4665-b9bf-6c2ae8b72358","local_time":"20210210183200","is_ascension_mode":true,"campfire_choices":[{"floor":1,"key":"RECALL"},{"data":"Slimebound:Nibble","floor":9,"key":"SMITH"},{"data":"Slimebound:MassRepurpose","floor":18,"key":"SMITH"},{"data":"Slimebound:OozeBath","floor":27,"key":"SMITH"},{"data":"Slimebound:Repurpose","floor":30,"key":"SMITH"},{"data":"Slimebound:DuplicatedForm","floor":35,"key":"SMITH"},{"data":"Slimebound:LevelUp","floor":43,"key":"SMITH"},{"data":"Slimebound:FirmFortitude","floor":47,"key":"SMITH"},{"data":"infinitespire:Gouge","floor":54,"key":"SMITH"}],"circlet_count":0,"master_deck":["Slimebound:Defend_Slimebound+1","Slimebound:Defend_Slimebound","Slimebound:Defend_Slimebound","Slimebound:Defend_Slimebound","Slimebound:Split+1","Slimebound:CorrosiveSpit","Slimebound:ViciousTackle","infinitespire:Gouge+1","Slimebound:ItLooksTasty","Slimebound:Nibble+1","Slimebound:GoopSpray","Slimebound:Repurpose+1","Slimebound:LivingWall","Slimebound:GoopSpray","Slimebound:MassRepurpose+1","Slimebound:SlimeSpikes","Slimebound:MegaLick+1","Slimebound:OozeBath+1","Slimebound:SlimeTap","Slimebound:Equalize","Slimebound:DuplicatedForm+1","Slimebound:SamplingLick+1","Slimebound:ItLooksTasty+1","Slimebound:MassRepurpose+1","Slimebound:LevelUp+1","Slimebound:FirmFortitude+1","Pot Of Greed","Pot Of Greed","Pot Of Greed","Slimebound:WasteNot"],"relics":["Slimebound:AbsorbEndCombat","Slimebound:GreedOozeRelic","downfall:ShatteredFragment","Eternal Feather","Centennial Puzzle","infinitespire:Bottled Soul","Black Star","downfall:HeartBlessingRed","downfall:HeartBlessingGreen","White Beast Statue","Replay:Rubber Ducky","conspire:Dentures","infinitespire:Beetle Shell","downfall:HeartBlessingBlue","Blood Vial","Astrolabe","Shuriken","Vajra","Grinning Jar","Guardian:BottledAnomaly","StoneCalendar","infinitespire:CheckeredPen","Bronze Scales","Blue Candle"],"acts_visited":["Exordium","TheCity","TheBeyond","TheEnding"],"potions_floor_usage":[12,25,28,28,29,29,44,50,50,50,55,56,56],"damage_taken":[{"damage":6,"enemies":"Small Slimes","floor":2,"turns":3},{"damage":3,"enemies":"downfall:FleeingMerchant","floor":5,"turns":4},{"damage":3,"enemies":"2 Louse","floor":8,"turns":2},{"damage":6,"enemies":"Jaw Worm","floor":11,"turns":3},{"damage":0,"enemies":"Lagavulin","floor":12,"turns":5},{"damage":15,"enemies":"3 Sentries","floor":14,"turns":5},{"damage":0,"enemies":"2 Fungi Beasts","floor":15,"turns":2},{"damage":21,"enemies":"WA_ARCHETYPE_RETAIN","floor":16,"turns":5},{"damage":10,"enemies":"Chosen","floor":19,"turns":3},{"damage":0,"enemies":"Snecko","floor":20,"turns":3},{"damage":3,"enemies":"conspire:Head Lice","floor":23,"turns":3},{"damage":5,"enemies":"downfall:FleeingMerchant","floor":25,"turns":4},{"damage":0,"enemies":"Snake Plant","floor":26,"turns":2},{"damage":3,"enemies":"downfall:FleeingMerchant","floor":28,"turns":3},{"damage":20,"enemies":"Gremlin Leader","floor":29,"turns":5},{"damage":15,"enemies":"Centurion and Healer","floor":32,"turns":3},{"damage":36,"enemies":"IC_MUSHROOM_ARCHETYPE","floor":33,"turns":7},{"damage":4,"enemies":"3 Shapes","floor":36,"turns":3},{"damage":46,"enemies":"3 Darklings","floor":37,"turns":5},{"damage":15,"enemies":"Transient","floor":39,"turns":5},{"damage":15,"enemies":"Giant Head","floor":40,"turns":8},{"damage":35,"enemies":"Writhing Mass","floor":42,"turns":4},{"damage":0,"enemies":"4 Shapes","floor":45,"turns":2},{"damage":43,"enemies":"Sphere and 2 Shapes","floor":46,"turns":4},{"damage":18,"enemies":"R_Hoarder","floor":48,"turns":4},{"damage":47,"enemies":"Maw","floor":49,"turns":5},{"damage":73,"enemies":"DF_ARCHETYPE_ORBS","floor":50,"turns":6},{"damage":86,"enemies":"downfall:CharBossMerchant","floor":52,"turns":7},{"damage":34,"enemies":"downfall:NeowBoss","floor":55,"turns":9},{"damage":72,"enemies":"downfall:NeowBossFinal","floor":56,"turns":5}],"seed_played":"2331985861547702272","potions_obtained":[{"floor":2,"key":"Languid Potion"},{"floor":11,"key":"ColorlessPotion"},{"floor":14,"key":"Ancient Potion"},{"floor":20,"key":"ColorlessPotion"},{"floor":25,"key":"DuplicationPotion"},{"floor":26,"key":"Slimebound:SlimedPotion"},{"floor":28,"key":"Slimebound:SlimyTonguePotion"},{"floor":29,"key":"ColorlessPotion"},{"floor":32,"key":"DuplicationPotion"},{"floor":33,"key":"Guardian:BlockOnCardUsePotion"},{"floor":52,"key":"SteroidPotion"}],"is_trial":false,"path_per_floor":["R","M","?","?","$","?","T","M","R","?","M","E","?","E","M","B",null,"R","M","M","?","T","E","T","$","M","R","$","E","R","T","M","B",null,"R","M","M","?","M","E","T","M","R","$","M","M","R","E","M","B",null,"E","$","R","B","B"],"character_chosen":"SLIMEBOUND","items_purchased":["Guardian:BottledAnomaly","Fruit Juice","Slimebound:SpawnSlimePotion","DistilledChaos","FearPotion"],"campfire_rested":0,"item_purchase_floors":[44,44,44,53,53],"current_hp_per_floor":[71,67,67,50,55,37,37,36,42,42,40,48,48,39,41,28,71,71,65,71,71,71,71,71,68,71,71,68,56,78,78,77,51,81,81,81,77,77,81,81,81,65,81,86,86,68,83,83,71,8,86,44,44,62,57,0,0,0],"gold":9,"neow_bonus":"TEN_PERCENT_HP_BONUS","is_daily":false,"chose_seed":false,"campfire_upgraded":8,"win_rate":0.0,"timestamp":1612971120,"path_taken":["R","M","?","?","?","?","T","M","R","?","?","E","?","E","M","BOSS","R","M","M","?","?","E","T","$","M","R","$","E","R","?","M","BOSS","R","M","M","?","M","E","T","M","R","$","M","?","R","E","M","BOSS","E","$","R","BOSS","BOSS"],"items_purchased_type":["Relic","Potion","Potion","Potion","Potion"],"build_version":"2020-12-22","purchased_purges":2,"victory":false,"max_hp_per_floor":[71,71,71,71,71,71,71,71,71,71,71,71,71,71,71,71,71,71,71,71,71,71,71,71,71,71,71,71,71,81,81,81,81,81,81,81,81,81,81,81,81,81,81,86,86,86,86,86,86,86,86,86,86,86,86,86,86,86],"card_choices":[{"not_picked":["Slimebound:LeechingTouch","Slimebound:LivingWall"],"picked":"Slimebound:ViciousTackle","floor":2},{"not_picked":["infinitespire:Oblivion","infinitespire:NeuralNetwork"],"picked":"infinitespire:Gouge","floor":4},{"not_picked":["Slimebound:DisruptingSlam","Slimebound:PressTheAttack"],"picked":"Slimebound:ItLooksTasty","floor":5},{"not_picked":["Slimebound:ComboTackle","Slimebound:FlameTackle"],"picked":"Slimebound:Nibble","floor":8},{"not_picked":["Slimebound:Dissolve","Slimebound:GrowthPunch"],"picked":"Slimebound:GoopSpray","floor":11},{"not_picked":["Slimebound:LeadByExample","Slimebound:SplitAcid"],"picked":"Slimebound:Repurpose","floor":12},{"not_picked":["Slimebound:HungryTackle","Slimebound:RollThrough"],"picked":"Slimebound:LivingWall","floor":14},{"not_picked":["Slimebound:LivingWall","Slimebound:GoopTackle"],"picked":"Slimebound:GoopSpray","floor":15},{"not_picked":["Slimebound:Recycling","Slimebound:MinionMaster"],"picked":"Slimebound:MassRepurpose","floor":16},{"not_picked":["Slimebound:PressTheAttack","Slimebound:ComboTackle"],"picked":"Slimebound:SlimeSpikes","floor":19},{"not_picked":["Slimebound:RollThrough","Slimebound:GoopTackle"],"picked":"Slimebound:MegaLick+1","floor":20},{"not_picked":["Slimebound:LeechingTouch","Slimebound:DisruptingSlam"],"picked":"Slimebound:OozeBath","floor":23},{"not_picked":["Slimebound:GrowthPunch","Slimebound:GoopTackle"],"picked":"Slimebound:SlimeTap","floor":25},{"not_picked":["Slimebound:Prepare","Slimebound:SlimeSpikes","Slimebound:SplitMire"],"picked":"SKIP","floor":26},{"not_picked":["Slimebound:ServeAndProtect","Slimebound:SlimeSpikes+1","Slimebound:ItLooksTasty"],"picked":"SKIP","floor":28},{"not_picked":["Slimebound:ForwardTackle","Slimebound:Schlurp"],"picked":"Slimebound:Equalize","floor":29},{"not_picked":["Slimebound:HauntingLick+1","Slimebound:ViciousTackle","Slimebound:BestDefense"],"picked":"SKIP","floor":32},{"not_picked":["Slimebound:MassFeed","Slimebound:Overexert"],"picked":"Slimebound:DuplicatedForm","floor":33},{"not_picked":["Slimebound:Schlurp+1","Slimebound:TongueLash"],"picked":"Slimebound:LevelUp","floor":36},{"not_picked":["Slimebound:SplitBruiser+1","Slimebound:SplitAcid+1","Slimebound:Schlurp"],"picked":"SKIP","floor":37},{"not_picked":["Slimebound:SplitLeeching","Slimebound:SlimeSpikes+1","Slimebound:SplitMire"],"picked":"SKIP","floor":39},{"not_picked":["Slimebound:Repurpose+1","Slimebound:LevelUp+1"],"picked":"Slimebound:FirmFortitude","floor":40},{"not_picked":["Slimebound:ServeAndProtect","Slimebound:FinishingTackle+1","Slimebound:LivingWall"],"picked":"SKIP","floor":42},{"not_picked":["Slimebound:Schlurp","Slimebound:Grow+1","Slimebound:SplitAcid"],"picked":"SKIP","floor":45},{"not_picked":["Slimebound:Prepare+1","Slimebound:SamplingLick","Slimebound:LeechingTouch"],"picked":"SKIP","floor":46},{"not_picked":["Slimebound:Nibble","Slimebound:LeechingTouch","Slimebound:SplitBruiser"],"picked":"SKIP","floor":48},{"not_picked":["Slimebound:Repurpose","Slimebound:DisruptingSlam+1"],"picked":"Slimebound:WasteNot","floor":49},{"not_picked":["Slimebound:Replication","Slimebound:SlimeBrawl+1","Slimebound:BestDefense"],"picked":"SKIP","floor":52}],"player_experience":774784,"relics_obtained":[{"floor":7,"key":"Eternal Feather"},{"floor":12,"key":"Centennial Puzzle"},{"floor":14,"key":"infinitespire:Bottled Soul"},{"floor":23,"key":"White Beast Statue"},{"floor":23,"key":"Replay:Rubber Ducky"},{"floor":24,"key":"conspire:Dentures"},{"floor":29,"key":"infinitespire:Beetle Shell"},{"floor":29,"key":"Regal Pillow"},{"floor":31,"key":"Blood Vial"},{"floor":40,"key":"Shuriken"},{"floor":40,"key":"Vajra"},{"floor":41,"key":"Grinning Jar"},{"floor":48,"key":"StoneCalendar"},{"floor":48,"key":"infinitespire:CheckeredPen"},{"floor":52,"key":"Bronze Scales"},{"floor":52,"key":"Blue Candle"}],"event_choices":[{"damage_healed":0,"gold_gain":0,"player_choice":"Ignored","damage_taken":0,"max_hp_gain":0,"max_hp_loss":0,"event_name":"Vampires","floor":21,"gold_loss":0}],"is_beta":false,"boss_relics":[{"not_picked":["Calling Bell","Replay:Ancient Bell"],"picked":"Black Star"},{"not_picked":["Philosopher\u0027s Stone","Snecko Heart"],"picked":"Astrolabe"}],"items_purged_floors":[25,44],"is_endless":false,"potions_floor_spawned":[2,11,14,20,25,26,28,29,32,33,36,37,39,40,42,45,46,48,49,52],"killed_by":"downfall:NeowBossFinal","ascension_level":1}}