{"host":"7w6ov1yk0fsofwk8","time":1612932502,"event":{"mods":["AchievementEnabler","BaseMod","Hermit","Minty Spire (QoL Compilation)","StSLib","The Cursed","The Hierophant","The Runesmith","The Senshi","The Servant 0.9.4"],"gold_per_floor":[118,131,141,151,326,326,326,326,326,49,65,82,122,143,143,248,248,269,269,290,389,304,336,336,349,399,399,448,466,483,408,408,520,520,542,552,563,302,314,339,339,0,54,81,92,92,133,190,190,204],"floor_reached":51,"language":"ENG","playtime":3902,"items_purged":["hermit:Defend_Hermit"],"score":728,"play_id":"084bbc2b-b787-4f65-b93c-018d7a33a1e4","local_time":"20210209234822","is_ascension_mode":false,"campfire_choices":[{"data":"hermit:Snapshot","floor":6,"key":"SMITH"},{"data":"hermit:Snipe","floor":8,"key":"SMITH"},{"floor":15,"key":"REST"},{"floor":24,"key":"REST"},{"data":"hermit:Quickdraw","floor":27,"key":"SMITH"},{"floor":32,"key":"REST"},{"floor":41,"key":"REST"},{"floor":46,"key":"REST"},{"floor":49,"key":"REST"}],"circlet_count":0,"master_deck":["hermit:Strike_Hermit+1","hermit:Strike_Hermit","hermit:Strike_Hermit","hermit:Defend_Hermit","hermit:Defend_Hermit","hermit:Defend_Hermit","hermit:Snapshot+1","hermit:Covet","hermit:PistolWhip","hermit:EyeOfTheStorm","hermit:Shortfuse","hermit:Snipe+1","Doubt","Pain","hermit:Desperado+1","hermit:Scavenge+1","hermit:HighCaliber","hermit:Malice","hermit:Gambit+1","hermit:Quickdraw+1","hermit:Desperado","hermit:FromBeyond+1","hermit:Manifest+1","hermit:Combo+1","hermit:CalledShot","hermit:EternalForm","hermit:BodyArmor+1","hermit:Gestalt+1","hermit:GhostlyPresence+1","hermit:BigShot","hermit:Quickdraw+1","hermit:ItchyTrigger+1","hermit:CalledShot+1","hermit:Determination","hermit:Quickdraw"],"relics":["hermit:Momento","WarpedTongs","hermit:RyeStalk","Toxic Egg 2","Runesmith:Nanobots","Sozu","Anchor","Juzu Bracelet","Whetstone","Runesmith:AutoHammer","Snecko Eye","Strange Spoon","Red Mask","Pen Nib","Pear","Lizard Tail"],"acts_visited":["Exordium","TheCity","TheBeyond"],"potions_floor_usage":[16,23,33,33],"damage_taken":[{"damage":1,"enemies":"Cultist","floor":1,"turns":3},{"damage":4,"enemies":"Small Slimes","floor":2,"turns":3},{"damage":1,"enemies":"Jaw Worm","floor":3,"turns":3},{"damage":1,"enemies":"2 Fungi Beasts","floor":4,"turns":3},{"damage":10,"enemies":"Looter","floor":11,"turns":2},{"damage":15,"enemies":"Blue Slaver","floor":12,"turns":4},{"damage":13,"enemies":"3 Sentries","floor":13,"turns":7},{"damage":8,"enemies":"Exordium Wildlife","floor":14,"turns":4},{"damage":46,"enemies":"Hexaghost","floor":16,"turns":8},{"damage":5,"enemies":"Chosen","floor":18,"turns":4},{"damage":0,"enemies":"Spheric Guardian","floor":20,"turns":2},{"damage":50,"enemies":"Gremlin Leader","floor":23,"turns":8},{"damage":11,"enemies":"Snecko","floor":25,"turns":3},{"damage":7,"enemies":"Centurion and Healer","floor":29,"turns":4},{"damage":7,"enemies":"Chosen and Byrds","floor":30,"turns":4},{"damage":36,"enemies":"Champ","floor":33,"turns":7},{"damage":3,"enemies":"3 Shapes","floor":35,"turns":3},{"damage":32,"enemies":"3 Darklings","floor":36,"turns":4},{"damage":20,"enemies":"4 Shapes","floor":37,"turns":3},{"damage":1,"enemies":"Transient","floor":39,"turns":5},{"damage":19,"enemies":"3 Darklings","floor":40,"turns":6},{"damage":31,"enemies":"4 Shapes","floor":44,"turns":4},{"damage":0,"enemies":"Sphere and 2 Shapes","floor":45,"turns":2},{"damage":1,"enemies":"Giant Head","floor":47,"turns":6},{"damage":1,"enemies":"Mind Bloom Boss Battle","floor":48,"turns":6},{"damage":48,"enemies":"Awakened One","floor":50,"turns":9}],"seed_played":"-8067481088914294254","potions_obtained":[{"floor":4,"key":"Explosive Potion"},{"floor":12,"key":"Explosive Potion"},{"floor":13,"key":"ColorlessPotion"},{"floor":16,"key":"LiquidMemories"}],"is_trial":false,"path_per_floor":["M","M","M","M","?","R","?","R","T","$","M","M","E","M","R","B",null,"M","?","M","?","?","E","R","M","T","R","T","M","M","?","R","B",null,"M","M","M","$","M","M","R","?","T","M","M","R","E","?","R","B",null],"character_chosen":"HERMIT","items_purchased":["Toxic Egg 2","hermit:Desperado","hermit:BigShot","Strange Spoon"],"campfire_rested":6,"item_purchase_floors":[10,10,38,38],"current_hp_per_floor":[81,77,76,75,75,75,75,75,75,75,65,50,37,29,53,7,82,77,61,61,61,61,11,37,26,26,26,26,19,12,12,38,2,87,84,52,32,32,31,12,38,38,38,7,7,33,42,41,70,22],"gold":204,"neow_bonus":"TEN_PERCENT_HP_BONUS","is_daily":false,"chose_seed":false,"campfire_upgraded":3,"win_rate":0.0,"timestamp":1612932502,"path_taken":["M","M","?","M","?","R","?","R","T","$","?","M","E","M","R","BOSS","M","?","M","?","?","E","R","M","T","R","?","M","M","?","R","BOSS","M","M","M","$","M","M","R","?","T","M","M","R","E","?","R","BOSS"],"items_purchased_type":["Relic","Card","Card","Relic"],"build_version":"2020-12-22","purchased_purges":1,"victory":true,"max_hp_per_floor":[82,82,82,82,82,82,82,82,82,82,82,82,82,82,82,82,82,82,87,87,87,87,87,87,87,87,87,87,87,87,87,87,87,87,87,87,87,87,87,87,87,87,87,87,87,87,97,97,97,97],"card_choices":[{"not_picked":["hermit:HoleUp","hermit:Manifest"],"picked":"hermit:PistolWhip","floor":1},{"not_picked":["hermit:ItchyTrigger","hermit:Gestalt"],"picked":"hermit:EyeOfTheStorm","floor":2},{"not_picked":["hermit:CalledShot","hermit:Gestalt"],"picked":"hermit:Shortfuse","floor":3},{"not_picked":["hermit:LowProfile","hermit:WideOpen"],"picked":"hermit:Snipe","floor":4},{"not_picked":["hermit:Vantage+1","hermit:Glare+1"],"picked":"hermit:Scavenge+1","floor":11},{"not_picked":["hermit:Desperado","hermit:ItchyTrigger"],"picked":"hermit:HighCaliber","floor":12},{"not_picked":["hermit:TakeAim","hermit:PistolWhip"],"picked":"hermit:Malice","floor":13},{"not_picked":["hermit:DeadMansHand+1","hermit:Grudge","hermit:Snipe+1"],"picked":"SKIP","floor":14},{"not_picked":["hermit:HighNoon","hermit:Magnum"],"picked":"hermit:Gambit+1","floor":16},{"not_picked":["hermit:TakeAim","hermit:WideOpen"],"picked":"hermit:Quickdraw","floor":18},{"not_picked":["hermit:WideOpen","hermit:DeadMansHand+1"],"picked":"hermit:Desperado","floor":20},{"not_picked":["hermit:DeadMansHand+1","hermit:Snipe+1"],"picked":"hermit:FromBeyond+1","floor":23},{"not_picked":["hermit:SprayPray","hermit:Showdown"],"picked":"hermit:Manifest+1","floor":25},{"not_picked":["hermit:SprayPray","hermit:HighCaliber"],"picked":"hermit:Combo+1","floor":29},{"not_picked":["hermit:Glare+1","hermit:Maintenance+1"],"picked":"hermit:CalledShot","floor":30},{"not_picked":["hermit:Purgatory","hermit:DeadOrAlive"],"picked":"hermit:EternalForm","floor":33},{"not_picked":["hermit:Headshot","hermit:Coalescence+1"],"picked":"hermit:BodyArmor+1","floor":35},{"not_picked":["hermit:Cheat+1","hermit:Quickdraw"],"picked":"hermit:Gestalt+1","floor":36},{"not_picked":["hermit:NoHoldsBarred","hermit:DeadMansHand+1"],"picked":"hermit:GhostlyPresence+1","floor":37},{"not_picked":["hermit:GoldenBullet","hermit:LoneWolf+1"],"picked":"hermit:Quickdraw+1","floor":39},{"not_picked":["hermit:Shortfuse","hermit:PistolWhip"],"picked":"hermit:ItchyTrigger+1","floor":40},{"not_picked":["hermit:Snipe+1","hermit:Purgatory"],"picked":"hermit:CalledShot+1","floor":44},{"not_picked":["hermit:CalledShot+1","hermit:Coalescence+1","hermit:HighCaliber+1"],"picked":"SKIP","floor":45},{"not_picked":["hermit:HoleUp+1","hermit:BodyArmor+1"],"picked":"hermit:Determination","floor":47},{"not_picked":["hermit:DeadMansHand+1","hermit:CalledShot+1"],"picked":"hermit:Quickdraw","floor":48}],"player_experience":4434,"relics_obtained":[{"floor":9,"key":"hermit:RyeStalk"},{"floor":13,"key":"Runesmith:Nanobots"},{"floor":23,"key":"Juzu Bracelet"},{"floor":26,"key":"Whetstone"},{"floor":28,"key":"Runesmith:AutoHammer"},{"floor":43,"key":"Pen Nib"},{"floor":47,"key":"Pear"},{"floor":48,"key":"Lizard Tail"}],"event_choices":[{"damage_healed":0,"gold_gain":175,"player_choice":"AGREE","damage_taken":0,"max_hp_gain":0,"max_hp_loss":0,"event_name":"Liars Game","floor":5,"gold_loss":0,"cards_obtained":["Doubt"]},{"damage_healed":0,"gold_gain":0,"player_choice":"Rummage","damage_taken":0,"relics_obtained":["WarpedTongs"],"max_hp_gain":0,"max_hp_loss":0,"event_name":"Accursed Blacksmith","floor":7,"gold_loss":0,"cards_obtained":["Pain"]},{"damage_healed":0,"gold_gain":0,"player_choice":"Shed Blood","damage_taken":21,"max_hp_gain":5,"max_hp_loss":0,"event_name":"Forgotten Altar","floor":19,"gold_loss":0},{"damage_healed":0,"gold_gain":99,"player_choice":"Stole From Cult","damage_taken":0,"max_hp_gain":0,"max_hp_loss":0,"event_name":"Nest","floor":21,"gold_loss":0},{"damage_healed":0,"gold_gain":0,"player_choice":"Obtained Relic","damage_taken":0,"relics_obtained":["Anchor"],"max_hp_gain":0,"max_hp_loss":0,"event_name":"Addict","floor":22,"gold_loss":85},{"cards_removed":["hermit:Strike_Hermit"],"damage_healed":0,"gold_gain":0,"player_choice":"Gave Gold","damage_taken":0,"max_hp_gain":0,"max_hp_loss":0,"event_name":"Beggar","floor":31,"gold_loss":75},{"damage_healed":0,"gold_gain":0,"player_choice":"Paid","damage_taken":0,"relics_obtained":["Red Mask"],"max_hp_gain":0,"max_hp_loss":0,"event_name":"Tomb of Lord Red Mask","floor":42,"gold_loss":339},{"damage_healed":0,"gold_gain":0,"player_choice":"Fight","damage_taken":0,"max_hp_gain":0,"max_hp_loss":0,"event_name":"MindBloom","floor":48,"gold_loss":0}],"is_beta":false,"boss_relics":[{"not_picked":["Runesmith:UraniumAnvil","Black Star"],"picked":"Sozu"},{"not_picked":["Coffee Dripper","Philosopher\u0027s Stone"],"picked":"Snecko Eye"}],"items_purged_floors":[38],"is_endless":false,"potions_floor_spawned":[4,12,13,16,20,29,33,35,40,45,47],"ascension_level":0}}