{"host":"zgdag062zrknap1a","time":1612931413,"event":{"mods":["AchievementEnabler","Act Like it!","Aspiration","Bard","BaseMod","BetterRewards","Colored Map","Colored Powertips","Conspire","Downfall","Gensokyo","Hallownest","Hermit","Highlight Path","Hubris","Infinite Spire","Jorbs\u0027s Wanderer Trilogy","Marisa????????","Minty Spire (QoL Compilation)","Quick Restart","Rare Cards Sparkle","Replay The Spire","Shop Mod","StSLib","The Bug Knight","The Cursed","The Hierophant","The Necromancer","The Runesmith","The Servant 0.9.4"],"gold_per_floor":[113,113,133,133,144,176,111,111,164,164,164,184,184,204,204,306,306,326,326,326,337,347,347,360,191,191,201,201,201,230,245,245,340,340,359,372,319,329,429,429,443,459,459,471,471,511,530,530,530,530,530,530,91,117,117],"floor_reached":56,"language":"ENG","playtime":4725,"items_purged":["Strike_P","Strike_P","Strike_P","Defend_P","Defend_P","Defend_P"],"score":1223,"play_id":"be1b87aa-d906-4c42-a363-ee111c3e9c49","local_time":"20210209203013","is_ascension_mode":false,"campfire_choices":[{"floor":10,"key":"RECALL"},{"data":"PathToVictory","floor":13,"key":"SMITH"},{"data":"PathToVictory","floor":15,"key":"SMITH"},{"data":"PathToVictory","floor":23,"key":"SMITH"},{"data":"PathToVictory","floor":28,"key":"SMITH"},{"data":"Sanctity","floor":32,"key":"SMITH"},{"data":"Vault","floor":40,"key":"SMITH"},{"data":"Wish","floor":49,"key":"SMITH"},{"data":"Perseverance","floor":52,"key":"SMITH"}],"circlet_count":0,"master_deck":["Eruption","Vigilance","PathToVictory+1","PathToVictory+1","Protect","EmptyBody","Replay:AtTheReady","PathToVictory+1","Protect","Vault+1","CurseOfTheBell","Study","Perseverance+1","PathToVictory+1","Sanctity+1","DevaForm","Sanctity","Wish+1"],"relics":["PureWater","Lee\u0027s Waffle","MerchantsRug","TungstenRod","Calling Bell","Thread and Needle","conspire:BottledYoYo","Philosopher\u0027s Stone","infinitespire:BottledMercury","Lantern","Coffee Dripper","infinitespire:Eraser","hubris:Potato","Mirror"],"acts_visited":["Exordium","TheCity","TheBeyond","TheEnding"],"potions_floor_usage":[6,16,16,31,44,46,55],"damage_taken":[{"damage":1,"enemies":"Jaw Worm","floor":1,"turns":3},{"damage":0,"enemies":"Cultist","floor":3,"turns":3},{"damage":1,"enemies":"2 Louse","floor":5,"turns":2},{"damage":15,"enemies":"Gremlin Nob","floor":6,"turns":5},{"damage":0,"enemies":"Large Slime","floor":12,"turns":4},{"damage":0,"enemies":"3 Louse","floor":14,"turns":3},{"damage":10,"enemies":"Fading Forest","floor":16,"turns":11},{"damage":5,"enemies":"Shell Parasite","floor":18,"turns":4},{"damage":3,"enemies":"Snake Plant","floor":21,"turns":4},{"damage":0,"enemies":"Cultist and Chosen","floor":22,"turns":5},{"damage":0,"enemies":"conspire:HollyBat","floor":24,"turns":5},{"damage":1,"enemies":"Shelled Parasite and Fungi","floor":27,"turns":4},{"damage":0,"enemies":"Book of Stabbing","floor":30,"turns":4},{"damage":2,"enemies":"Snake Plant","floor":31,"turns":2},{"damage":0,"enemies":"Pondfish","floor":33,"turns":4},{"damage":0,"enemies":"3 Darklings","floor":35,"turns":4},{"damage":0,"enemies":"3 Shapes","floor":36,"turns":4},{"damage":0,"enemies":"Spire Growth","floor":38,"turns":4},{"damage":5,"enemies":"4 Shapes","floor":41,"turns":7},{"damage":6,"enemies":"Maw","floor":42,"turns":4},{"damage":9,"enemies":"Sphere and 2 Shapes","floor":44,"turns":7},{"damage":0,"enemies":"Transient","floor":46,"turns":6},{"damage":0,"enemies":"Sphere and 2 Shapes","floor":47,"turns":6},{"damage":14,"enemies":"infinitespire:MassOfShapes","floor":50,"turns":5},{"damage":2,"enemies":"Shield and Spear","floor":54,"turns":5},{"damage":71,"enemies":"The Heart","floor":55,"turns":7}],"seed_played":"-5777877705602573922","potions_obtained":[{"floor":3,"key":"Fire Potion"},{"floor":6,"key":"CultistPotion"},{"floor":12,"key":"BlessingOfTheForge"},{"floor":22,"key":"SkillPotion"},{"floor":30,"key":"FearPotion"},{"floor":33,"key":"Fire Potion"},{"floor":35,"key":"AttackPotion"},{"floor":44,"key":"Ambrosia"}],"is_trial":false,"path_per_floor":["M","?","M","?","M","E","$","?","T","R","?","M","R","M","R","B",null,"M","?","AVR","M","M","R","M","$","T","M","R","?","E","M","R","B",null,"M","M","$","M","?","R","M","M","T","M","?","M","M","AVR","R","B",null,"R","$","E","B",null],"character_chosen":"WATCHER","items_purchased":["PathToVictory","PathToVictory","Protect","Lee\u0027s Waffle","MerchantsRug","Explosive Potion","Protect","Perseverance","hubris:Potato"],"campfire_rested":0,"item_purchase_floors":[0,0,0,0,0,0,7,25,53],"current_hp_per_floor":[78,78,78,78,77,62,62,62,62,62,56,56,56,56,56,46,79,74,74,74,71,71,71,71,71,71,70,70,70,70,68,68,68,79,79,79,79,79,79,79,74,68,68,59,59,59,59,59,59,45,79,79,79,77,6],"gold":117,"neow_bonus":"","is_daily":false,"chose_seed":false,"campfire_upgraded":8,"win_rate":0.0,"timestamp":1612931413,"path_taken":["M","?","?","?","M","E","$","?","T","R","?","M","R","M","R","BOSS","M","?","AVR","M","M","R","M","$","T","M","R","?","E","M","R","BOSS","M","M","$","M","?","R","M","M","T","?","?","M","M","AVR","R","BOSS","R","$","E","BOSS"],"items_purchased_type":["Card","Card","Card","Relic","Relic","Potion","Card","Card","Relic"],"build_version":"2020-12-22","purchased_purges":6,"victory":true,"max_hp_per_floor":[79,79,79,79,79,79,79,79,79,79,79,79,79,79,79,79,79,79,79,79,79,79,79,79,79,79,79,79,79,79,79,79,79,79,79,79,79,79,79,79,79,79,79,79,79,79,79,79,79,79,79,79,79,79,79],"card_choices":[{"not_picked":["Replay:ManipulateFuture","Replay:Hum"],"picked":"EmptyBody","floor":1},{"not_picked":["Prostrate","Replay:BluntJabs"],"picked":"Replay:AtTheReady","floor":3},{"not_picked":["Halt","SashWhip","BowlingBash"],"picked":"SKIP","floor":5},{"not_picked":["Weave","Vault"],"picked":"PathToVictory","floor":6},{"not_picked":["LikeWater","FlyingSleeves","SashWhip"],"picked":"SKIP","floor":12},{"not_picked":["Prostrate","Replay:ManipulateFuture","ThirdEye"],"picked":"SKIP","floor":14},{"not_picked":["MasterReality","ConjureBlade"],"picked":"Vault","floor":16},{"not_picked":["Replay:BluntJabs","FlyingSleeves"],"picked":"Study","floor":18},{"not_picked":["Replay:Cycle+1","Replay:BluntJabs","Replay:Vibes"],"picked":"SKIP","floor":21},{"not_picked":["Nirvana","FollowUp","JustLucky"],"picked":"SKIP","floor":22},{"not_picked":["BattleHymn","Replay:LoomingThreat","Replay:AtTheReady"],"picked":"SKIP","floor":24},{"not_picked":["Indignation","ThirdEye+1"],"picked":"PathToVictory","floor":27},{"not_picked":["Judgement","SashWhip","Meditate+1"],"picked":"SKIP","floor":30},{"not_picked":["Fasting2","ThirdEye"],"picked":"Sanctity","floor":31},{"not_picked":["Brilliance","LessonLearned"],"picked":"DevaForm","floor":33},{"not_picked":["Swivel","Replay:Vibes","CrushJoints+1"],"picked":"SKIP","floor":35},{"not_picked":["Prostrate+1","Replay:Anticipation"],"picked":"Sanctity","floor":36},{"not_picked":["Replay:Battleflow+1","FollowUp","Crescendo+1"],"picked":"SKIP","floor":38},{"not_picked":["FlurryOfBlows","CutThroughFate+1","Consecrate"],"picked":"SKIP","floor":41},{"not_picked":["Weave","InnerPeace+1"],"picked":"Wish","floor":42},{"not_picked":["Evaluate","Protect","ClearTheMind+1"],"picked":"SKIP","floor":44},{"not_picked":["EmptyBody","Replay:Hum+1","Replay:AtTheReady"],"picked":"SKIP","floor":46},{"not_picked":["Adaptation+1","EmptyFist+1","Tantrum+1"],"picked":"SKIP","floor":47},{"not_picked":["CutThroughFate+1","Halt","Wallop+1"],"picked":"SKIP","floor":54}],"player_experience":431363,"relics_obtained":[{"floor":6,"key":"conspire:DecoderRing"},{"floor":17,"key":"Thread and Needle"},{"floor":17,"key":"conspire:BottledYoYo"},{"floor":17,"key":"aspiration:TomeofQuesting"},{"floor":26,"key":"infinitespire:BottledMercury"},{"floor":30,"key":"Lantern"},{"floor":43,"key":"infinitespire:Eraser"},{"floor":54,"key":"Mirror"}],"event_choices":[{"damage_healed":0,"gold_gain":0,"player_choice":"Gave Potion","damage_taken":0,"relics_obtained":["TungstenRod"],"max_hp_gain":0,"max_hp_loss":0,"event_name":"WeMeetAgain","floor":2,"gold_loss":0},{"cards_removed":["Strike_P"],"damage_healed":0,"gold_gain":0,"player_choice":"Card Removal","damage_taken":7,"max_hp_gain":0,"max_hp_loss":0,"event_name":"Golden Wing","floor":11,"gold_loss":0},{"damage_healed":0,"gold_gain":100,"player_choice":"Pray","damage_taken":0,"max_hp_gain":0,"max_hp_loss":0,"event_name":"Golden Shrine","floor":39,"gold_loss":0},{"damage_healed":0,"gold_gain":0,"player_choice":"Ignored","damage_taken":0,"max_hp_gain":0,"max_hp_loss":0,"event_name":"NoteForYourself","floor":45,"gold_loss":0}],"is_beta":false,"boss_relics":[{"not_picked":["bronze:MakeshiftBattery","Replay:Ancient Bell"],"picked":"Calling Bell"},{"not_picked":["aspiration:RitualDagger","aspiration:SilentSkillbook"],"picked":"Coffee Dripper"}],"items_purged_floors":[7,20,25,37,48,53],"is_endless":false,"potions_floor_spawned":[3,6,12,22,30,33,35,36,44],"ascension_level":0}}