{"host":"3po7ngt2j61s4rmj","time":1612991520,"event":{"mods":["Act Like it!","BaseMod","Elementarium","Minty Spire (QoL Compilation)","Relic Stats","Shade Mod","StSLib","The Cursed"],"gold_per_floor":[117,133,133,150,150,150,178,178,178,178,208,208,208,218,218,320,320,335,335,335,335,349,349,380,380,380,411,422,422,30,61,61,160,160,170,189,208,208,224,224,258,258,258,258,258,308,340,393,393,393,393,393,69,96,96],"floor_reached":56,"language":"ENG","playtime":4510,"items_purged":[],"score":1775,"play_id":"99b6f5d9-2307-4b37-a17b-caaae005d550","local_time":"20210210141200","is_ascension_mode":true,"campfire_choices":[{"data":"TheCursedMod:CleanUpWorkshop","floor":6.0,"key":"SMITH"},{"floor":8.0,"key":"REST"},{"data":"TheCursedMod:CursedWand","floor":10.0,"key":"SMITH"},{"data":"TheCursedMod:CircleOfAbyss","floor":12.0,"key":"SMITH"},{"data":"TheCursedMod:Strike_TheCursed","floor":13.0,"key":"SMITH"},{"data":"TheCursedMod:SpitefulStrike","floor":15.0,"key":"SMITH"},{"data":"TheCursedMod:VoidForm","floor":23.0,"key":"SMITH"},{"floor":25.0,"key":"REST"},{"data":"J.A.X.","floor":29.0,"key":"SMITH"},{"floor":32.0,"key":"REST"},{"data":"TheCursedMod:DarkBarrier","floor":40.0,"key":"SMITH"},{"floor":42.0,"key":"RECALL"},{"floor":44,"key":"REST"},{"data":"Madness","floor":49,"key":"SMITH"},{"data":"Madness","floor":52,"key":"SMITH"}],"circlet_count":0,"master_deck":["TheCursedMod:Strike_TheCursed+1","TheCursedMod:Strike_TheCursed","TheCursedMod:Strike_TheCursed","TheCursedMod:Strike_TheCursed+1","TheCursedMod:Defend_TheCursed","TheCursedMod:Defend_TheCursed","TheCursedMod:Defend_TheCursed+1","TheCursedMod:Defend_TheCursed","TheCursedMod:CursedWand+1","TheCursedMod:CleanUpWorkshop+1","TheCursedMod:Dregs","TheCursedMod:FuryStrike+1","TheCursedMod:SurpriseAttack","TheCursedMod:BlessingInDisguise","TheCursedMod:SurpriseAttack","TheCursedMod:CircleOfAbyss+1","TheCursedMod:SpitefulStrike+1","TheCursedMod:VoidForm+1","TheCursedMod:SoulCrush","J.A.X.+1","TheCursedMod:SpitefulPlan+1","TheCursedMod:SpitefulStrike","TheCursedMod:TroublousMinions","TheCursedMod:TacticalStrike+1","TheCursedMod:SpitefulStrike","TheCursedMod:StingEye","TheCursedMod:TacticalStrike","TheCursedMod:SpitefulPray","TheCursedMod:DarkBarrier+1","TheCursedMod:TacticalStrike+1","Swift Strike","TheCursedMod:CircleOfBlood+1","Madness+1","Madness+1","Violence","TheCursedMod:Evocation+1"],"relics":["TheCursedMod:BlackMagicAdvanced","WingedGreaves","Mercury Hourglass","StrikeDummy","TheCursedMod:OminousMark","Enchiridion","TheCursedMod:DemonicMark","Dream Catcher","Shuriken","Calipers","Kunai","Mummified Hand","Pear","FossilizedHelix","Singing Bowl","TungstenRod","ClockworkSouvenir","Bag of Preparation"],"acts_visited":["Exordium","TheCity","TheBeyond","TheEnding"],"potions_floor_usage":[47,48,55,55],"damage_taken":[{"damage":0.0,"enemies":"2 Louse","floor":1.0,"turns":3.0},{"damage":0.0,"enemies":"Jaw Worm","floor":2.0,"turns":2.0},{"damage":0.0,"enemies":"Cultist","floor":4.0,"turns":2.0},{"damage":34.0,"enemies":"Lagavulin","floor":7.0,"turns":9.0},{"damage":5.0,"enemies":"3 Sentries","floor":11.0,"turns":5.0},{"damage":0.0,"enemies":"Looter","floor":14.0,"turns":2.0},{"damage":18.0,"enemies":"Hexaghost","floor":16.0,"turns":7.0},{"damage":4.0,"enemies":"Chosen","floor":18.0,"turns":4.0},{"damage":3.0,"enemies":"2 Thieves","floor":22.0,"turns":3.0},{"damage":13.0,"enemies":"Book of Stabbing","floor":24.0,"turns":3.0},{"damage":3.0,"enemies":"Gremlin Leader","floor":27.0,"turns":5.0},{"damage":18.0,"enemies":"Snake Plant","floor":28.0,"turns":2.0},{"damage":6.0,"enemies":"Book of Stabbing","floor":31.0,"turns":4.0},{"damage":3.0,"enemies":"Champ","floor":33.0,"turns":5.0},{"damage":1.0,"enemies":"3 Shapes","floor":35.0,"turns":3.0},{"damage":0.0,"enemies":"Orb Walker","floor":36.0,"turns":2.0},{"damage":25.0,"enemies":"Transient","floor":37.0,"turns":5.0},{"damage":3.0,"enemies":"4 Shapes","floor":39.0,"turns":4.0},{"damage":21.0,"enemies":"Reptomancer","floor":41.0,"turns":4.0},{"damage":3,"enemies":"Mind Bloom Boss Battle","floor":46,"turns":5},{"damage":17,"enemies":"Nemesis","floor":47,"turns":6},{"damage":0,"enemies":"2 Orb Walkers","floor":48,"turns":4},{"damage":23,"enemies":"Donu and Deca","floor":50,"turns":7},{"damage":5,"enemies":"Shield and Spear","floor":54,"turns":5},{"damage":94,"enemies":"The Heart","floor":55,"turns":8}],"seed_played":"7884879888223351403","potions_obtained":[{"floor":1.0,"key":"LiquidBronze"},{"floor":2.0,"key":"PowerPotion"},{"floor":7.0,"key":"DistilledChaos"},{"floor":16.0,"key":"CultistPotion"},{"floor":18.0,"key":"FairyPotion"},{"floor":24.0,"key":"SkillPotion"},{"floor":31.0,"key":"Explosive Potion"},{"floor":33.0,"key":"CultistPotion"},{"floor":35.0,"key":"PowerPotion"},{"floor":46,"key":"LiquidMemories"},{"floor":47,"key":"BlessingOfTheForge"},{"floor":48,"key":"Fire Potion"},{"floor":54,"key":"SpeedPotion"}],"is_trial":false,"path_per_floor":["M","M","?","M","?","R","E","R","T","R","E","R","R","M","R","B",null,"M","?","?","T","M","R","E","R","T","E","M","R","$","E","R","B",null,"M","M","M","?","M","R","E","R","T","R","?","?","E","?","R","B",null,"R","$","E","B",null],"character_chosen":"THE_CURSED","items_purchased":["Kunai","TheCursedMod:SpitefulStrike","TheCursedMod:StingEye","Energy Potion","ClockworkSouvenir","Violence"],"campfire_rested":4,"item_purchase_floors":[30,30,30,30,53,53],"current_hp_per_floor":[75,75,75,75,59,59,25,49,49,49,44,44,44,44,44,26,68,64,64,48,48,45,45,32,56,56,53,35,35,35,29,53,50,74,73,73,48,48,45,45,46,46,46,73,61,74,67,85,85,73,90,90,90,89,2],"gold":96,"neow_bonus":"TEN_PERCENT_HP_BONUS","is_daily":false,"chose_seed":false,"campfire_upgraded":10,"win_rate":0.0,"timestamp":1612991520,"path_taken":["M","M","?","M","?","R","E","R","T","R","E","R","R","M","R","BOSS","M","?","?","?","M","R","E","R","T","E","?","R","$","E","R","BOSS","M","M","M","?","M","R","E","R","T","R","?","?","E","?","R","BOSS","R","$","E","BOSS"],"items_purchased_type":["Relic","Card","Card","Potion","Relic","Card"],"build_version":"2020-12-22","purchased_purges":0,"victory":true,"max_hp_per_floor":[82,82,82,82,82,82,82,82,82,82,82,82,82,82,82,82,82,82,82,82,82,82,82,82,82,82,82,82,82,82,82,82,82,82,82,82,82,82,82,82,92,92,92,92,92,92,94,96,96,96,96,96,96,96,96],"relic_stats":{"Dream Catcher":3,"Singing Bowl":4,"counters":[25,108],"Shuriken":[49],"Mummified Hand":[42],"Bag of Preparation":[2],"Kunai":[46],"obtain_stats":[{"TheCursedMod:BlackMagic101":0,"Calipers":27,"Pear":41,"TheCursedMod:BlackMagicAdvanced":34,"Singing Bowl":47,"Enchiridion":20,"Bag of Preparation":54,"TheCursedMod:DemonicMark":21,"Mercury Hourglass":9,"ClockworkSouvenir":53,"Dream Catcher":24,"TheCursedMod:OminousMark":17,"Shuriken":26,"Mummified Hand":31,"WingedGreaves":7,"Kunai":30,"StrikeDummy":11,"FossilizedHelix":46,"TungstenRod":48},{"TheCursedMod:BlackMagic101":0,"Calipers":11,"Pear":19,"TheCursedMod:BlackMagicAdvanced":14,"Singing Bowl":21,"Enchiridion":8,"Bag of Preparation":24,"TheCursedMod:DemonicMark":8,"Mercury Hourglass":4,"ClockworkSouvenir":23,"Dream Catcher":10,"TheCursedMod:OminousMark":7,"Shuriken":10,"Mummified Hand":13,"WingedGreaves":4,"Kunai":12,"StrikeDummy":5,"FossilizedHelix":20,"TungstenRod":22},{"TheCursedMod:BlackMagic101":0,"Calipers":45,"Pear":73,"TheCursedMod:BlackMagicAdvanced":56,"Singing Bowl":84,"Enchiridion":34,"Bag of Preparation":100,"TheCursedMod:DemonicMark":34,"Mercury Hourglass":16,"ClockworkSouvenir":95,"Dream Catcher":40,"TheCursedMod:OminousMark":30,"Shuriken":40,"Mummified Hand":51,"WingedGreaves":16,"Kunai":47,"StrikeDummy":21,"FossilizedHelix":78,"TungstenRod":88}],"TungstenRod":42,"Mercury Hourglass":[345]},"card_choices":[{"not_picked":["TheCursedMod:BloodBarrier","TheCursedMod:StingEye"],"picked":"TheCursedMod:FuryStrike","floor":1.0},{"not_picked":["TheCursedMod:SmokeScreen","TheCursedMod:RavingStaff"],"picked":"TheCursedMod:SurpriseAttack","floor":2.0},{"not_picked":["TheCursedMod:DoubleShield","TheCursedMod:CursedBoomerang"],"picked":"TheCursedMod:BlessingInDisguise","floor":4.0},{"not_picked":["TheCursedMod:WearCloak","TheCursedMod:Torture"],"picked":"TheCursedMod:SurpriseAttack","floor":7.0},{"not_picked":["TheCursedMod:CursedBoomerang","TheCursedMod:RavingStaff"],"picked":"TheCursedMod:CircleOfAbyss","floor":11.0},{"not_picked":["TheCursedMod:CircleOfAmplification","TheCursedMod:TroublousMinions"],"picked":"TheCursedMod:SpitefulStrike","floor":14.0},{"not_picked":["TheCursedMod:ParallelWorld","TheCursedMod:AntiAging"],"picked":"TheCursedMod:VoidForm","floor":16.0},{"not_picked":["TheCursedMod:RapidMovement","TheCursedMod:HellsGateOpen+1"],"picked":"TheCursedMod:SoulCrush","floor":18.0},{"not_picked":["TheCursedMod:HellfireBreathing","TheCursedMod:Obscuration"],"picked":"TheCursedMod:SpitefulPlan+1","floor":22.0},{"not_picked":["TheCursedMod:CircleOfCorruption","TheCursedMod:CursedArmor"],"picked":"TheCursedMod:SpitefulStrike","floor":24.0},{"not_picked":["TheCursedMod:ReleasedKnowledge","TheCursedMod:UltimatePain"],"picked":"TheCursedMod:TroublousMinions","floor":25.0},{"not_picked":["TheCursedMod:FleshFromBone+1","TheCursedMod:AshesToAshes"],"picked":"TheCursedMod:TacticalStrike+1","floor":27.0},{"not_picked":["TheCursedMod:CursedAmulet","TheCursedMod:Wield","TheCursedMod:ReleasedKnowledge"],"picked":"SKIP","floor":28.0},{"not_picked":["TheCursedMod:CursedShiv","TheCursedMod:CursedAmulet"],"picked":"TheCursedMod:TacticalStrike","floor":31.0},{"not_picked":["TheCursedMod:TroublousMinions","TheCursedMod:RapidMovement"],"picked":"TheCursedMod:SpitefulPray","floor":32.0},{"not_picked":["TheCursedMod:ManaCirculation","TheCursedMod:DemonSword"],"picked":"TheCursedMod:DarkBarrier","floor":33.0},{"not_picked":["TheCursedMod:ManaBullet","TheCursedMod:CircleOfFocus"],"picked":"TheCursedMod:TacticalStrike+1","floor":35.0},{"not_picked":["TheCursedMod:Mangle","TheCursedMod:ReleasedStrength","TheCursedMod:FleshFromBone+1"],"picked":"SKIP","floor":36.0},{"not_picked":["TheCursedMod:BlessingInDisguise+1","TheCursedMod:FleshFromBone","TheCursedMod:Evocation"],"picked":"SKIP","floor":37.0},{"not_picked":["Finesse","Purity"],"picked":"Swift Strike","floor":38.0},{"not_picked":["TheCursedMod:Grudge+1","TheCursedMod:SoulReap+1"],"picked":"TheCursedMod:CircleOfBlood+1","floor":39.0},{"not_picked":["TheCursedMod:HellsGateOpen+1","TheCursedMod:StingEye","TheCursedMod:Stigma+1"],"picked":"SKIP","floor":41.0},{"not_picked":["TheCursedMod:Grudge","TheCursedMod:RavingStaff","TheCursedMod:Wield"],"picked":"Singing Bowl","floor":47},{"not_picked":["TheCursedMod:PrepareRite+1","TheCursedMod:Mangle+1","TheCursedMod:SoulCrush"],"picked":"Singing Bowl","floor":48},{"not_picked":["TheCursedMod:CircleOfCorruption","TheCursedMod:Grudge+1"],"picked":"TheCursedMod:Evocation+1","floor":54}],"player_experience":1103788,"relics_obtained":[{"floor":7.0,"key":"WingedGreaves"},{"floor":9.0,"key":"Mercury Hourglass"},{"floor":11.0,"key":"StrikeDummy"},{"floor":20.0,"key":"Enchiridion"},{"floor":21.0,"key":"TheCursedMod:DemonicMark"},{"floor":24.0,"key":"Dream Catcher"},{"floor":26.0,"key":"Shuriken"},{"floor":27.0,"key":"Calipers"},{"floor":31.0,"key":"Mummified Hand"},{"floor":41.0,"key":"Pear"},{"floor":46,"key":"FossilizedHelix"},{"floor":47,"key":"Singing Bowl"},{"floor":48,"key":"TungstenRod"},{"floor":54,"key":"Bag of Preparation"}],"event_choices":[{"damage_healed":0.0,"max_hp_gain":0.0,"max_hp_loss":0.0,"gold_gain":0.0,"event_name":"Living Wall","player_choice":"Grow","floor":3.0,"gold_loss":0.0,"damage_taken":0.0,"cards_upgraded":["TheCursedMod:FuryStrike"]},{"damage_healed":0.0,"max_hp_gain":0.0,"max_hp_loss":0.0,"gold_gain":0.0,"event_name":"Shining Light","player_choice":"Entered Light","floor":5.0,"gold_loss":0.0,"damage_taken":16.0,"cards_upgraded":["TheCursedMod:Defend_TheCursed","TheCursedMod:Strike_TheCursed"]},{"damage_healed":0.0,"max_hp_gain":0.0,"max_hp_loss":0.0,"gold_gain":0.0,"event_name":"Drug Dealer","player_choice":"Obtain J.A.X.","floor":19.0,"gold_loss":0.0,"damage_taken":0.0,"cards_obtained":["J.A.X."]},{"damage_healed":0.0,"max_hp_gain":0.0,"max_hp_loss":0.0,"gold_gain":0.0,"event_name":"Cursed Tome","player_choice":"Obtained Book","floor":20.0,"gold_loss":0.0,"damage_taken":16.0},{"damage_healed":0.0,"max_hp_gain":0.0,"max_hp_loss":0.0,"gold_gain":0.0,"event_name":"SensoryStone","player_choice":"Memory 1","floor":38.0,"gold_loss":0.0,"damage_taken":0.0},{"damage_healed":0,"gold_gain":0,"player_choice":"Embrace Madness","damage_taken":12,"max_hp_gain":0,"max_hp_loss":0,"event_name":"Winding Halls","floor":45,"gold_loss":0,"cards_obtained":["Madness","Madness"]},{"damage_healed":0,"gold_gain":0,"player_choice":"Fight","damage_taken":0,"max_hp_gain":0,"max_hp_loss":0,"event_name":"MindBloom","floor":46,"gold_loss":0},{"damage_healed":0,"gold_gain":0,"player_choice":"Fight","damage_taken":0,"max_hp_gain":0,"max_hp_loss":0,"event_name":"Mysterious Sphere","floor":48,"gold_loss":0}],"is_beta":false,"boss_relics":[{"not_picked":["Tiny House","Velvet Choker"],"picked":"TheCursedMod:OminousMark"},{"not_picked":["TheCursedMod:FourLeafCloverCharm","Snecko Eye"],"picked":"TheCursedMod:BlackMagicAdvanced"}],"items_purged_floors":[],"is_endless":false,"potions_floor_spawned":[1,2,7,16,18,24,31,33,35,46,47,48,54],"ascension_level":9}}