{"host":"n9fx05aq4lr38byd","time":1612995827,"event":{"mods":["BaseMod","Bestiary","Minty Spire (QoL Compilation)","Permanent Neow","Relic Stats"],"gold_per_floor":[112,128,146,146,146,146,169,169,222,262,335,335,369,392,392,392,392],"floor_reached":16,"language":"ENG","playtime":759,"items_purged":[],"score":236,"play_id":"c072e086-d577-40d6-b7db-e60079b6b7f5","local_time":"20210210222347","is_ascension_mode":true,"campfire_choices":[{"data":"Eruption","floor":6,"key":"SMITH"},{"data":"Thinking Ahead","floor":8,"key":"SMITH"},{"data":"SandsOfTime","floor":15,"key":"SMITH"}],"circlet_count":0,"master_deck":["AscendersBane","Strike_P","Strike_P","Strike_P","Strike_P","Defend_P","Defend_P","Defend_P","Defend_P","Eruption+1","Vigilance","Thinking Ahead+1","Wallop","SandsOfTime+1","Consecrate","EmptyMind","BowlingBash","ClearTheMind","Conclude"],"relics":["PureWater","Golden Idol","Juzu Bracelet","Bag of Marbles","Boot","InkBottle"],"acts_visited":["Exordium"],"potions_floor_usage":[10,11,11,16],"damage_taken":[{"damage":0,"enemies":"2 Louse","floor":1,"turns":2},{"damage":0,"enemies":"Small Slimes","floor":2,"turns":3},{"damage":2,"enemies":"Jaw Worm","floor":3,"turns":5},{"damage":1,"enemies":"Looter","floor":7,"turns":5},{"damage":7,"enemies":"3 Sentries","floor":10,"turns":6},{"damage":5,"enemies":"Gremlin Nob","floor":11,"turns":3},{"damage":0,"enemies":"Lagavulin","floor":13,"turns":4},{"damage":5,"enemies":"Gremlin Gang","floor":14,"turns":4},{"damage":44,"enemies":"Hexaghost","floor":16,"turns":9}],"seed_played":"5733652368598717087","potions_obtained":[{"floor":2,"key":"SpeedPotion"},{"floor":3,"key":"Fire Potion"},{"floor":10,"key":"Weak Potion"},{"floor":14,"key":"FearPotion"}],"is_trial":false,"path_per_floor":["M","M","M","?","?","R","M","R","T","E","?","?","E","M","R","B"],"character_chosen":"WATCHER","items_purchased":[],"campfire_rested":0,"item_purchase_floors":[],"current_hp_per_floor":[61,61,59,59,56,56,55,55,55,48,43,48,48,43,43,0,0],"gold":392,"neow_bonus":"RANDOM_COLORLESS_2","is_daily":false,"chose_seed":false,"campfire_upgraded":3,"win_rate":0.0,"timestamp":1612995827,"path_taken":["M","M","M","?","?","R","M","R","T","E","?","?","E","M","R","BOSS"],"items_purchased_type":[],"build_version":"2020-12-22","purchased_purges":0,"victory":false,"max_hp_per_floor":[62,62,62,62,56,56,56,56,56,56,56,61,61,61,61,61,61],"relic_stats":{"counters":[9,41],"Golden Idol":47,"Juzu Bracelet":1,"Boot":[5],"obtain_stats":[{"Golden Idol":5,"Juzu Bracelet":9,"Bag of Marbles":10,"PureWater":0,"Boot":11,"InkBottle":13},{"Golden Idol":3,"Juzu Bracelet":4,"Bag of Marbles":5,"PureWater":0,"Boot":5,"InkBottle":7},{"Golden Idol":10,"Juzu Bracelet":15,"Bag of Marbles":21,"PureWater":0,"Boot":21,"InkBottle":28}],"InkBottle":[5]},"card_choices":[{"not_picked":["The Bomb","Sadistic Nature"],"picked":"Thinking Ahead","floor":0},{"not_picked":["Pray","PathToVictory"],"picked":"Wallop","floor":1},{"not_picked":["Halt","WaveOfTheHand"],"picked":"SandsOfTime","floor":2},{"not_picked":["Protect","JustLucky"],"picked":"Consecrate","floor":3},{"not_picked":["Consecrate","Protect"],"picked":"EmptyMind","floor":7},{"not_picked":["FlurryOfBlows","Wish"],"picked":"BowlingBash","floor":10},{"not_picked":["WreathOfFlame","ThirdEye"],"picked":"ClearTheMind","floor":13},{"not_picked":["ThirdEye","FearNoEvil"],"picked":"Conclude","floor":14}],"player_experience":852083,"relics_obtained":[{"floor":9,"key":"Juzu Bracelet"},{"floor":10,"key":"Bag of Marbles"},{"floor":13,"key":"InkBottle"}],"event_choices":[{"damage_healed":0,"gold_gain":0,"player_choice":"Ignored","damage_taken":0,"max_hp_gain":0,"max_hp_loss":0,"event_name":"Liars Game","floor":4,"gold_loss":0},{"damage_healed":0,"gold_gain":0,"player_choice":"Lose Max HP","damage_taken":0,"relics_obtained":["Golden Idol"],"max_hp_gain":0,"max_hp_loss":6,"event_name":"Golden Idol","floor":5,"gold_loss":0},{"damage_healed":0,"gold_gain":0,"player_choice":"Searched \u00272\u0027 times","damage_taken":0,"relics_obtained":["Boot"],"max_hp_gain":0,"max_hp_loss":0,"event_name":"Dead Adventurer","floor":11,"gold_loss":0},{"damage_healed":0,"gold_gain":0,"player_choice":"Donut","damage_taken":0,"max_hp_gain":5,"max_hp_loss":0,"event_name":"Big Fish","floor":12,"gold_loss":0}],"is_beta":false,"boss_relics":[],"items_purged_floors":[],"is_endless":false,"potions_floor_spawned":[2,3,10,14],"killed_by":"Hexaghost","ascension_level":15}}