{"host":"6h0diz2ap0m56grs","time":1612986416,"event":{"mods":["2.2 Compatiblity","BaseMod","Colored Map","Marisa????????","Minty Spire (QoL Compilation)","Quick Restart","Replay The Spire","Shop Mod","StSLib","The Cursed","The Necromancer","The Servant 0.9.4"],"gold_per_floor":[114,125,75,75,149,180,211,211,259,259,273,301,301,335,335,439,439,439,287,287,287,227,227,227,227,227,227,227,227,227,227,227,227,227,227,227,227,115,115,115,115,115,115,115,115,115,115,115,115,115],"floor_reached":51,"language":"ENG","playtime":1509,"items_purged":[],"score":1349,"play_id":"0dbacd7a-35b1-4c45-9b8c-cfb6d3e11999","local_time":"20210210134656","daily_mods":["SealedDeck","Heirloom","Time Dilation","Flight"],"is_ascension_mode":true,"campfire_choices":[{"data":"TheCursedMod:LuckyCharm","floor":10,"key":"SMITH"},{"data":"TheCursedMod:DoubleShield","floor":13,"key":"SMITH"},{"data":"TheCursedMod:AbyssShockwave","floor":15,"key":"SMITH"},{"data":"TheCursedMod:VoidForm","floor":25,"key":"SMITH"},{"data":"TheCursedMod:LuckyCharm","floor":29,"key":"SMITH"},{"data":"TheCursedMod:AbyssShockwave","floor":32,"key":"SMITH"},{"data":"TheCursedMod:Obscuration","floor":45,"key":"SMITH"},{"data":"TheCursedMod:SmokeScreen","floor":47,"key":"SMITH"},{"data":"TheCursedMod:ManaCirculation","floor":49,"key":"SMITH"}],"circlet_count":0,"master_deck":["TheCursedMod:RapidMovement","TheCursedMod:CursedArmor","TheCursedMod:CursedMace","TheCursedMod:LuckyCharm+1","TheCursedMod:DoubleShield+1","TheCursedMod:SoulCrush","TheCursedMod:CursedStaff","TheCursedMod:AbyssShockwave+1","TheCursedMod:AbyssShockwave+1","TheCursedMod:CursedArmor","TheCursedMod:SoulCrush","TheCursedMod:CursedStaff","TheCursedMod:Obscuration+1","TheCursedMod:BlessingInDisguise","TheCursedMod:CursedMace","TheCursedMod:VoidForm+1","TheCursedMod:LuckyCharm+1","TheCursedMod:SmokeScreen+1","TheCursedMod:ManaCirculation+1","Amnesia","TheCursedMod:CursedBoomerang+1","Replay:Sluggish"],"relics":["Snecko Eye","Ring of Chaos","replay:Trail_Library","Du-Vu Doll","TheCursedMod:DemonicMark","StrikeDummy","Happy Flower","Nunchaku","Toy Ornithopter","Replay:PocketPolymizer","Cursed Key","Ectoplasm","TheCursedMod:FourLeafCloverCharm","MerchantsRug","Red Mask","Bronze Scales","Torii","Vajra","Replay:WaspNest","Smiling Mask","Replay:Drink Me","CatCart","Ring of Searing","Letter Opener","Potion Belt","Mercury Hourglass","Sundial","Omamori","Bottled Flame"],"acts_visited":["Exordium","TheCity","TheBeyond"],"potions_floor_usage":[16,50,50,50,50],"damage_taken":[{"damage":1,"enemies":"Jaw Worm","floor":1,"turns":3},{"damage":0,"enemies":"2 Louse","floor":2,"turns":1},{"damage":0,"enemies":"Lagavulin","floor":6,"turns":1},{"damage":0,"enemies":"3 Sentries","floor":7,"turns":2},{"damage":0,"enemies":"Cultist","floor":11,"turns":1},{"damage":0,"enemies":"Lagavulin","floor":12,"turns":2},{"damage":0,"enemies":"Gremlin Nob","floor":14,"turns":1},{"damage":3,"enemies":"Hexaghost","floor":16,"turns":3},{"damage":0,"enemies":"Spheric Guardian","floor":18,"turns":1},{"damage":0,"enemies":"Masked Bandits","floor":20,"turns":1},{"damage":0,"enemies":"Gremlin Leader","floor":23,"turns":3},{"damage":1,"enemies":"Replay:Snechameleon","floor":24,"turns":2},{"damage":0,"enemies":"Book of Stabbing","floor":27,"turns":4},{"damage":0,"enemies":"3 Byrds","floor":28,"turns":2},{"damage":0,"enemies":"Pondfish","floor":33,"turns":3},{"damage":0,"enemies":"3 Shapes","floor":35,"turns":2},{"damage":0,"enemies":"Orin","floor":36,"turns":4},{"damage":5,"enemies":"3 Darklings","floor":39,"turns":2},{"damage":10,"enemies":"R_Hoarder","floor":40,"turns":5},{"damage":0,"enemies":"Giant Head","floor":41,"turns":4},{"damage":0,"enemies":"R_Hoarder","floor":42,"turns":4},{"damage":0,"enemies":"Reptomancer","floor":44,"turns":2},{"damage":5,"enemies":"Spire Growth","floor":48,"turns":3},{"damage":20,"enemies":"Donu and Deca","floor":50,"turns":5}],"seed_played":"-1360444880778323727","potions_obtained":[{"floor":1,"key":"DuplicationPotion"},{"floor":6,"key":"LiquidBronze"},{"floor":7,"key":"Block Potion"},{"floor":23,"key":"TheCursedMod:DregsPotion"},{"floor":28,"key":"PowerPotion"},{"floor":35,"key":"CultistPotion"},{"floor":42,"key":"Weak Potion"}],"is_trial":true,"path_per_floor":["M","M","?","?","?","E","E","T","T","R","M","E","R","E","R","B",null,"M","$","?","T","?","E","E","R","T","E","M","R","?","$","R","B",null,"M","?","?","?","M","E","E","E","T","E","R","?","R","M","R","B",null],"character_chosen":"THE_CURSED","items_purchased":["MerchantsRug"],"campfire_rested":0,"item_purchase_floors":[19],"current_hp_per_floor":[74,74,74,79,79,79,79,79,79,79,79,79,79,79,79,77,80,80,80,80,80,80,80,79,79,79,79,79,79,79,79,79,79,60,60,60,60,60,55,45,45,45,45,45,45,45,45,40,40,40],"gold":115,"neow_bonus":"","is_daily":false,"chose_seed":false,"campfire_upgraded":9,"win_rate":0.0,"timestamp":1612986416,"path_taken":["M","M","?","?","?","E","E","?","T","R","?","E","R","E","R","BOSS","M","$","?","?","?","E","E","R","T","E","?","R","?","?","R","BOSS","M","?","?","?","?","E","E","E","T","E","R","?","R","M","R","BOSS"],"items_purchased_type":["Relic"],"build_version":"2020-12-22","purchased_purges":0,"victory":true,"max_hp_per_floor":[75,75,75,80,80,80,80,80,80,80,80,80,80,80,80,80,80,80,80,80,80,80,80,80,80,80,80,80,80,80,80,80,80,60,60,60,60,60,60,60,60,60,60,60,60,57,57,57,57,57],"card_choices":[{"not_picked":["TheCursedMod:StingEye","TheCursedMod:RavingStaff"],"picked":"TheCursedMod:CursedArmor","floor":1},{"not_picked":["TheCursedMod:RavingStaff","TheCursedMod:FleshFromBone","TheCursedMod:Stretching"],"picked":"SKIP","floor":2},{"not_picked":["TheCursedMod:CursedShiv","TheCursedMod:AntiAging","TheCursedMod:ReleasedStrength"],"picked":"SKIP","floor":6},{"not_picked":["TheCursedMod:CollectTribute","TheCursedMod:SpitefulStrike"],"picked":"TheCursedMod:SoulCrush","floor":7},{"not_picked":["TheCursedMod:Hemoplague","TheCursedMod:HellfireBreathing","TheCursedMod:HellsGateOpen"],"picked":"SKIP","floor":11},{"not_picked":["TheCursedMod:StingEye","TheCursedMod:RapidMovement"],"picked":"TheCursedMod:BlessingInDisguise","floor":12},{"not_picked":["TheCursedMod:TroublousMinions","TheCursedMod:CursedBlade"],"picked":"TheCursedMod:CursedMace","floor":14},{"not_picked":["TheCursedMod:CollectTribute","TheCursedMod:DemonicPact"],"picked":"TheCursedMod:VoidForm","floor":16},{"not_picked":["TheCursedMod:CursedAmulet","TheCursedMod:HellsGateOpen"],"picked":"TheCursedMod:LuckyCharm","floor":18},{"not_picked":["TheCursedMod:CircleOfFlame","TheCursedMod:RavingStaff","TheCursedMod:SurpriseAttack+1"],"picked":"SKIP","floor":23},{"not_picked":["TheCursedMod:NeowsMight","TheCursedMod:Evocation","TheCursedMod:EmpowerCircles+1"],"picked":"SKIP","floor":24},{"not_picked":["TheCursedMod:CollectTribute","TheCursedMod:Mangle+1","TheCursedMod:CircleOfCorruption"],"picked":"SKIP","floor":27},{"not_picked":["TheCursedMod:SpreadPlague","TheCursedMod:AbyssShockwave","TheCursedMod:Wield+1"],"picked":"SKIP","floor":28},{"not_picked":["TheCursedMod:ForbiddenAlchemy","TheCursedMod:DemonicPact"],"picked":"TheCursedMod:ManaCirculation","floor":33},{"not_picked":["TheCursedMod:SoulReap","TheCursedMod:Wield","TheCursedMod:SmokeScreen"],"picked":"SKIP","floor":35},{"not_picked":["TheCursedMod:Stigma","TheCursedMod:CursedMace","TheCursedMod:Evocation+1"],"picked":"SKIP","floor":39},{"not_picked":["TheCursedMod:BloodBarrier+1","TheCursedMod:SurpriseAttack","TheCursedMod:EmpowerCircles+1"],"picked":"SKIP","floor":40},{"not_picked":["TheCursedMod:Stretching","TheCursedMod:Torture+1"],"picked":"TheCursedMod:CursedBoomerang+1","floor":41},{"not_picked":["TheCursedMod:RavingStaff+1","TheCursedMod:UltimatePain","TheCursedMod:CircleOfWindfury"],"picked":"SKIP","floor":42},{"not_picked":["TheCursedMod:RapidMovement","TheCursedMod:CursedAmulet","TheCursedMod:ManaBullet+1"],"picked":"SKIP","floor":44},{"not_picked":["TheCursedMod:Hemoplague","TheCursedMod:SpreadPlague+1","TheCursedMod:SoulReap"],"picked":"SKIP","floor":48}],"player_experience":468215,"relics_obtained":[{"floor":6,"key":"TheCursedMod:DemonicMark"},{"floor":7,"key":"StrikeDummy"},{"floor":8,"key":"Happy Flower"},{"floor":9,"key":"Nunchaku"},{"floor":12,"key":"Toy Ornithopter"},{"floor":14,"key":"Replay:PocketPolymizer"},{"floor":20,"key":"Red Mask"},{"floor":21,"key":"Bronze Scales"},{"floor":23,"key":"Torii"},{"floor":24,"key":"Vajra"},{"floor":26,"key":"Replay:WaspNest"},{"floor":27,"key":"Smiling Mask"},{"floor":36,"key":"CatCart"},{"floor":37,"key":"Ring of Searing"},{"floor":40,"key":"Potion Belt"},{"floor":41,"key":"Mercury Hourglass"},{"floor":42,"key":"Sundial"},{"floor":43,"key":"Omamori"},{"floor":44,"key":"Bottled Flame"}],"event_choices":[{"cards_removed":["TheCursedMod:FleshFromBone"],"damage_healed":0,"gold_gain":0,"player_choice":"Card Removal","damage_taken":0,"max_hp_gain":0,"max_hp_loss":0,"event_name":"The Cleric","floor":3,"gold_loss":50},{"damage_healed":0,"gold_gain":0,"player_choice":"Donut","damage_taken":0,"max_hp_gain":5,"max_hp_loss":0,"event_name":"Big Fish","floor":4,"gold_loss":0},{"damage_healed":0,"gold_gain":74,"player_choice":"Gained Gold","damage_taken":0,"max_hp_gain":0,"max_hp_loss":0,"event_name":"Golden Wing","floor":5,"gold_loss":0},{"damage_healed":0,"gold_gain":0,"player_choice":"Fought Bandits","damage_taken":0,"max_hp_gain":0,"max_hp_loss":0,"event_name":"Masked Bandits","floor":20,"gold_loss":0},{"damage_healed":0,"gold_gain":0,"player_choice":"Ignored","damage_taken":0,"max_hp_gain":0,"max_hp_loss":0,"event_name":"Vampires","floor":30,"gold_loss":0},{"damage_healed":0,"gold_gain":0,"player_choice":"Fight","damage_taken":0,"max_hp_gain":0,"max_hp_loss":0,"event_name":"OrinTheCat","floor":36,"gold_loss":0},{"damage_healed":0,"gold_gain":0,"player_choice":"Paid Gold","damage_taken":0,"relics_obtained":["Letter Opener"],"max_hp_gain":0,"max_hp_loss":0,"event_name":"WeMeetAgain","floor":38,"gold_loss":112},{"damage_healed":0,"gold_gain":0,"player_choice":"Max HP","damage_taken":0,"max_hp_gain":0,"max_hp_loss":3,"event_name":"Winding Halls","floor":46,"gold_loss":0}],"is_beta":false,"boss_relics":[{"not_picked":["TheCursedMod:OminousMark","Sozu"],"picked":"Replay:Grab Bag"},{"not_picked":["Abe\u0027s Treasure","Replay:Wanted Poster"],"picked":"Cursed Key"},{"not_picked":["ReplayTheSpireMod:Onyx Gauntlets","Fusion Hammer"],"picked":"Ectoplasm"},{"not_picked":["Calling Bell","Snecko Heart"],"picked":"TheCursedMod:FourLeafCloverCharm"},{"not_picked":["Tiny House","Astrolabe"],"picked":"Replay:Drink Me"}],"items_purged_floors":[],"is_endless":false,"potions_floor_spawned":[1,6,7,23,28,33,35,42],"ascension_level":1}}