{"host":"f7rb14kzcw8hx1r1","time":1612961407,"event":{"mods":["BaseMod","Better Note","Better Third Choice","Colored Map","Highlight Path","Hubris","Minty Spire (QoL Compilation)","Replay The Spire","StSLib","The Forsaken"],"gold_per_floor":[369,369,369,386,396,396,18,38,88,118,133,152,164,181,181,283,283,302,202,213,225,225,225,254,13,13,13,88,164,364,374,374,477,477,491,506,506,182,182,182,200,212,212,62,74,74,74,74,74,74],"floor_reached":51,"language":"ENG","playtime":1683,"items_purged":["Strike_B","Strike_B","Strike_B","Defend_B"],"score":769,"play_id":"82716c16-e2db-418b-89db-4bb89c02e5d6","local_time":"20210210135007","is_ascension_mode":false,"campfire_choices":[{"data":"Zap","floor":6,"key":"SMITH"},{"data":"Chill","floor":15,"key":"SMITH"},{"data":"Coolheaded","floor":23,"key":"SMITH"},{"data":"Dualcast","floor":27,"key":"SMITH"},{"data":"Scrape","floor":32,"key":"SMITH"},{"data":"Conserve Battery","floor":40,"key":"SMITH"},{"data":"Gash","floor":47,"key":"SMITH"},{"data":"Force Field","floor":49,"key":"SMITH"}],"circlet_count":0,"master_deck":["Defend_B","Defend_B","Zap+1","Dualcast+1","Gash","Gash","Ball Lightning","BootSequence","Gash+1","Chill+1","Skim+1","Go for the Eyes+1","Defragment+1","Hologram+1","Coolheaded+1","Defragment+1","Coolheaded+1","FIFO Queue","Scrape+1","Double Energy+1","Ball Lightning+1","Conserve Battery+1","Beam Cell+1","Defragment+1","Fusion+1","ReplaySolidLightProjector+1","Mirror Shield+1","Force Field+1"],"relics":["FrozenCore","Runic Capacitor","Tiny Chest","Replay:Antivirus Software","Bag of Preparation","hubris:Stopwatch","Prayer Wheel","Bottled Lightning","Pear","hubris:MysteriousPyramids","Pantograph","hubris:Icosahedron","DataDisk","Replay:Mystery Machine","Bottled Flame"],"acts_visited":["Exordium","TheCity","TheBeyond"],"potions_floor_usage":[8,16,16,18,50,50],"damage_taken":[{"damage":0,"enemies":"2 Louse","floor":1,"turns":1},{"damage":0,"enemies":"Cultist","floor":4,"turns":3},{"damage":0,"enemies":"Small Slimes","floor":5,"turns":4},{"damage":0,"enemies":"3 Louse","floor":8,"turns":3},{"damage":27,"enemies":"Gremlin Nob","floor":10,"turns":4},{"damage":2,"enemies":"Blue Slaver","floor":11,"turns":3},{"damage":0,"enemies":"Looter","floor":12,"turns":2},{"damage":1,"enemies":"Exordium Wildlife","floor":13,"turns":3},{"damage":7,"enemies":"Exordium Thugs","floor":14,"turns":3},{"damage":4,"enemies":"Slime Boss","floor":16,"turns":7},{"damage":1,"enemies":"3 Byrds","floor":18,"turns":5},{"damage":0,"enemies":"Chosen","floor":20,"turns":3},{"damage":4,"enemies":"3 Cultists","floor":21,"turns":5},{"damage":0,"enemies":"Replay:Snechameleon","floor":24,"turns":4},{"damage":0,"enemies":"Shelled Parasite and Fungi","floor":31,"turns":5},{"damage":10,"enemies":"Automaton","floor":33,"turns":8},{"damage":0,"enemies":"Orb Walker","floor":35,"turns":5},{"damage":0,"enemies":"3 Darklings","floor":36,"turns":5},{"damage":0,"enemies":"Writhing Mass","floor":41,"turns":7},{"damage":2,"enemies":"Maw","floor":42,"turns":6},{"damage":0,"enemies":"Jaw Worm Horde","floor":45,"turns":4},{"damage":0,"enemies":"Time Eater","floor":50,"turns":10}],"seed_played":"5172858953881186350","potions_obtained":[{"floor":1,"key":"Weak Potion"},{"floor":12,"key":"Swift Potion"},{"floor":13,"key":"BlessingOfTheForge"},{"floor":16,"key":"Swift Potion"},{"floor":24,"key":"Energy Potion"},{"floor":31,"key":"AttackPotion"},{"floor":36,"key":"Dexterity Potion"}],"is_trial":false,"path_per_floor":["M","?","?","M","M","R","$","M","T","E","M","M","M","M","R","B",null,"M","$","M","M","?","R","E","$","T","R","?","T","?","M","R","B",null,"M","M","?","$","T","R","M","M","T","$","M","?","R","?","R","B",null],"character_chosen":"DEFECT","items_purchased":["Runic Capacitor","Tiny Chest","Pear","DataDisk","FocusPotion"],"campfire_rested":0,"item_purchase_floors":[7,7,25,38,38],"current_hp_per_floor":[68,68,68,68,68,68,68,68,68,41,39,39,38,31,31,27,68,67,67,67,63,63,63,63,73,73,73,66,66,66,66,66,68,78,78,78,78,78,78,78,78,76,76,76,76,76,76,76,76,78],"gold":74,"neow_bonus":"TWO_FIFTY_GOLD","is_daily":false,"chose_seed":false,"campfire_upgraded":8,"win_rate":0.0,"timestamp":1612961407,"path_taken":["M","?","?","M","?","R","$","M","T","E","M","M","?","M","R","BOSS","M","$","M","M","?","R","E","$","T","R","?","?","?","?","R","BOSS","M","M","?","$","?","R","?","M","T","$","M","?","R","?","R","BOSS"],"items_purchased_type":["Relic","Relic","Relic","Relic","Potion"],"build_version":"2020-12-22","purchased_purges":4,"victory":true,"max_hp_per_floor":[68,68,68,68,68,68,68,68,68,68,68,68,68,68,68,68,68,68,68,68,68,68,68,68,78,78,78,78,78,78,78,78,78,78,78,78,78,78,78,78,78,78,78,78,78,78,78,78,78,78],"card_choices":[{"not_picked":["Static Discharge","Cold Snap"],"picked":"Gash","floor":1},{"not_picked":["Hello World","Lockon","Turbo"],"picked":"SKIP","floor":4},{"not_picked":["hubris:Ukulele","Turbo"],"picked":"Gash","floor":5},{"not_picked":["Redo","Steam"],"picked":"Ball Lightning","floor":8},{"not_picked":["Go for the Eyes","Consume"],"picked":"BootSequence","floor":10},{"not_picked":["Barrage","ReplaySolidLightProjector","Fusion"],"picked":"SKIP","floor":11},{"not_picked":["Panic Button","Time Bomb","BasicCrystalCard"],"picked":"SKIP","floor":12},{"not_picked":["Go for the Eyes","Seek"],"picked":"Gash","floor":13},{"not_picked":["hubris:PowerSurge","Leap"],"picked":"Chill","floor":14},{"not_picked":["hubris:Prefetch","Multi-Cast"],"picked":"ReplayTheSpireMod:Fabricate Wheel","floor":16},{"not_picked":["Sweeping Beam","Barrage+1"],"picked":"Skim+1","floor":18},{"not_picked":["Stack","ReplayTheSpireMod:GoodbyeWorld+1","Sunder"],"picked":"SKIP","floor":18},{"not_picked":["Turbo","Chill"],"picked":"Go for the Eyes+1","floor":20},{"not_picked":["ReplaySolidLightProjector","Reprogram"],"picked":"Defragment+1","floor":20},{"not_picked":["Auto Shields","Ball Lightning"],"picked":"Hologram+1","floor":21},{"not_picked":["Steam","Skim"],"picked":"Coolheaded","floor":21},{"not_picked":["Chill","Hello World"],"picked":"Coolheaded+1","floor":24},{"not_picked":["Steam Power","Beam Cell"],"picked":"FIFO Queue","floor":31},{"not_picked":["Steam Power","ReplayTheSpireMod:GoodbyeWorld"],"picked":"Scrape","floor":31},{"not_picked":["Coolheaded+1","BasicCrystalCard"],"picked":"Double Energy+1","floor":35},{"not_picked":["Coolheaded+1","Steam Power+1","FIFO Queue+1"],"picked":"SKIP","floor":35},{"not_picked":["Streamline","Skim+1"],"picked":"Ball Lightning+1","floor":36},{"not_picked":["Auto Shields+1","Rainbow"],"picked":"Conserve Battery","floor":36},{"not_picked":["Go for the Eyes","Gash"],"picked":"Beam Cell+1","floor":41},{"not_picked":["Sweeping Beam+1","Leap","Skim"],"picked":"SKIP","floor":41},{"not_picked":["Conserve Battery+1","Cold Snap+1"],"picked":"Defragment+1","floor":42},{"not_picked":["Melter+1","Compile Driver+1"],"picked":"Fusion+1","floor":42},{"not_picked":["Conserve Battery+1","Steam+1"],"picked":"ReplaySolidLightProjector+1","floor":45},{"not_picked":["Lockon","Sweeping Beam+1"],"picked":"Mirror Shield","floor":45}],"player_experience":966748,"relics_obtained":[{"floor":9,"key":"Replay:Antivirus Software"},{"floor":10,"key":"Bag of Preparation"},{"floor":24,"key":"Bottled Lightning"},{"floor":26,"key":"hubris:MysteriousPyramids"},{"floor":29,"key":"Pantograph"},{"floor":39,"key":"Replay:Mystery Machine"},{"floor":43,"key":"Bottled Flame"}],"event_choices":[{"cards_removed":["Strike_B"],"damage_healed":0,"gold_gain":0,"player_choice":"Offered Basic","damage_taken":0,"max_hp_gain":0,"max_hp_loss":0,"event_name":"Bonfire Elementals","floor":3,"gold_loss":0},{"damage_healed":0,"gold_gain":0,"player_choice":"Copied","damage_taken":0,"max_hp_gain":0,"max_hp_loss":0,"event_name":"Duplicator","floor":22,"gold_loss":0,"cards_obtained":["Defragment"]},{"damage_healed":0,"gold_gain":75,"player_choice":"Touch","damage_taken":7,"max_hp_gain":0,"max_hp_loss":0,"event_name":"FaceTrader","floor":28,"gold_loss":0},{"damage_healed":0,"gold_gain":200,"player_choice":"Gold","damage_taken":0,"max_hp_gain":0,"max_hp_loss":0,"event_name":"Wheel of Change","floor":30,"gold_loss":0},{"damage_healed":0,"gold_gain":0,"cards_transformed":["Defend_B"],"player_choice":"Transformed","damage_taken":0,"max_hp_gain":0,"max_hp_loss":0,"event_name":"Transmorgrifier","floor":48,"gold_loss":0,"cards_obtained":["Force Field"]}],"is_beta":false,"boss_relics":[{"not_picked":["Replay:Drink Me","hubris:BlackHole"],"picked":"hubris:Stopwatch"},{"not_picked":["Replay:Bronze Core","ChewingGum"],"picked":"FrozenCore"}],"items_purged_floors":[7,19,38,44],"is_endless":false,"potions_floor_spawned":[1,12,13,16,24,31,36,41,45],"ascension_level":0}}