{"host":"j5shy70asow5koz5","time":1612980917,"event":{"mods":["2.2 Compatiblity","Act Like it!","Arknights","BaseMod","Colored Map","Marisa£¨Ùöéë¡¡Øª×âÞÞ£©","Minty Spire (QoL Compilation)","Prisma Mod","StSLib","SuperFastMode","Td1madao Mod","The Disciple","The Gatherer","The Servant 0.9.4","Waifu the Spire"],"gold_per_floor":[219,219,237,251,251,251,266,282,282,312,237,247,247,76,76,179,179,189,155,0,15,15,15,48,48,48,48,79,79,89,105,105,204,204,221,221,237,112,124,124,151,151,151,151,8,8,27,53,53,53,53,53,53,87,87],"floor_reached":56,"language":"KOR","playtime":1458,"items_purged":["Strike_G","Strike_G","Defend_G"],"score":1295,"play_id":"88d478f8-f7e4-4b52-870a-35c4d5ec8ea7","local_time":"20210211031517","is_ascension_mode":false,"campfire_choices":[{"data":"Cloak And Dagger","floor":6,"key":"SMITH"},{"data":"Cloak And Dagger","floor":13,"key":"SMITH"},{"data":"Accuracy","floor":15,"key":"SMITH"},{"data":"Blade Dance","floor":23,"key":"SMITH"},{"data":"Accuracy","floor":25,"key":"SMITH"},{"data":"Infinite Blades","floor":29,"key":"SMITH"},{"floor":32,"key":"REST"},{"data":"Prepared","floor":40,"key":"SMITH"},{"data":"Prepared","floor":42,"key":"SMITH"},{"data":"Finisher","floor":44,"key":"SMITH"},{"floor":49,"key":"RECALL"},{"data":"Leg Sweep","floor":52,"key":"SMITH"}],"circlet_count":0,"master_deck":["Defend_G","Defend_G","Defend_G","Defend_G+1","Survivor","Neutralize","Flying Knee","Leg Sweep+1","Accuracy+1","Cloak And Dagger+1","Cloak And Dagger+1","Accuracy+1","Bullet Time+1","Finisher+1","Blade Dance+1","Backflip+1","Infinite Blades+1","Prepared+1","Prepared+1","Infinite Blades+1","Blade Dance+1","Cloak And Dagger"],"relics":["Ring of the Snake","Ninja Scroll","Dream Catcher","Sozu","Bag of Marbles","TungstenRod","War Paint","Happy Flower","WristBlade","Vajra","Blood Vial","Toy Ornithopter","Calipers"],"acts_visited":["Exordium","TheCity","TheBeyond","TheEnding"],"potions_floor_usage":[8,8,10,24,50],"damage_taken":[{"damage":4,"enemies":"Small Slimes","floor":1,"turns":5},{"damage":0,"enemies":"ats:Genji","floor":3,"turns":3},{"damage":0,"enemies":"Cultist","floor":4,"turns":4},{"damage":1,"enemies":"Red Slaver","floor":7,"turns":3},{"damage":0,"enemies":"2 Fungi Beasts","floor":8,"turns":1},{"damage":13,"enemies":"Lagavulin","floor":10,"turns":8},{"damage":10,"enemies":"Exordium Thugs","floor":12,"turns":5},{"damage":15,"enemies":"The Guardian","floor":16,"turns":10},{"damage":0,"enemies":"3 Byrds","floor":18,"turns":5},{"damage":18,"enemies":"2 Thieves","floor":19,"turns":5},{"damage":0,"enemies":"Shelled Parasite and Fungi","floor":21,"turns":3},{"damage":1,"enemies":"Book of Stabbing","floor":24,"turns":3},{"damage":0,"enemies":"Gremlin Leader","floor":28,"turns":3},{"damage":5,"enemies":"Centurion and Healer","floor":30,"turns":2},{"damage":0,"enemies":"Chosen and Byrds","floor":31,"turns":2},{"damage":19,"enemies":"Collector","floor":33,"turns":4},{"damage":0,"enemies":"3 Darklings","floor":35,"turns":3},{"damage":0,"enemies":"Orb Walker","floor":37,"turns":1},{"damage":0,"enemies":"Transient","floor":39,"turns":5},{"damage":0,"enemies":"Nemesis","floor":41,"turns":1},{"damage":0,"enemies":"Spire Growth","floor":47,"turns":2},{"damage":0,"enemies":"Reptomancer","floor":48,"turns":2},{"damage":37,"enemies":"Awakened One","floor":50,"turns":6},{"damage":11,"enemies":"Shield and Spear","floor":54,"turns":3},{"damage":80,"enemies":"The Heart","floor":55,"turns":6}],"seed_played":"-6728939554165955726","potions_obtained":[{"floor":3,"key":"SteroidPotion"},{"floor":4,"key":"SteroidPotion"},{"floor":7,"key":"AttackPotion"},{"floor":8,"key":"Dexterity Potion"},{"floor":16,"key":"LiquidMemories"}],"is_trial":false,"path_per_floor":["M","?","M","M","?","R","M","M","T","E","$","M","R","$","R","B",null,"M","M","$","M","?","R","E","R","T","?","E","R","M","M","R","B",null,"M","?","M","$","M","R","E","R","T","R","$","?","M","E","R","B",null,"R","$","E","B",null],"character_chosen":"THE_SILENT","items_purchased":["Accuracy","Bag of Marbles","Blood Vial"],"campfire_rested":1,"item_purchase_floors":[14,20,45],"current_hp_per_floor":[66,66,66,66,66,66,65,65,65,52,52,42,42,42,42,27,70,70,52,52,52,52,52,51,51,51,51,51,51,46,46,67,48,70,70,70,70,70,70,70,70,70,70,70,70,70,70,70,70,38,70,70,70,59,15],"gold":87,"neow_bonus":"HUNDRED_GOLD","is_daily":false,"chose_seed":false,"campfire_upgraded":10,"win_rate":0.0,"timestamp":1612980917,"path_taken":["M","?","M","M","?","R","M","M","T","E","$","?","R","?","R","BOSS","M","M","$","M","?","R","E","R","T","?","E","R","?","M","R","BOSS","M","?","M","$","M","R","E","R","T","R","$","?","M","E","R","BOSS","R","$","E","BOSS"],"items_purchased_type":["Card","Relic","Relic"],"build_version":"2020-12-22","purchased_purges":3,"victory":true,"max_hp_per_floor":[70,70,70,70,70,70,70,70,70,70,70,70,70,70,70,70,70,70,70,70,70,70,70,70,70,70,70,70,70,70,70,70,70,70,70,70,70,70,70,70,70,70,70,70,70,70,70,70,70,70,70,70,70,70,70],"card_choices":[{"not_picked":["Poisoned Stab","Noxious Fumes"],"picked":"Flying Knee","floor":1},{"not_picked":["Reflex","Heel Hook"],"picked":"Leg Sweep","floor":3},{"not_picked":["Quick Slash","Acrobatics"],"picked":"Accuracy","floor":4},{"not_picked":["Crippling Poison","Slice","Dagger Spray"],"picked":"SKIP","floor":7},{"not_picked":["Dagger Spray","Poisoned Stab","Unload"],"picked":"SKIP","floor":8},{"not_picked":["Leg Sweep","Heel Hook","Underhanded Strike"],"picked":"SKIP","floor":10},{"not_picked":["PiercingWail","Reflex"],"picked":"Cloak And Dagger","floor":12},{"not_picked":["Malaise","Tools of the Trade"],"picked":"Bullet Time","floor":16},{"not_picked":["Acrobatics","Backflip"],"picked":"Finisher","floor":18},{"not_picked":["Flying Knee+1","Distraction"],"picked":"Blade Dance","floor":19},{"not_picked":["Deadly Poison","Masterful Stab","Dagger Throw"],"picked":"SKIP","floor":21},{"not_picked":["Dagger Throw","Masterful Stab"],"picked":"Backflip+1","floor":24},{"not_picked":["Terror","Prepared+1"],"picked":"Infinite Blades","floor":28},{"not_picked":["PiercingWail","Noxious Fumes"],"picked":"Prepared","floor":30},{"not_picked":["Dagger Throw","Sucker Punch","Poisoned Stab"],"picked":"SKIP","floor":31},{"not_picked":["Outmaneuver","Dagger Spray+1"],"picked":"Prepared","floor":32},{"not_picked":["Footwork","Cloak And Dagger+1"],"picked":"Infinite Blades+1","floor":35},{"not_picked":["Leg Sweep+1","Flying Knee"],"picked":"Cloak And Dagger+1","floor":37},{"not_picked":["Underhanded Strike","Outmaneuver+1","Cloak And Dagger"],"picked":"SKIP","floor":39},{"not_picked":["PiercingWail","Quick Slash+1","Bane+1"],"picked":"SKIP","floor":41},{"not_picked":["Phantasmal Killer","Cloak And Dagger"],"picked":"Blade Dance+1","floor":47},{"not_picked":["Riddle With Holes","Backflip","After Image"],"picked":"SKIP","floor":48},{"not_picked":["Prepared","Deadly Poison"],"picked":"Cloak And Dagger","floor":54}],"player_experience":95089,"relics_obtained":[{"floor":9,"key":"Ninja Scroll"},{"floor":10,"key":"Dream Catcher"},{"floor":24,"key":"TungstenRod"},{"floor":26,"key":"War Paint"},{"floor":28,"key":"Happy Flower"},{"floor":41,"key":"Vajra"},{"floor":48,"key":"Toy Ornithopter"},{"floor":54,"key":"Calipers"}],"event_choices":[{"damage_healed":0,"gold_gain":0,"player_choice":"Ignored","damage_taken":0,"max_hp_gain":0,"max_hp_loss":0,"event_name":"Liars Game","floor":2,"gold_loss":0},{"damage_healed":0,"gold_gain":0,"cards_transformed":["Strike_G"],"player_choice":"Transformed","damage_taken":0,"max_hp_gain":0,"max_hp_loss":0,"event_name":"Transmorgrifier","floor":5,"gold_loss":0,"cards_obtained":["Cloak And Dagger"]},{"cards_removed":["Strike_G"],"damage_healed":0,"gold_gain":0,"player_choice":"Elegance","damage_taken":0,"max_hp_gain":0,"max_hp_loss":0,"event_name":"Back to Basics","floor":22,"gold_loss":0},{"cards_removed":["Strike_G"],"damage_healed":0,"gold_gain":0,"player_choice":"Purged","damage_taken":0,"max_hp_gain":0,"max_hp_loss":0,"event_name":"Purifier","floor":27,"gold_loss":0},{"damage_healed":0,"gold_gain":0,"player_choice":"Ignored","damage_taken":0,"max_hp_gain":0,"max_hp_loss":0,"event_name":"Tomb of Lord Red Mask","floor":36,"gold_loss":0},{"cards_removed":["Cloak And Dagger"],"damage_healed":0,"gold_gain":0,"player_choice":"Removed Skill","damage_taken":0,"max_hp_gain":0,"max_hp_loss":0,"event_name":"Falling","floor":46,"gold_loss":0}],"is_beta":false,"boss_relics":[{"not_picked":["Runic Dome","Velvet Choker"],"picked":"Sozu"},{"not_picked":["Runic Pyramid","SacredBark"],"picked":"WristBlade"}],"items_purged_floors":[11,14,38],"is_endless":false,"potions_floor_spawned":[3,4,7,8,16,21,30,31,35,47],"ascension_level":0}}