{"host":"zeqqfkj762i3pba1","time":1612932794,"event":{"mods":["BaseMod","Colored Map","Downfall","Minty Spire (QoL Compilation)","StSLib"],"gold_per_floor":[99,110,124,124,124,124,124,141,168,168,192,202,218,231,245,343,343,343,356,368,318,331,342,396,396,396,421,441,18,47,58,75,173,173,173,190,210,210,210,51,51,61,87,55,74,88,88,102,112,112],"floor_reached":51,"language":"ENG","playtime":6789,"items_purged":["Slimebound:Gluttony+1"],"score":877,"play_id":"9ec46d25-5e85-4bf9-bee6-3ee9b2df81d1","local_time":"20210209235314","is_ascension_mode":false,"campfire_choices":[{"data":"Slimebound:Split","floor":1.0,"key":"SMITH"},{"data":"Slimebound:Replication","floor":10.0,"key":"SMITH"},{"data":"Slimebound:Gluttony","floor":18.0,"key":"SMITH"},{"data":"Slimebound:MassRepurpose","floor":26.0,"key":"SMITH"},{"floor":35.0,"key":"RECALL"}],"circlet_count":0,"master_deck":["Slimebound:Tackle+1","Slimebound:Defend_Slimebound+1","Slimebound:Defend_Slimebound","Slimebound:Defend_Slimebound+1","Slimebound:Defend_Slimebound","Slimebound:Split+1","Slimebound:CorrosiveSpit+1","Slimebound:Schlurp","Slimebound:GoopTackle+1","downfall:Malfunctioning","Slimebound:Replication+1","Slimebound:LeechEnergy+1","Slimebound:GrowthPunch+1","Slimebound:ProtectTheBoss","Slimebound:SplitAcid","Slimebound:SplitMire","Slimebound:Gluttony+1","Slimebound:MassRepurpose+1","Slimebound:SplitLeeching","Slimebound:AcidTongue+1","Bite+1","Bite+1","Bite+1","Bite+1","Bite+1","Slimebound:LeadByExample+1","Slimebound:LeechingTouch+1","Slimebound:LivingWall","expansioncontent:StudyTheSpire","expansioncontent:PolyBeam+1","Slimebound:LeadByExample+1","Slimebound:Schlurp","Slimebound:RejuvenatingLick+1","Slimebound:SlimeSlap+1","Slimebound:SlimeBrawl+1","Slimebound:TongueLash+1","expansioncontent:HyperBeam+1","Slimebound:SplitMire+1","expansioncontent:QuickStudy","Slimebound:SplitMire","Slimebound:SlimeSpikes","Slimebound:RollThrough+1","Slimebound:Prepare","Slimebound:SpikyOuterGoop","Slimebound:SplitMire","Slimebound:Prepare","Slimebound:SplitLeeching+1","Slimebound:Repurpose"],"relics":["Slimebound:AbsorbEndCombat","downfall:BrokenWingStatue","Molten Egg 2","Mango","Odd Mushroom","Black Star","Anchor","Dream Catcher","Membership Card","Lantern","Incense Burner","Oddly Smooth Stone","Coffee Dripper","Boot","Ancient Tea Set","StoneCalendar","Sling","Thread and Needle"],"acts_visited":["Exordium","TheCity","TheBeyond"],"potions_floor_usage":[44,44,50,50],"damage_taken":[{"damage":7.0,"enemies":"Jaw Worm","floor":2.0,"turns":4.0},{"damage":3.0,"enemies":"Small Slimes","floor":3.0,"turns":3.0},{"damage":0.0,"enemies":"2 Louse","floor":8.0,"turns":3.0},{"damage":38.0,"enemies":"Gremlin Nob","floor":9.0,"turns":4.0},{"damage":2.0,"enemies":"The Mushroom Lair","floor":11.0,"turns":4.0},{"damage":10.0,"enemies":"Large Slime","floor":12.0,"turns":5.0},{"damage":10.0,"enemies":"Exordium Wildlife","floor":13.0,"turns":4.0},{"damage":1.0,"enemies":"Blue Slaver","floor":14.0,"turns":3.0},{"damage":3.0,"enemies":"Large Slime","floor":15.0,"turns":3.0},{"damage":17.0,"enemies":"IC_STATUS_ARCHETYPE","floor":16.0,"turns":6.0},{"damage":26.0,"enemies":"Spheric Guardian","floor":19.0,"turns":6.0},{"damage":7.0,"enemies":"Snake Plant","floor":20.0,"turns":3.0},{"damage":7.0,"enemies":"Centurion and Healer","floor":22.0,"turns":5.0},{"damage":21.0,"enemies":"Snecko","floor":23.0,"turns":5.0},{"damage":52.0,"enemies":"Book of Stabbing","floor":27.0,"turns":6.0},{"damage":24.0,"enemies":"Snake Plant","floor":28.0,"turns":5.0},{"damage":4.0,"enemies":"downfall:FleeingMerchant","floor":29.0,"turns":4.0},{"damage":65.0,"enemies":"Slavers","floor":30.0,"turns":8.0},{"damage":5.0,"enemies":"Shelled Parasite and Fungi","floor":31.0,"turns":6.0},{"damage":5.0,"enemies":"Snecko","floor":32.0,"turns":6.0},{"damage":17.0,"enemies":"WA_ARCHETYPE_CALM","floor":33.0,"turns":7.0},{"damage":11.0,"enemies":"3 Shapes","floor":36.0,"turns":5.0},{"damage":17.0,"enemies":"3 Darklings","floor":37.0,"turns":6.0},{"damage":2.0,"enemies":"downfall:FleeingMerchant","floor":40.0,"turns":4.0},{"damage":3.0,"enemies":"Transient","floor":42.0,"turns":5.0},{"damage":5.0,"enemies":"Nemesis","floor":43.0,"turns":7.0},{"damage":0,"enemies":"downfall:FleeingMerchant","floor":44,"turns":4},{"damage":3,"enemies":"4 Shapes","floor":45,"turns":4},{"damage":0,"enemies":"Maw","floor":46,"turns":6},{"damage":4,"enemies":"Transient","floor":48,"turns":5},{"damage":7,"enemies":"3 Darklings","floor":49,"turns":5},{"damage":19,"enemies":"SI_POISON_ARCHETYPE","floor":50,"turns":9}],"seed_played":"6217173071548408980","potions_obtained":[{"floor":3.0,"key":"BlessingOfTheForge"},{"floor":12.0,"key":"AttackPotion"},{"floor":14.0,"key":"LiquidMemories"},{"floor":16.0,"key":"Ancient Potion"},{"floor":19.0,"key":"LiquidBronze"},{"floor":22.0,"key":"champ:CounterPotion"},{"floor":30.0,"key":"sneckomod:MuddlingPotion"},{"floor":31.0,"key":"ColorlessPotion"},{"floor":32.0,"key":"CultistPotion"},{"floor":33.0,"key":"hexamod:SoulburnPotion"},{"floor":36.0,"key":"Fire Potion"},{"floor":43.0,"key":"FairyPotion"}],"is_trial":false,"path_per_floor":["R","M","M","?","?","?","T","M","E","R","?","M","M","M","M","B",null,"R","M","M","?","M","M","T","?","R","E","M","$","E","M","M","B",null,"R","M","M","?","?","$","T","M","E","$","M","M","?","M","M","B",null],"character_chosen":"SLIMEBOUND","items_purchased":["Membership Card","expansioncontent:StudyTheSpire","Lantern","expansioncontent:PolyBeam","DuplicationPotion","expansioncontent:QuickStudy","Slimebound:SplitMire","Slimebound:SlimeSpikes","Slimebound:RollThrough+1","Sling","Thread and Needle","LiquidMemories","AttackPotion","Slimebound:SpikyOuterGoop"],"campfire_rested":0,"item_purchase_floors":[29,29,29,29,29,40,40,40,40,44,44,44,44,44],"current_hp_per_floor":[71,70,71,71,71,64,64,66,46,46,48,44,40,43,44,35,85,85,65,66,85,84,71,71,71,71,45,44,57,24,36,48,51,85,85,85,77,77,77,85,85,85,85,85,85,85,77,82,82,70],"gold":112,"neow_bonus":"TEN_PERCENT_HP_BONUS","is_daily":false,"chose_seed":false,"campfire_upgraded":4,"win_rate":0.0,"timestamp":1612932794,"path_taken":["R","M","M","?","?","?","T","M","E","R","?","M","?","M","M","BOSS","R","M","M","?","M","M","T","?","R","E","M","$","E","M","M","BOSS","R","M","M","?","?","$","T","M","E","$","M","M","?","?","M","BOSS"],"items_purchased_type":["Relic","Card","Relic","Card","Potion","Card","Card","Card","Card","Relic","Relic","Potion","Potion","Card"],"build_version":"2020-12-22","purchased_purges":1,"victory":true,"max_hp_per_floor":[71,71,71,71,71,71,71,71,85,85,85,85,85,85,85,85,85,85,85,85,85,85,85,85,85,85,85,85,85,85,85,85,85,85,85,85,85,85,85,85,85,85,85,85,85,85,85,85,85,85],"card_choices":[{"not_picked":["Slimebound:FinishingTackle","Slimebound:LeechingTouch"],"picked":"Slimebound:Schlurp","floor":2.0},{"not_picked":["Slimebound:FinishingTackle","Slimebound:DisruptingSlam"],"picked":"Slimebound:GoopTackle","floor":3.0},{"not_picked":["Slimebound:SlimeBarrage+1","Slimebound:SpikyOuterGoop"],"picked":"Slimebound:Replication","floor":8.0},{"not_picked":["Slimebound:FlameTackle+1","Slimebound:SlimeBarrage+1"],"picked":"Slimebound:LeechEnergy+1","floor":9.0},{"not_picked":["Slimebound:GoopTackle+1","Slimebound:SplitAcid"],"picked":"Slimebound:GrowthPunch+1","floor":11.0},{"not_picked":["Slimebound:Dissolve","Slimebound:FormOfPuddle"],"picked":"Slimebound:ProtectTheBoss","floor":12.0},{"not_picked":["Slimebound:ItLooksTasty+1","Slimebound:SplitBruiser"],"picked":"Slimebound:SplitAcid","floor":13.0},{"not_picked":["Slimebound:SlimeBarrage+1","Slimebound:SlimeSpikes"],"picked":"Slimebound:SplitMire","floor":14.0},{"not_picked":["Slimebound:ComboTackle+1","Slimebound:SplitLeeching"],"picked":"Slimebound:Gluttony","floor":15.0},{"not_picked":["Slimebound:DouseInSlime","Slimebound:OozeBath"],"picked":"Slimebound:MassRepurpose","floor":16.0},{"not_picked":["Slimebound:FinishingTackle+1","Slimebound:Grow","Slimebound:ItLooksTasty+1"],"picked":"SKIP","floor":19.0},{"not_picked":["Slimebound:SplitAcid+1","Slimebound:SplitMire"],"picked":"Slimebound:SplitLeeching","floor":20.0},{"not_picked":["Slimebound:ComboTackle+1","Slimebound:AcidTongue"],"picked":"Slimebound:Gluttony+1","floor":22.0},{"not_picked":["Slimebound:FinishingTackle+1","Slimebound:GoopSpray"],"picked":"Slimebound:AcidTongue+1","floor":23.0},{"not_picked":["Slimebound:DouseInSlime","Slimebound:ViciousTackle+1"],"picked":"Slimebound:LeadByExample+1","floor":27.0},{"not_picked":["Slimebound:SplitBruiser","Slimebound:GoopSpray"],"picked":"Slimebound:LeechingTouch+1","floor":28.0},{"not_picked":["Slimebound:ForwardTackle+1","Slimebound:Schlurp+1"],"picked":"Slimebound:LivingWall","floor":29.0},{"not_picked":["Slimebound:SlimeBrawl","Slimebound:Replication"],"picked":"Slimebound:LeadByExample+1","floor":30.0},{"not_picked":["Slimebound:HauntingLick","Slimebound:FormOfPuddle"],"picked":"Slimebound:Schlurp","floor":31.0},{"not_picked":["Slimebound:SplitBruiser","Slimebound:Dissolve"],"picked":"Slimebound:RejuvenatingLick+1","floor":32.0},{"not_picked":["Slimebound:PrepareCrush","Slimebound:OneTwoCombo+1"],"picked":"Slimebound:SlimeSlap+1","floor":33.0},{"not_picked":["Slimebound:Schlurp+1","Slimebound:MegaLick"],"picked":"Slimebound:SlimeBrawl+1","floor":36.0},{"not_picked":["Slimebound:Gluttony","Slimebound:FlameTackle+1"],"picked":"Slimebound:TongueLash+1","floor":37.0},{"not_picked":["expansioncontent:Hexaburn","expansioncontent:LastStand"],"picked":"expansioncontent:HyperBeam","floor":39.0},{"not_picked":["Slimebound:FinishingTackle+1","Slimebound:HauntingLick"],"picked":"Slimebound:SplitMire+1","floor":40.0},{"not_picked":["Slimebound:ItLooksTasty+1","Slimebound:DisruptingSlam+1","Slimebound:FinishingTackle+1"],"picked":"SKIP","floor":42.0},{"not_picked":["Slimebound:Gluttony+1","Slimebound:DouseInSlime"],"picked":"Slimebound:Prepare","floor":43.0},{"not_picked":["Slimebound:Dissolve","Slimebound:RejuvenatingLick+1","Slimebound:GrowthPunch+1"],"picked":"SKIP","floor":44},{"not_picked":["Slimebound:DisruptingSlam+1","Slimebound:ComboTackle+1"],"picked":"Slimebound:SplitMire","floor":45},{"not_picked":["Slimebound:RollThrough+1","Slimebound:FinishingTackle+1"],"picked":"Slimebound:Prepare","floor":46},{"not_picked":["Slimebound:GoopTackle+1","Slimebound:Grow+1"],"picked":"Slimebound:SplitLeeching+1","floor":48},{"not_picked":["Slimebound:RejuvenatingLick","Slimebound:SlimeBarrage+1"],"picked":"Slimebound:Repurpose","floor":49}],"player_experience":220583,"relics_obtained":[{"floor":9.0,"key":"Mango"},{"floor":11.0,"key":"Odd Mushroom"},{"floor":24.0,"key":"Blood Vial"},{"floor":27.0,"key":"Anchor"},{"floor":27.0,"key":"Dream Catcher"},{"floor":30.0,"key":"Incense Burner"},{"floor":30.0,"key":"Oddly Smooth Stone"},{"floor":41.0,"key":"Boot"},{"floor":43.0,"key":"Ancient Tea Set"},{"floor":43.0,"key":"StoneCalendar"}],"event_choices":[{"damage_healed":0.0,"max_hp_gain":0.0,"max_hp_loss":0.0,"gold_gain":0.0,"event_name":"Scrap Ooze","player_choice":"Success","floor":6.0,"gold_loss":0.0,"damage_taken":7.0,"relics_obtained":["Molten Egg 2"]},{"damage_healed":0.0,"max_hp_gain":0.0,"max_hp_loss":0.0,"gold_gain":0.0,"event_name":"Mushrooms","player_choice":"Fought Mushrooms","floor":11.0,"gold_loss":0.0,"damage_taken":0.0},{"damage_healed":0.0,"max_hp_gain":0.0,"max_hp_loss":0.0,"gold_gain":0.0,"event_name":"Vampires","player_choice":"Became a vampire (Vial)","floor":25.0,"relics_lost":["Blood Vial"],"gold_loss":0.0,"damage_taken":0.0,"cards_obtained":["Bite","Bite","Bite","Bite","Bite"]}],"is_beta":false,"boss_relics":[{"not_picked":["Fusion Hammer","SacredBark"],"picked":"Black Star"},{"not_picked":["Velvet Choker","Philosopher\u0027s Stone"],"picked":"Coffee Dripper"}],"items_purged_floors":[44],"is_endless":false,"potions_floor_spawned":[3,12,14,15,16,19,22,30,31,32,33,36,43,46,49],"ascension_level":0}}