{"host":"5kirneupyg4uzd3w","time":1612941184,"event":{"mods":["BaseMod","Colored Map","Custom Start","Minty Spire (QoL Compilation)","StSLib","SuperFastMode"],"gold_per_floor":[116,116,58,70,89,118,130,130,157,188,203,203,218,253,253,330,330,349,349,368,183,200,226,238,273,298,328,365,395,407,419,431,443,443],"floor_reached":33,"language":"KOR","playtime":1095,"items_purged":[],"score":848,"play_id":"0e0d68dd-79bd-4c5e-8ece-26a53b695d97","local_time":"20210210161304","is_ascension_mode":true,"campfire_choices":[{"data":"Shrug It Off","floor":8.0,"key":"SMITH"},{"floor":12.0,"key":"REST"},{"data":"Intimidate","floor":15.0,"key":"SMITH"},{"floor":32.0,"key":"REST"}],"circlet_count":0,"master_deck":["AscendersBane","Strike_R+1","Strike_R+1","Defend_R+1","Defend_R+1","Defend_R+1","Defend_R+1","Bash","Inflame","Shrug It Off+1","Hemokinesis","Intimidate+1","Offering","Metallicize","Twin Strike","Sever Soul","Immolate","Iron Wave+1","Berserk+1","Bludgeon+1","Feel No Pain","Master of Strategy","Flame Barrier","Bloodletting","Rupture","Second Wind","Exhume","Heavy Blade+1"],"relics":["Burning Blood","NeowsBlessing","Centennial Puzzle","Art of War","Bag of Preparation","Akabeko","Astrolabe","CaptainsWheel","Orichalcum","MawBank","Champion Belt"],"acts_visited":["Exordium","TheCity"],"potions_floor_usage":[],"damage_taken":[{"damage":0.0,"enemies":"Jaw Worm","floor":1.0,"turns":1.0},{"damage":0.0,"enemies":"Small Slimes","floor":4.0,"turns":1.0},{"damage":0.0,"enemies":"2 Louse","floor":5.0,"turns":2.0},{"damage":36.0,"enemies":"Gremlin Nob","floor":6.0,"turns":4.0},{"damage":27.0,"enemies":"Exordium Thugs","floor":7.0,"turns":6.0},{"damage":22.0,"enemies":"Lagavulin","floor":10.0,"turns":7.0},{"damage":7.0,"enemies":"3 Louse","floor":11.0,"turns":5.0},{"damage":6.0,"enemies":"2 Fungi Beasts","floor":13.0,"turns":4.0},{"damage":18.0,"enemies":"Gremlin Nob","floor":14.0,"turns":3.0},{"damage":10.0,"enemies":"Slime Boss","floor":16.0,"turns":10.0},{"damage":11.0,"enemies":"Spheric Guardian","floor":18.0,"turns":3.0},{"damage":9.0,"enemies":"3 Byrds","floor":20.0,"turns":6.0},{"damage":12.0,"enemies":"3 Cultists","floor":22.0,"turns":3.0},{"damage":11.0,"enemies":"Gremlin Leader","floor":23.0,"turns":5.0},{"damage":11.0,"enemies":"Chosen and Byrds","floor":24.0,"turns":5.0},{"damage":20.0,"enemies":"Slavers","floor":25.0,"turns":6.0},{"damage":0.0,"enemies":"Shelled Parasite and Fungi","floor":27.0,"turns":3.0},{"damage":11.0,"enemies":"Gremlin Leader","floor":28.0,"turns":4.0},{"damage":2.0,"enemies":"3 Cultists","floor":29.0,"turns":5.0},{"damage":0.0,"enemies":"Book of Stabbing","floor":31.0,"turns":4.0},{"damage":41,"enemies":"Collector","floor":33,"turns":8}],"seed_played":"-6193431496325414385","potions_obtained":[{"floor":4.0,"key":"SmokeBomb"},{"floor":10.0,"key":"PowerPotion"},{"floor":16.0,"key":"HeartOfIron"},{"floor":25.0,"key":"DuplicationPotion"},{"floor":28.0,"key":"ColorlessPotion"}],"is_trial":false,"path_per_floor":["M","?","$","M","M","E","M","R","T","E","M","R","M","E","R","B",null,"M","?","M","$","M","E","M","E","T","M","E","M","?","E","R","B"],"character_chosen":"IRONCLAD","items_purchased":["Shrug It Off","Master of Strategy"],"campfire_rested":2,"item_purchase_floors":[3,21],"current_hp_per_floor":[74,74,74,75,75,45,24,24,24,8,7,29,29,17,17,13,60,55,55,52,52,46,41,36,22,22,28,23,27,6,12,36,0,0],"gold":443,"neow_bonus":"THREE_ENEMY_KILL","is_daily":false,"chose_seed":false,"campfire_upgraded":2,"win_rate":0.0,"timestamp":1612941184,"path_taken":["M","?","?","?","M","E","M","R","T","E","M","R","M","E","R","BOSS","M","?","M","$","M","E","M","E","T","M","E","M","?","E","R","BOSS"],"items_purchased_type":["Card","Card"],"build_version":"2020-12-22","purchased_purges":0,"victory":false,"max_hp_per_floor":[75,75,75,75,75,75,75,75,75,75,75,75,75,75,75,75,75,75,75,75,75,75,75,75,75,75,75,75,75,80,80,80,80,80],"card_choices":[{"not_picked":["Twin Strike","Wild Strike"],"picked":"Inflame","floor":1.0},{"not_picked":["Cleave","Sever Soul"],"picked":"Hemokinesis","floor":4.0},{"not_picked":["Cleave","Hemokinesis"],"picked":"Intimidate","floor":5.0},{"not_picked":["Anger","Feel No Pain"],"picked":"Offering","floor":6.0},{"not_picked":["Wild Strike","Warcry"],"picked":"Metallicize","floor":7.0},{"not_picked":["Corruption","Perfected Strike"],"picked":"Twin Strike","floor":10.0},{"not_picked":["True Grit","Headbutt","Body Slam"],"picked":"SKIP","floor":11.0},{"not_picked":["Warcry","Shrug It Off"],"picked":"Sever Soul","floor":13.0},{"not_picked":["Shockwave","True Grit","Clash"],"picked":"SKIP","floor":14.0},{"not_picked":["Berserk","Barricade"],"picked":"Immolate","floor":16.0},{"not_picked":["Thunderclap","Sword Boomerang"],"picked":"Feel No Pain","floor":18.0},{"not_picked":["Heavy Blade","Warcry","Dropkick"],"picked":"SKIP","floor":20.0},{"not_picked":["Thunderclap","Combust"],"picked":"Flame Barrier","floor":22.0},{"not_picked":["Shrug It Off","Dropkick"],"picked":"Bloodletting","floor":23.0},{"not_picked":["Anger","Warcry"],"picked":"Rupture","floor":24.0},{"not_picked":["Dark Embrace","Pommel Strike"],"picked":"Second Wind","floor":25.0},{"not_picked":["Bloodletting","Havoc","Clash"],"picked":"SKIP","floor":27.0},{"not_picked":["Headbutt","Body Slam+1"],"picked":"Exhume","floor":28.0},{"not_picked":["True Grit","Iron Wave"],"picked":"Heavy Blade+1","floor":29.0}],"player_experience":314744,"relics_obtained":[{"floor":6.0,"key":"Centennial Puzzle"},{"floor":9.0,"key":"Art of War"},{"floor":10.0,"key":"Bag of Preparation"},{"floor":14.0,"key":"Akabeko"},{"floor":23.0,"key":"CaptainsWheel"},{"floor":25.0,"key":"Orichalcum"},{"floor":26.0,"key":"MawBank"},{"floor":28.0,"key":"Champion Belt"}],"event_choices":[{"damage_healed":0.0,"max_hp_gain":0.0,"max_hp_loss":0.0,"gold_gain":0.0,"event_name":"Liars Game","player_choice":"Ignored","floor":2.0,"gold_loss":0.0,"damage_taken":0.0},{"damage_healed":0.0,"max_hp_gain":0.0,"max_hp_loss":0.0,"gold_gain":0.0,"event_name":"Back to Basics","player_choice":"Simplicity","floor":19.0,"gold_loss":0.0,"damage_taken":0.0,"cards_upgraded":["Strike_R","Strike_R","Defend_R","Defend_R","Defend_R","Defend_R"]},{"damage_healed":0.0,"max_hp_gain":5.0,"max_hp_loss":0.0,"gold_gain":0.0,"event_name":"Forgotten Altar","player_choice":"Shed Blood","floor":30.0,"gold_loss":0.0,"damage_taken":26.0}],"is_beta":false,"boss_relics":[{"not_picked":["Black Blood","Runic Dome"],"picked":"Astrolabe"}],"items_purged_floors":[],"is_endless":false,"potions_floor_spawned":[4,10,14,16,23,25,28,31],"killed_by":"Collector","ascension_level":20}}