{"host":"Tuck","time":1612979879,"event":{"mods":["BaseMod","Minty Spire (QoL Compilation)","StSLib"],"gold_per_floor":[119,536,536,583,602,632,646,646,720,750,103,113,129,161,161,265,265,285,302,302,317,317,342,342,367,391,421,440,475,493,508,508,606,606,620,620,636,636,486,503,555,586,638,638,664,676,676,704,704,704,704,704,704,730,730],"floor_reached":56,"language":"ENG","playtime":30393,"items_purged":[],"score":1853,"play_id":"e92ebe2a-d888-4d12-8e14-b17bfec03bea","local_time":"20210210105759","is_ascension_mode":true,"campfire_choices":[{"floor":8.0,"key":"RECALL"},{"floor":15.0,"key":"REST"},{"data":"Deflect","floor":24.0,"key":"SMITH"},{"floor":32.0,"key":"REST"},{"data":"Panacea","floor":44.0,"key":"SMITH"},{"floor":49.0,"key":"REST"},{"floor":52,"key":"REST"}],"circlet_count":0,"master_deck":["Discovery+1","Discovery+1","Discovery+1","MasterReality+1","Deflect+1","Panacea+1","Footwork+1"],"relics":["SlaversCollar","Frozen Egg 2","Bag of Preparation","Potion Belt","Ancient Tea Set","Nilry\u0027s Codex","PreservedInsect","HandDrill","Shuriken","Sundial","Ice Cream","Black Star","Toy Ornithopter","Orichalcum","Tiny Chest","Matryoshka","Pen Nib","Snake Skull","Blood Vial","Kunai","Question Card","Molten Egg 2","HoveringKite","Regal Pillow","Ornamental Fan","Whetstone","Art of War","Juzu Bracelet","Oddly Smooth Stone","Bronze Scales","Dream Catcher","OrangePellets","Medical Kit","TungstenRod","HornCleat"],"acts_visited":["Exordium","TheCity","TheBeyond","TheEnding"],"potions_floor_usage":[55,55,55,55],"damage_taken":[{"damage":0.0,"enemies":"Cultist","floor":1.0,"turns":1.0},{"damage":0.0,"enemies":"Jaw Worm","floor":5.0,"turns":1.0},{"damage":1.0,"enemies":"Gremlin Nob","floor":6.0,"turns":3.0},{"damage":0.0,"enemies":"2 Louse","floor":7.0,"turns":2.0},{"damage":0.0,"enemies":"Lagavulin","floor":10.0,"turns":2.0},{"damage":0.0,"enemies":"Looter","floor":12.0,"turns":1.0},{"damage":0.0,"enemies":"Blue Slaver","floor":13.0,"turns":1.0},{"damage":0.0,"enemies":"Gremlin Nob","floor":14.0,"turns":2.0},{"damage":0.0,"enemies":"The Guardian","floor":16.0,"turns":3.0},{"damage":0.0,"enemies":"3 Byrds","floor":18.0,"turns":3.0},{"damage":0.0,"enemies":"Spheric Guardian","floor":19.0,"turns":2.0},{"damage":0.0,"enemies":"Snecko","floor":21.0,"turns":3.0},{"damage":0.0,"enemies":"Book of Stabbing","floor":23.0,"turns":2.0},{"damage":0.0,"enemies":"Slavers","floor":25.0,"turns":2.0},{"damage":0.0,"enemies":"Book of Stabbing","floor":27.0,"turns":2.0},{"damage":0.0,"enemies":"Chosen and Byrds","floor":28.0,"turns":12.0},{"damage":0.0,"enemies":"Gremlin Leader","floor":29.0,"turns":3.0},{"damage":0.0,"enemies":"3 Cultists","floor":30.0,"turns":4.0},{"damage":0.0,"enemies":"Centurion and Healer","floor":31.0,"turns":2.0},{"damage":0.0,"enemies":"Automaton","floor":33.0,"turns":9.0},{"damage":0.0,"enemies":"Orb Walker","floor":35.0,"turns":2.0},{"damage":0.0,"enemies":"3 Shapes","floor":37.0,"turns":2.0},{"damage":0.0,"enemies":"3 Darklings","floor":40.0,"turns":2.0},{"damage":0.0,"enemies":"2 Orb Walkers","floor":41.0,"turns":2.0},{"damage":0.0,"enemies":"Reptomancer","floor":42.0,"turns":5.0},{"damage":0.0,"enemies":"Spire Growth","floor":46.0,"turns":3.0},{"damage":0.0,"enemies":"Nemesis","floor":48.0,"turns":4.0},{"damage":7,"enemies":"Time Eater","floor":50,"turns":12},{"damage":0,"enemies":"Shield and Spear","floor":54,"turns":3},{"damage":0,"enemies":"The Heart","floor":55,"turns":6}],"seed_played":"3765416534186897609","potions_obtained":[{"floor":6.0,"key":"Explosive Potion"},{"floor":10.0,"key":"LiquidMemories"},{"floor":16.0,"key":"Poison Potion"},{"floor":21.0,"key":"Energy Potion"},{"floor":23.0,"key":"Strength Potion"},{"floor":27.0,"key":"Fire Potion"}],"is_trial":false,"path_per_floor":["M","$","?","T","M","E","M","R","T","E","$","M","M","E","R","B",null,"M","M","?","M","?","E","R","E","T","E","M","E","M","M","R","B",null,"M","?","M","?","$","M","?","E","T","R","T","M","$","E","R","B",null,"R","$","E","B",null],"character_chosen":"THE_SILENT","items_purchased":["Footwork","Bag of Preparation","HandDrill","Shuriken","Sundial","Regal Pillow"],"campfire_rested":4,"item_purchase_floors":[2,2,11,11,11,39],"current_hp_per_floor":[70,70,70,70,70,69,69,69,69,69,69,69,69,69,70,70,70,70,70,70,70,70,70,70,70,70,70,70,70,70,70,70,70,70,70,70,70,60,60,62,64,66,66,66,66,68,68,70,70,63,70,70,70,70,70],"gold":730,"neow_bonus":"BOSS_RELIC","is_daily":false,"chose_seed":false,"campfire_upgraded":2,"win_rate":0.0,"timestamp":1612979879,"path_taken":["M","$","?","?","M","E","M","R","T","E","?","?","M","E","R","BOSS","M","M","?","M","?","E","R","E","T","E","M","E","M","M","R","BOSS","M","?","M","?","$","M","?","E","T","R","?","M","$","E","R","BOSS","R","$","E","BOSS"],"items_purchased_type":["Card","Relic","Relic","Relic","Relic","Relic"],"build_version":"2020-12-18","purchased_purges":0,"victory":true,"max_hp_per_floor":[70,70,70,70,70,70,70,70,70,70,70,70,70,70,70,70,70,70,70,70,70,70,70,70,70,70,70,70,70,70,70,70,70,70,70,70,70,70,70,70,70,70,70,70,70,70,70,70,70,70,70,70,70,70,70],"card_choices":[{"not_picked":["Dagger Throw","Dash","Underhanded Strike"],"picked":"SKIP","floor":1.0},{"not_picked":["Choke","Outmaneuver","Deflect"],"picked":"SKIP","floor":5.0},{"not_picked":["Doppelganger","Flechettes","Crippling Poison"],"picked":"SKIP","floor":6.0},{"not_picked":["Prepared","Noxious Fumes+1","Deadly Poison"],"picked":"SKIP","floor":7.0},{"not_picked":["Crippling Poison","Cloak And Dagger","Caltrops+1"],"picked":"SKIP","floor":10.0},{"not_picked":["Underhanded Strike","Corpse Explosion","Backflip"],"picked":"SKIP","floor":12.0},{"not_picked":["Quick Slash","Blade Dance","Dagger Throw"],"picked":"SKIP","floor":13.0},{"not_picked":["Accuracy+1","Finisher","Dodge and Roll"],"picked":"SKIP","floor":14.0},{"not_picked":["Reflex+1","Poisoned Stab","Prepared"],"picked":"SKIP","floor":18.0},{"not_picked":["PiercingWail","Cloak And Dagger","Poisoned Stab"],"picked":"SKIP","floor":19.0},{"not_picked":["Outmaneuver","Setup+1","Expertise+1"],"picked":"SKIP","floor":21.0},{"not_picked":["Catalyst","Accuracy+1","Dagger Spray"],"picked":"SKIP","floor":23.0},{"not_picked":["Phantasmal Killer","Dagger Spray","Endless Agony"],"picked":"SKIP","floor":25.0},{"not_picked":["PiercingWail","Blade Dance","Escape Plan"],"picked":"SKIP","floor":27.0},{"not_picked":["PiercingWail","Blade Dance","Escape Plan"],"picked":"SKIP","floor":27.0},{"not_picked":["Prepared+1","Blade Dance","PiercingWail+1"],"picked":"SKIP","floor":28.0},{"not_picked":["Storm of Steel","Poisoned Stab+1","Leg Sweep"],"picked":"SKIP","floor":29.0},{"not_picked":["PiercingWail","Blade Dance+1","Concentrate+1","Bane+1"],"picked":"SKIP","floor":30.0},{"not_picked":["Infinite Blades+1","Dagger Spray+1","PiercingWail","Sucker Punch+1"],"picked":"SKIP","floor":31.0},{"not_picked":["Dagger Spray+1","Outmaneuver","Endless Agony+1","Bane+1"],"picked":"SKIP","floor":35.0},{"not_picked":["Underhanded Strike+1","Acrobatics","Outmaneuver+1","PiercingWail+1"],"picked":"SKIP","floor":37.0},{"not_picked":["Madness","Jack Of All Trades","Dark Shackles"],"picked":"Panacea","floor":38.0},{"not_picked":["Eviscerate+1","Acrobatics+1","Riddle With Holes+1","Choke+1"],"picked":"SKIP","floor":40.0},{"not_picked":["Venomology","Tactician+1","Underhanded Strike+1","Catalyst+1"],"picked":"SKIP","floor":42.0},{"not_picked":["Quick Slash+1","Underhanded Strike+1","Bane+1","Cloak And Dagger"],"picked":"SKIP","floor":46.0},{"not_picked":["Cloak And Dagger","Backflip","Prepared"],"picked":"Footwork+1","floor":48.0},{"not_picked":["Corpse Explosion","Calculated Gamble+1","Dagger Spray+1","Prepared"],"picked":"SKIP","floor":54}],"player_experience":2361910,"relics_obtained":[{"floor":4.0,"key":"Potion Belt"},{"floor":6.0,"key":"Ancient Tea Set"},{"floor":10.0,"key":"PreservedInsect"},{"floor":14.0,"key":"Ice Cream"},{"floor":23.0,"key":"Toy Ornithopter"},{"floor":23.0,"key":"Orichalcum"},{"floor":25.0,"key":"Tiny Chest"},{"floor":25.0,"key":"Matryoshka"},{"floor":26.0,"key":"Pen Nib"},{"floor":26.0,"key":"Snake Skull"},{"floor":27.0,"key":"Blood Vial"},{"floor":27.0,"key":"Kunai"},{"floor":29.0,"key":"Question Card"},{"floor":29.0,"key":"Molten Egg 2"},{"floor":42.0,"key":"Ornamental Fan"},{"floor":42.0,"key":"Whetstone"},{"floor":43.0,"key":"Art of War"},{"floor":43.0,"key":"Juzu Bracelet"},{"floor":45.0,"key":"Oddly Smooth Stone"},{"floor":48.0,"key":"Bronze Scales"},{"floor":48.0,"key":"Dream Catcher"},{"floor":54,"key":"TungstenRod"},{"floor":54,"key":"HornCleat"}],"event_choices":[{"damage_healed":0.0,"max_hp_gain":0.0,"max_hp_loss":0.0,"gold_gain":0.0,"event_name":"Golden Wing","player_choice":"Ignored","floor":3.0,"gold_loss":0.0,"damage_taken":0.0},{"damage_healed":0.0,"max_hp_gain":0.0,"max_hp_loss":0.0,"gold_gain":0.0,"event_name":"The Library","player_choice":"Read","floor":20.0,"gold_loss":0.0,"damage_taken":0.0,"cards_obtained":["Deflect"]},{"damage_healed":0.0,"max_hp_gain":0.0,"max_hp_loss":0.0,"gold_gain":0.0,"event_name":"Beggar","player_choice":"Ignored","floor":22.0,"gold_loss":0.0,"damage_taken":0.0},{"cards_removed":["Footwork"],"damage_healed":0.0,"max_hp_gain":0.0,"max_hp_loss":0.0,"gold_gain":0.0,"event_name":"Falling","player_choice":"Removed Power","floor":36.0,"gold_loss":0.0,"damage_taken":0.0},{"damage_healed":0.0,"max_hp_gain":0.0,"max_hp_loss":0.0,"gold_gain":0.0,"event_name":"SensoryStone","player_choice":"Memory 3","floor":38.0,"gold_loss":0.0,"damage_taken":10.0},{"damage_healed":0.0,"max_hp_gain":0.0,"max_hp_loss":0.0,"gold_gain":0.0,"event_name":"Mysterious Sphere","player_choice":"Fight","floor":41.0,"gold_loss":0.0,"damage_taken":0.0}],"is_beta":true,"boss_relics":[{"not_picked":["Calling Bell","Busted Crown"],"picked":"Black Star"},{"not_picked":["Sozu","Velvet Choker"],"picked":"HoveringKite"}],"items_purged_floors":[],"is_endless":false,"potions_floor_spawned":[6,10,16,21,23,25,27,28,33,40,42,46,54],"ascension_level":1}}