{"host":"19r1ww88x2tc73i0","time":1612948173,"event":{"mods":["BaseMod","BetterRewards","Colored Map","Minty Spire (QoL Compilation)","Relic Stats","StSLib","SuperFastMode","slay the spire mod where everything is the same but ironclad has a cowboy hat"],"gold_per_floor":[111,125,125,125,47,47,66,15,15,15,29,64,64,98,98,172,172,183,183,14,214,226,226,255,275,299,87,121,141,156,156,156,228,228,248,262,100,80,92,125,125,125,125],"floor_reached":42,"language":"ENG","playtime":1705,"items_purged":["Strike_B","Zap"],"score":1248,"play_id":"71dee809-cef9-4253-9787-f3fad22986f4","local_time":"25640210160933","is_ascension_mode":true,"campfire_choices":[{"data":"Reprogram","floor":6.0,"key":"SMITH"},{"data":"Panacea","floor":10.0,"key":"SMITH"},{"data":"Beam Cell","floor":13.0,"key":"SMITH"},{"data":"Fusion","floor":15.0,"key":"SMITH"},{"data":"Reprogram","floor":23.0,"key":"SMITH"},{"floor":32.0,"key":"REST"},{"floor":41,"key":"REST"}],"circlet_count":0,"master_deck":["AscendersBane","Defend_B","Defend_B","Defend_B","Defend_B","Dualcast","Panacea+1","Turbo","Hyperbeam+1","Reprogram+1","Melter","Leap","Beam Cell+1","Rebound","Fusion+1","Hyperbeam","Rebound+1","Barrage+1","Creative AI+1","Reprogram+1","Reinforced Body","Self Repair+1","Compile Driver","BootSequence","Finesse","Dagger Spray","Disarm","Deflect+1","Vault","Battle Trance+1","PiercingWail","Hologram"],"relics":["Cracked Core","Incense Burner","Happy Flower","Runic Capacitor","Thread and Needle","Shuriken","Sundial","Vajra","Astrolabe","Membership Card","Gremlin Horn","PrismaticShard","Potion Belt","SacredBark","Strange Spoon","MealTicket"],"acts_visited":["Exordium","TheCity","TheBeyond"],"potions_floor_usage":[38,39,39,40],"damage_taken":[{"damage":0.0,"enemies":"2 Louse","floor":1.0,"turns":3.0},{"damage":0.0,"enemies":"Jaw Worm","floor":2.0,"turns":3.0},{"damage":0.0,"enemies":"Cultist","floor":7.0,"turns":2.0},{"damage":0.0,"enemies":"Looter","floor":11.0,"turns":3.0},{"damage":30.0,"enemies":"Gremlin Nob","floor":12.0,"turns":4.0},{"damage":1.0,"enemies":"3 Sentries","floor":14.0,"turns":4.0},{"damage":10.0,"enemies":"Slime Boss","floor":16.0,"turns":8.0},{"damage":13.0,"enemies":"3 Byrds","floor":18.0,"turns":2.0},{"damage":0.0,"enemies":"Spheric Guardian","floor":22.0,"turns":1.0},{"damage":10.0,"enemies":"Book of Stabbing","floor":24.0,"turns":4.0},{"damage":0.0,"enemies":"Snecko","floor":25.0,"turns":2.0},{"damage":14.0,"enemies":"Gremlin Leader","floor":28.0,"turns":4.0},{"damage":0.0,"enemies":"3 Cultists","floor":29.0,"turns":4.0},{"damage":36.0,"enemies":"Chosen and Byrds","floor":30.0,"turns":5.0},{"damage":1.0,"enemies":"Collector","floor":33.0,"turns":8.0},{"damage":24,"enemies":"Orb Walker","floor":35,"turns":5},{"damage":12,"enemies":"3 Darklings","floor":36,"turns":3},{"damage":0,"enemies":"Transient","floor":39,"turns":7},{"damage":45,"enemies":"Giant Head","floor":40,"turns":11},{"damage":0,"enemies":"Reptomancer","floor":42,"turns":2}],"seed_played":"3866088399025537138","potions_obtained":[{"floor":1.0,"key":"CultistPotion"},{"floor":2.0,"key":"LiquidBronze"},{"floor":12.0,"key":"Weak Potion"},{"floor":16.0,"key":"PowerPotion"},{"floor":18.0,"key":"SteroidPotion"},{"floor":24.0,"key":"Swift Potion"},{"floor":30.0,"key":"Fire Potion"},{"floor":33.0,"key":"Fruit Juice"},{"floor":36,"key":"SteroidPotion"},{"floor":38,"key":"Swift Potion"}],"is_trial":false,"path_per_floor":["M","M","?","?","$","R","M","$","T","R","M","E","R","E","R","B",null,"M","?","$","?","M","R","E","M","T","$","E","M","M","?","R","B",null,"M","M","$","?","M","E","R","E"],"character_chosen":"DEFECT","items_purchased":["Incense Burner","Happy Flower","Panacea","Runic Capacitor","Thread and Needle","Reprogram","Leap","Membership Card","Finesse","PrismaticShard","DistilledChaos","Strange Spoon","Weak Potion"],"campfire_rested":2,"item_purchase_floors":[0,0,0,0,0,5,8,20,27,27,27,37,37],"current_hp_per_floor":[28,28,51,51,51,51,51,51,51,51,51,21,21,20,20,10,56,43,43,43,43,43,43,33,33,33,33,29,39,13,13,34,43,64,40,28,28,38,48,13,37,37,37],"gold":125,"neow_bonus":"","is_daily":false,"chose_seed":false,"campfire_upgraded":5,"win_rate":0.0,"timestamp":1612948173,"path_taken":["M","M","?","?","$","R","M","$","T","R","?","E","R","E","R","BOSS","M","?","$","?","M","R","E","?","T","$","E","M","M","?","R","BOSS","M","M","$","?","?","E","R","E"],"items_purchased_type":["Relic","Relic","Card","Relic","Relic","Card","Card","Relic","Card","Relic","Potion","Relic","Potion"],"build_version":"2020-12-22","purchased_purges":2,"victory":false,"max_hp_per_floor":[71,71,71,71,71,71,71,71,71,71,71,71,71,71,71,71,71,71,71,71,71,71,71,71,71,71,71,71,71,71,71,71,71,71,71,71,71,81,81,81,81,81,81],"relic_stats":{"Strange Spoon":[4],"Happy Flower":[47],"Gremlin Horn":[15,15],"counters":[47,222],"Shuriken":[13],"Sundial":[4],"Astrolabe":["Rebound","Barrage","Creative AI"],"MealTicket":0,"obtain_stats":[{"Regal Pillow":31,"Gremlin Horn":28,"CeramicFish":24,"SacredBark":34,"Vajra":14,"Incense Burner":0,"Runic Capacitor":0,"Boot":30,"PrismaticShard":27,"FrozenCore":17,"Centennial Puzzle":0,"Shovel":0,"Matryoshka":12,"Sundial":12,"Tiny Chest":26,"MealTicket":40,"WingedGreaves":6,"Cracked Core":0,"Potion Belt":14,"Lee\u0027s Waffle":0,"Inserter":34,"Happy Flower":0,"Astrolabe":17,"Oddly Smooth Stone":0,"Thread and Needle":0,"Omamori":26,"Mercury Hourglass":8,"Strange Spoon":37,"DataDisk":9,"Shuriken":9,"Membership Card":31},{"Regal Pillow":21,"Gremlin Horn":20,"CeramicFish":19,"SacredBark":42,"Vajra":33,"Incense Burner":27,"Runic Capacitor":27,"Boot":21,"PrismaticShard":38,"FrozenCore":15,"Centennial Puzzle":6,"Shovel":6,"Matryoshka":13,"Sundial":32,"Tiny Chest":19,"MealTicket":46,"WingedGreaves":11,"Cracked Core":0,"Potion Belt":14,"Lee\u0027s Waffle":6,"Inserter":22,"Happy Flower":27,"Astrolabe":34,"Oddly Smooth Stone":6,"Thread and Needle":27,"Omamori":19,"Mercury Hourglass":13,"Strange Spoon":44,"DataDisk":13,"Shuriken":30,"Membership Card":21},{"Regal Pillow":97,"Gremlin Horn":92,"CeramicFish":87,"SacredBark":194,"Vajra":156,"Incense Burner":137,"Runic Capacitor":137,"Boot":97,"PrismaticShard":173,"FrozenCore":65,"Centennial Puzzle":22,"Shovel":22,"Matryoshka":53,"Sundial":152,"Tiny Chest":87,"MealTicket":220,"WingedGreaves":43,"Cracked Core":0,"Potion Belt":57,"Lee\u0027s Waffle":22,"Inserter":105,"Happy Flower":137,"Astrolabe":164,"Oddly Smooth Stone":22,"Thread and Needle":137,"Omamori":87,"Mercury Hourglass":53,"Strange Spoon":202,"DataDisk":53,"Shuriken":145,"Membership Card":97}]},"card_choices":[{"not_picked":["Go for the Eyes","Streamline"],"picked":"Turbo","floor":1.0},{"not_picked":["Self Repair","Blizzard"],"picked":"Hyperbeam","floor":2.0},{"not_picked":["Sweeping Beam","White Noise"],"picked":"Melter","floor":7.0},{"not_picked":["Compile Driver","Rebound"],"picked":"Beam Cell","floor":11.0},{"not_picked":["Gash","Barrage"],"picked":"Rebound","floor":12.0},{"not_picked":["Buffer","Skim"],"picked":"Fusion","floor":14.0},{"not_picked":["Electrodynamics","Biased Cognition"],"picked":"Hyperbeam","floor":16.0},{"not_picked":["Capacitor","Redo"],"picked":"Reprogram","floor":18.0},{"not_picked":["Go for the Eyes","Capacitor"],"picked":"Self Repair+1","floor":22.0},{"not_picked":["Lockon","Cold Snap"],"picked":"Compile Driver","floor":24.0},{"not_picked":["Cold Snap","Gash+1"],"picked":"BootSequence","floor":25.0},{"not_picked":["Streamline+1","PathToVictory"],"picked":"Dagger Spray","floor":28.0},{"not_picked":["Body Slam","SandsOfTime+1"],"picked":"Disarm","floor":29.0},{"not_picked":["Leap","Quick Slash"],"picked":"Deflect+1","floor":30.0},{"not_picked":["Wish","Omniscience"],"picked":"Vault","floor":33.0},{"not_picked":["True Grit","Catalyst"],"picked":"Battle Trance+1","floor":35},{"not_picked":["Impatience","Flash of Steel"],"picked":"PiercingWail","floor":36},{"not_picked":["Compile Driver+1","Quick Slash"],"picked":"Hologram","floor":39},{"not_picked":["Coolheaded","Poisoned Stab","Impatience"],"picked":"SKIP","floor":40}],"player_experience":1041313,"relics_obtained":[{"floor":9.0,"key":"Shuriken"},{"floor":12.0,"key":"Sundial"},{"floor":14.0,"key":"Vajra"},{"floor":24.0,"key":"Gremlin Horn"},{"floor":28.0,"key":"Potion Belt"},{"floor":40,"key":"MealTicket"}],"event_choices":[{"damage_healed":23.0,"max_hp_gain":0.0,"max_hp_loss":0.0,"gold_gain":0.0,"event_name":"Big Fish","player_choice":"Banana","floor":3.0,"gold_loss":0.0,"damage_taken":0.0},{"damage_healed":0.0,"max_hp_gain":0.0,"max_hp_loss":0.0,"gold_gain":0.0,"event_name":"Upgrade Shrine","player_choice":"Upgraded","floor":4.0,"gold_loss":0.0,"damage_taken":0.0,"cards_upgraded":["Hyperbeam"]},{"damage_healed":0.0,"max_hp_gain":0.0,"max_hp_loss":0.0,"gold_gain":0.0,"event_name":"The Library","player_choice":"Read","floor":19.0,"gold_loss":0.0,"damage_taken":0.0,"cards_obtained":["Reinforced Body"]},{"damage_healed":0.0,"max_hp_gain":0.0,"max_hp_loss":0.0,"gold_gain":200.0,"event_name":"Wheel of Change","player_choice":"Gold","floor":21.0,"gold_loss":0.0,"damage_taken":0.0},{"damage_healed":0.0,"max_hp_gain":0.0,"max_hp_loss":0.0,"gold_gain":0.0,"event_name":"Ghosts","player_choice":"Ignored","floor":31.0,"gold_loss":0.0,"damage_taken":0.0},{"damage_healed":0,"gold_gain":0,"player_choice":"Bought 1 Potion","damage_taken":0,"max_hp_gain":0,"max_hp_loss":0,"event_name":"The Woman in Blue","floor":38,"gold_loss":0}],"is_beta":false,"boss_relics":[{"not_picked":["Nuclear Battery","Velvet Choker"],"picked":"Astrolabe"},{"not_picked":["Coffee Dripper","Pandora\u0027s Box"],"picked":"SacredBark"}],"items_purged_floors":[27,37],"is_endless":false,"potions_floor_spawned":[1,2,12,16,18,24,30,33,36],"killed_by":"Reptomancer","ascension_level":20}}