{"host":"9slw7l0ws16384qq","time":1612979644,"event":{"mods":["A Penny For Your Troubles","BaseMod","Colored Map","Downfall","Evolution","Hubris","Minty Spire (QoL Compilation)","Replay The Spire","StS++","StSLib"],"gold_per_floor":[99,112,125,35,47,47,47,58,43,43,78,78,88,103,118,118,118,118],"floor_reached":16,"language":"FRA","playtime":895,"items_purged":["Guardian:Strike_Guardian"],"score":172,"play_id":"9e91e0af-a41c-4f67-8d76-d42e01a73b05","local_time":"20210210185404","is_ascension_mode":true,"campfire_choices":[{"data":"Guardian:Defend_Guardian","floor":1,"key":"SMITH"},{"data":"Guardian:RefractedBeam","floor":6,"key":"SMITH"},{"data":"Guardian:RefractedBeam+1","floor":10,"key":"SMITH"},{"data":"Guardian:RefractedBeam+2","floor":12,"key":"SMITH"}],"circlet_count":0,"master_deck":["AscendersBane","Guardian:PrimingBeam+1","Guardian:Incinerate","Guardian:Strike_Guardian","Guardian:Defend_Guardian+1","Guardian:Defend_Guardian","Guardian:Defend_Guardian","Guardian:CurlUp","Guardian:TwinSlam","Guardian:PrimingBeam","Guardian:RefractedBeam+3","Guardian:Gem_White","Guardian:Gem_Cyan"],"relics":["Guardian:ModeShifter","EVO:Axolotl","Replay:WaspNest","PreservedInsect"],"acts_visited":["Exordium"],"potions_floor_usage":[9,16],"damage_taken":[{"damage":1,"enemies":"Cultist","floor":2,"turns":3},{"damage":0,"enemies":"Jaw Worm","floor":3,"turns":4},{"damage":0,"enemies":"downfall:FleeingMerchant","floor":4,"turns":4},{"damage":0,"enemies":"2 Louse","floor":5,"turns":3},{"damage":10,"enemies":"Red Slaver","floor":8,"turns":3},{"damage":0,"enemies":"downfall:FleeingMerchant","floor":9,"turns":4},{"damage":14,"enemies":"3 Sentries","floor":11,"turns":6},{"damage":4,"enemies":"2 Fungi Beasts","floor":13,"turns":3},{"damage":5,"enemies":"Blue Slaver","floor":14,"turns":3},{"damage":4,"enemies":"Exordium Wildlife","floor":15,"turns":3},{"damage":22,"enemies":"DF_ARCHETYPE_STREAMLINE","floor":16,"turns":6}],"seed_played":"6248814739621947403","potions_obtained":[{"floor":5,"key":"PowerPotion"},{"floor":11,"key":"Block Potion"},{"floor":13,"key":"StSpp:SecondWindPotion"}],"is_trial":false,"path_per_floor":["R","M","M","$","M","R","T","M","$","R","E","R","M","M","M","B"],"character_chosen":"GUARDIAN","items_purchased":[],"campfire_rested":0,"item_purchase_floors":[],"current_hp_per_floor":[51,50,50,50,50,50,50,40,40,40,26,26,22,17,13,0,0,0],"gold":118,"neow_bonus":"REMOVE_TWO","is_daily":false,"chose_seed":false,"campfire_upgraded":4,"win_rate":0.0,"timestamp":1612979644,"path_taken":["R","M","M","$","?","R","T","?","?","R","E","R","M","M","M","BOSS"],"items_purchased_type":[],"build_version":"2020-12-22","purchased_purges":1,"victory":false,"max_hp_per_floor":[80,80,80,80,80,80,80,80,80,80,80,80,80,80,80,80,80,80],"card_choices":[{"not_picked":["Guardian:Recover","Guardian:TemporalStrike"],"picked":"Guardian:PrimingBeam","floor":2},{"not_picked":["Guardian:Gem_Green","Guardian:TemporalShield","Guardian:TemporalStrike"],"picked":"SKIP","floor":3},{"not_picked":["Guardian:Emergency","Guardian:TemporalShield","Guardian:Harden"],"picked":"SKIP","floor":4},{"not_picked":["Guardian:ShieldSpikes","Guardian:Gem_Red"],"picked":"Guardian:RefractedBeam","floor":5},{"not_picked":["Guardian:ChargeUp","Guardian:ShieldCharger","Guardian:TimeBomb"],"picked":"SKIP","floor":8},{"not_picked":["Guardian:Orbwalk","Guardian:CrystalBeam","Guardian:ArmoredProtocol"],"picked":"SKIP","floor":9},{"not_picked":["Guardian:FierceBash","Guardian:VentSteam"],"picked":"Guardian:Gem_Cyan","floor":11},{"not_picked":["Guardian:ShieldCharger","Guardian:DecasProtection","Guardian:Gem_Green"],"picked":"SKIP","floor":13},{"not_picked":["Guardian:ChargeCore","Guardian:ShieldCharger"],"picked":"Guardian:Gem_White","floor":14},{"not_picked":["Guardian:Recover","Guardian:Incinerate"],"picked":"Guardian:Gem_Cyan","floor":15}],"player_experience":1686028,"relics_obtained":[{"floor":7,"key":"Replay:WaspNest"},{"floor":11,"key":"PreservedInsect"}],"event_choices":[],"is_beta":false,"boss_relics":[],"items_purged_floors":[4],"is_endless":false,"potions_floor_spawned":[5,11,13],"killed_by":"DF_ARCHETYPE_STREAMLINE","ascension_level":13}}