{"host":"1sn8m3l2btf1jbx1","time":1612937214,"event":{"mods":["AchievementEnabler","BaseMod","Colored Map","Colored Powertips","Highlight Path","Minty Spire (QoL Compilation)","Quick Restart","Rare Cards Sparkle","StSLib"],"gold_per_floor":[116,135,151,168,182,182,182,182,182,182,182],"floor_reached":10,"language":"ZHS","playtime":695,"items_purged":[],"score":87,"play_id":"50f117e6-25cc-4f2c-9a70-c7500518c6a1","local_time":"20210210140654","is_ascension_mode":true,"campfire_choices":[{"data":"Blur","floor":6,"key":"SMITH"},{"data":"Well Laid Plans","floor":8,"key":"SMITH"}],"circlet_count":0,"master_deck":["Strike_G","Strike_G","Strike_G","Strike_G","Defend_G","Defend_G","Defend_G","Defend_G","Defend_G","Survivor","Neutralize","Escape Plan","PiercingWail","Blur+1","Well Laid Plans+1","Backflip"],"relics":["Sozu","Incense Burner"],"acts_visited":["Exordium"],"potions_floor_usage":[],"damage_taken":[{"damage":2.0,"enemies":"Cultist","floor":1.0,"turns":4.0},{"damage":1,"enemies":"Small Slimes","floor":2,"turns":4},{"damage":0,"enemies":"2 Louse","floor":3,"turns":4},{"damage":1,"enemies":"Red Slaver","floor":4,"turns":6},{"damage":10,"enemies":"Large Slime","floor":5,"turns":14},{"damage":54,"enemies":"Gremlin Nob","floor":10,"turns":5}],"seed_played":"1223045237821882520","potions_obtained":[],"is_trial":false,"path_per_floor":["M","M","M","M","M","R","?","R","T","E"],"character_chosen":"THE_SILENT","items_purchased":[],"campfire_rested":0,"item_purchase_floors":[],"current_hp_per_floor":[61,60,60,59,49,49,42,42,42,0,0],"gold":182,"neow_bonus":"BOSS_RELIC","is_daily":false,"chose_seed":false,"campfire_upgraded":2,"win_rate":0.0,"timestamp":1612937214,"path_taken":["M","?","M","?","M","R","?","R","T","E"],"items_purchased_type":[],"build_version":"2020-12-22","purchased_purges":0,"victory":false,"max_hp_per_floor":[70,70,70,70,70,70,70,70,70,70,70],"card_choices":[{"not_picked":["Underhanded Strike","Slice"],"picked":"Escape Plan","floor":1.0},{"not_picked":["Dodge and Roll","Sucker Punch"],"picked":"PiercingWail","floor":2},{"not_picked":["PiercingWail","Dagger Throw"],"picked":"Blur","floor":3},{"not_picked":["Distraction","Choke"],"picked":"Well Laid Plans","floor":4},{"not_picked":["Dagger Spray","Outmaneuver"],"picked":"Backflip","floor":5}],"player_experience":328486,"relics_obtained":[{"floor":9,"key":"Incense Burner"}],"event_choices":[{"cards_removed":["Strike_G"],"damage_healed":0,"gold_gain":0,"player_choice":"Card Removal","damage_taken":7,"max_hp_gain":0,"max_hp_loss":0,"event_name":"Golden Wing","floor":7,"gold_loss":0}],"is_beta":false,"boss_relics":[],"items_purged_floors":[],"is_endless":false,"potions_floor_spawned":[1,3],"killed_by":"Gremlin Nob","ascension_level":9}}