{"host":"tml1x4ylw9tadh99","time":1612958540,"event":{"mods":["AchievementEnabler","Act Like it!","BaseMod","Bestiary","Colored Map","Colored Powertips","DeckTracker","Friendly Minions","GifTheSpireLib","Minty Spire (QoL Compilation)","Quick Restart","Random Character Button","Random Character Mod","Relic Stats","StSLib","Synergy Search"],"gold_per_floor":[144,319,319,319,19,109,109,199,199,244,289,334,146,191,191,491,491,536,581,626,707,752,752,752,752,802,627,672,717,762,807,807,1107,1107,1152,1152,1197,1242,1010,1100,1112,1169,1206,1440,1497,1554,1611,1623,1635,1647],"floor_reached":51,"language":"ENG","playtime":3922,"items_purged":["Quick Slash","Dash","Dagger Throw"],"score":845,"play_id":"724fd006-1ead-440c-9206-1a99c014020f","local_time":"20210210130220","daily_mods":["SealedDeck","Purple Cards","Midas"],"is_ascension_mode":false,"campfire_choices":[{"floor":7,"key":"REST"},{"floor":15,"key":"REST"},{"floor":23,"key":"REST"},{"floor":32,"key":"REST"},{"floor":41,"key":"REST"},{"floor":49,"key":"REST"}],"circlet_count":0,"master_deck":["Prepared","Prepared","Blade Dance","Infinite Blades","Slice","Cloak And Dagger","Deflect","FlurryOfBlows","Endless Agony+1","Prostrate","Slice","Adrenaline","Concentrate","WaveOfTheHand","Panache"],"relics":["Ring of the Snake","CultistMask","Unceasing Top","Snake Skull","Vajra","Centennial Puzzle","Membership Card","WristBlade","Red Mask","PreservedInsect","Mummified Hand","Pen Nib","MawBank","Bag of Preparation"],"acts_visited":["Exordium","TheCity","TheBeyond"],"potions_floor_usage":[33,50,50,50],"damage_taken":[{"damage":0,"enemies":"Jaw Worm","floor":1,"turns":2},{"damage":2,"enemies":"Gremlin Nob","floor":6,"turns":3},{"damage":12,"enemies":"Lagavulin","floor":8,"turns":6},{"damage":0,"enemies":"Small Slimes","floor":10,"turns":2},{"damage":0,"enemies":"Cultist","floor":11,"turns":2},{"damage":3,"enemies":"2 Fungi Beasts","floor":12,"turns":2},{"damage":0,"enemies":"Large Slime","floor":14,"turns":3},{"damage":25,"enemies":"Slime Boss","floor":16,"turns":11},{"damage":0,"enemies":"3 Byrds","floor":18,"turns":3},{"damage":5,"enemies":"2 Thieves","floor":19,"turns":3},{"damage":6,"enemies":"Snake Plant","floor":20,"turns":3},{"damage":0,"enemies":"Masked Bandits","floor":21,"turns":3},{"damage":0,"enemies":"Chosen and Byrds","floor":22,"turns":3},{"damage":0,"enemies":"Shelled Parasite and Fungi","floor":28,"turns":2},{"damage":0,"enemies":"Centurion and Healer","floor":29,"turns":2},{"damage":0,"enemies":"3 Cultists","floor":30,"turns":2},{"damage":0,"enemies":"Snecko","floor":31,"turns":1},{"damage":0,"enemies":"Collector","floor":33,"turns":2},{"damage":0,"enemies":"3 Shapes","floor":35,"turns":1},{"damage":0,"enemies":"Orb Walker","floor":37,"turns":1},{"damage":0,"enemies":"Maw","floor":38,"turns":2},{"damage":0,"enemies":"Nemesis","floor":40,"turns":1},{"damage":0,"enemies":"Sphere and 2 Shapes","floor":42,"turns":1},{"damage":4,"enemies":"4 Shapes","floor":45,"turns":2},{"damage":0,"enemies":"Spire Growth","floor":46,"turns":1},{"damage":0,"enemies":"Writhing Mass","floor":47,"turns":1},{"damage":0,"enemies":"Awakened One","floor":50,"turns":2}],"seed_played":"-5810517303651203205","potions_obtained":[{"floor":1,"key":"PowerPotion"},{"floor":10,"key":"Strength Potion"},{"floor":14,"key":"Energy Potion"},{"floor":16,"key":"Fire Potion"},{"floor":33,"key":"CunningPotion"}],"is_trial":false,"path_per_floor":["M","?","?","?","$","E","R","E","T","M","M","M","$","M","R","B",null,"M","M","M","?","M","R","?","?","T","$","M","M","M","M","R","B",null,"M","?","M","M","$","E","R","M","T","?","M","M","M","?","R","B",null],"character_chosen":"THE_SILENT","items_purchased":["Unceasing Top","Membership Card","Mummified Hand","Pen Nib","Panache"],"campfire_rested":6,"item_purchase_floors":[5,13,27,39,39],"current_hp_per_floor":[70,70,63,63,63,61,70,58,58,58,58,55,55,55,70,45,70,70,65,59,59,59,70,70,70,70,70,70,70,70,70,70,70,70,70,70,70,70,70,70,70,70,70,70,66,66,66,66,66,66],"gold":1659,"neow_bonus":"","is_daily":true,"chose_seed":false,"campfire_upgraded":0,"win_rate":0.0,"timestamp":1612958540,"path_taken":["M","?","?","?","$","E","R","E","T","?","M","M","$","M","R","BOSS","M","M","M","?","M","R","?","?","T","$","M","M","?","M","R","BOSS","M","?","?","?","$","E","R","M","T","?","M","M","M","?","R","BOSS"],"items_purchased_type":["Relic","Relic","Relic","Relic","Card"],"build_version":"2020-12-22","purchased_purges":3,"victory":true,"max_hp_per_floor":[70,70,70,70,70,70,70,70,70,70,70,70,70,70,70,70,70,70,70,70,70,70,70,70,70,70,70,70,70,70,70,70,70,70,70,70,70,70,70,70,70,70,70,70,70,70,70,66,66,66],"relic_stats":{"Centennial Puzzle":[12],"counters":[27,67],"Mummified Hand":[15],"Snake Skull":[0],"PreservedInsect":47,"Pen Nib":[10],"Bag of Preparation":[9],"MawBank":132,"obtain_stats":[{"Vajra":8,"Snake Skull":6,"PreservedInsect":26,"Pen Nib":39,"Bag of Preparation":43,"MawBank":40,"Centennial Puzzle":9,"WristBlade":17,"Mummified Hand":27,"CultistMask":4,"Red Mask":21,"Membership Card":13,"Unceasing Top":5,"Ring of the Snake":0},{"Vajra":3,"Snake Skull":2,"PreservedInsect":13,"Pen Nib":21,"Bag of Preparation":23,"MawBank":22,"Centennial Puzzle":3,"WristBlade":8,"Mummified Hand":13,"CultistMask":1,"Red Mask":12,"Membership Card":6,"Unceasing Top":1,"Ring of the Snake":0},{"Vajra":11,"Snake Skull":5,"PreservedInsect":46,"Pen Nib":59,"Bag of Preparation":61,"MawBank":60,"Centennial Puzzle":11,"WristBlade":31,"Mummified Hand":46,"CultistMask":2,"Red Mask":43,"Membership Card":17,"Unceasing Top":2,"Ring of the Snake":0}],"Unceasing Top":[236],"Ring of the Snake":[55]},"card_choices":[{"not_picked":["EmptyBody","FollowUp","Dagger Throw"],"picked":"SKIP","floor":1},{"not_picked":["Poisoned Stab","Alpha"],"picked":"Deflect","floor":6},{"not_picked":["CarveReality","Pray","Evaluate"],"picked":"SKIP","floor":8},{"not_picked":["FlyingSleeves","Wallop","Dagger Throw"],"picked":"SKIP","floor":10},{"not_picked":["EmptyBody","LikeWater","Underhanded Strike"],"picked":"SKIP","floor":11},{"not_picked":["Protect","Acrobatics","Riddle With Holes"],"picked":"SKIP","floor":12},{"not_picked":["Outmaneuver","ClearTheMind","Unload"],"picked":"SKIP","floor":14},{"not_picked":["EmptyMind","WindmillStrike","FlyingSleeves"],"picked":"SKIP","floor":18},{"not_picked":["Reflex","Noxious Fumes+1"],"picked":"FlurryOfBlows","floor":19},{"not_picked":["SandsOfTime+1","BowlingBash","Cloak And Dagger+1"],"picked":"SKIP","floor":20},{"not_picked":["PiercingWail","Blade Dance"],"picked":"Endless Agony+1","floor":21},{"not_picked":["Deadly Poison","Poisoned Stab"],"picked":"Prostrate","floor":22},{"not_picked":["Blur","Deadly Poison"],"picked":"Slice","floor":28},{"not_picked":["FollowUp","Dagger Spray"],"picked":"Adrenaline","floor":29},{"not_picked":["Riddle With Holes","MentalFortress+1"],"picked":"Concentrate","floor":30},{"not_picked":["Dodge and Roll","Underhanded Strike","Deadly Poison"],"picked":"SKIP","floor":31},{"not_picked":["FlyingSleeves","Protect+1","EmptyBody"],"picked":"SKIP","floor":35},{"not_picked":["Sucker Punch","Leg Sweep+1","SignatureMove"],"picked":"SKIP","floor":37},{"not_picked":["Noxious Fumes","Cloak And Dagger","Quick Slash"],"picked":"SKIP","floor":38},{"not_picked":["CrushJoints","Halt","Slice"],"picked":"SKIP","floor":40},{"not_picked":["SpiritShield","Accuracy","BowlingBash"],"picked":"SKIP","floor":42},{"not_picked":["PathToVictory+1","Noxious Fumes","Consecrate"],"picked":"SKIP","floor":45},{"not_picked":["Flying Knee","BowlingBash","EmptyBody+1"],"picked":"SKIP","floor":46},{"not_picked":["Cloak And Dagger+1","Eviscerate","Corpse Explosion"],"picked":"SKIP","floor":47}],"player_experience":52685,"relics_obtained":[{"floor":6,"key":"Snake Skull"},{"floor":8,"key":"Vajra"},{"floor":9,"key":"Centennial Puzzle"},{"floor":21,"key":"Red Mask"},{"floor":26,"key":"PreservedInsect"},{"floor":40,"key":"MawBank"},{"floor":43,"key":"Bag of Preparation"}],"event_choices":[{"damage_healed":0,"gold_gain":175,"player_choice":"AGREE","damage_taken":0,"max_hp_gain":0,"max_hp_loss":0,"event_name":"Liars Game","floor":2,"gold_loss":0,"cards_obtained":["Doubt"]},{"cards_removed":["Doubt"],"damage_healed":0,"gold_gain":0,"player_choice":"Card Removal","damage_taken":7,"max_hp_gain":0,"max_hp_loss":0,"event_name":"Golden Wing","floor":3,"gold_loss":0},{"damage_healed":0,"gold_gain":0,"player_choice":"Trade","damage_taken":0,"relics_obtained":["CultistMask"],"max_hp_gain":0,"max_hp_loss":0,"event_name":"FaceTrader","floor":4,"gold_loss":0},{"damage_healed":0,"gold_gain":0,"player_choice":"Fought Bandits","damage_taken":0,"max_hp_gain":0,"max_hp_loss":0,"event_name":"Masked Bandits","floor":21,"gold_loss":0},{"damage_healed":0,"gold_gain":0,"player_choice":"Ignored","damage_taken":0,"max_hp_gain":0,"max_hp_loss":0,"event_name":"Cursed Tome","floor":24,"gold_loss":0},{"damage_healed":0,"gold_gain":0,"cards_transformed":["Backflip"],"player_choice":"Transformed","damage_taken":0,"max_hp_gain":0,"max_hp_loss":0,"event_name":"Transmorgrifier","floor":25,"gold_loss":0,"cards_obtained":["Dash"]},{"damage_healed":0,"gold_gain":0,"cards_transformed":["Backflip"],"player_choice":"Transformed","damage_taken":0,"max_hp_gain":0,"max_hp_loss":0,"event_name":"Transmorgrifier","floor":36,"gold_loss":0,"cards_obtained":["WaveOfTheHand"]},{"damage_healed":0,"gold_gain":222,"player_choice":"Wore Mask","damage_taken":0,"max_hp_gain":0,"max_hp_loss":0,"event_name":"Tomb of Lord Red Mask","floor":44,"gold_loss":0},{"damage_healed":0,"gold_gain":0,"player_choice":"Max HP","damage_taken":0,"max_hp_gain":0,"max_hp_loss":4,"event_name":"Winding Halls","floor":48,"gold_loss":0}],"is_beta":false,"boss_relics":[{"not_picked":["Ring of the Serpent","Philosopher\u0027s Stone"],"picked":"WristBlade"},{"not_picked":["Runic Pyramid","Runic Dome","Snecko Eye"]}],"items_purged_floors":[13,27,39],"is_endless":false,"potions_floor_spawned":[1,10,14,16,19,20,31,33,38,40,42,47],"ascension_level":0}}