{"host":"lnnm69al9x392px5","time":1612936412,"event":{"mods":["BaseMod","Downfall","Minty Spire (QoL Compilation)","Reliquary","Replay The Spire","StSLib"],"gold_per_floor":[99,118,135,135,149,149,195,209,238,238,250,250,91,91,108,206,206,206,216,232,250,135,163,189,289,289,299,249,262,278,295,295,295,295],"floor_reached":32,"language":"ENG","playtime":1345,"items_purged":["downfall:Malfunctioning","hexamod:Strike"],"score":335,"play_id":"6944c28f-0ec5-43d3-90e0-970d5d16011d","local_time":"20210209215332","is_ascension_mode":true,"campfire_choices":[{"data":"hexamod:Strike","floor":1,"key":"PURGE"},{"data":"hexamod:Float","floor":6,"key":"SMITH"},{"data":"hexamod:DynamicBlow","floor":12,"key":"SMITH"},{"data":"hexamod:VolcanoVisage","floor":18,"key":"SMITH"},{"floor":26,"key":"REST"}],"circlet_count":0,"master_deck":["hexamod:Strike","hexamod:Strike","hexamod:Defend","hexamod:Defend+1","hexamod:Defend","hexamod:Defend+1","hexamod:Sear","hexamod:Float+1","hexamod:Firestarter","hexamod:BurningTouch+1","hexamod:ThermalTransfer","hexamod:DynamicBlow+1","hexamod:SuperheatedStrike+1","hexamod:Firestarter","hexamod:RainOfEmbers","hexamod:VolcanoVisage+1","hexamod:ExtraCrispy","hexamod:GhostflameBarrier+1","hexamod:Sear","hexamod:SuperheatedStrike","hexamod:RetreatToShadows","hexamod:Toasty","Specialist","ReplayTheSpireMod:Faulty Equipment","hexamod:FlamesFromBeyond","hexamod:SpectersWail+1","hexamod:SoulSteal+1"],"relics":["hexamod:SpiritBrand","ReplayFunnel","reliquary:OuijaBoard","Painkiller Herb","Replay:Wax Seal","Regal Pillow","downfall:GremlinSack"],"acts_visited":["Exordium","TheCity"],"potions_floor_usage":[25,25,32],"damage_taken":[{"damage":0,"enemies":"Cultist","floor":2,"turns":3},{"damage":0,"enemies":"Jaw Worm","floor":3,"turns":4},{"damage":5,"enemies":"2 Louse","floor":5,"turns":2},{"damage":9,"enemies":"Red Slaver","floor":8,"turns":3},{"damage":15,"enemies":"Lagavulin","floor":9,"turns":6},{"damage":7,"enemies":"Lots of Slimes","floor":11,"turns":4},{"damage":0,"enemies":"downfall:FleeingMerchant","floor":13,"turns":4},{"damage":24,"enemies":"Exordium Thugs","floor":15,"turns":4},{"damage":11,"enemies":"SI_SHIV_ARCHETYPE","floor":16,"turns":6},{"damage":1,"enemies":"Shell Parasite","floor":19,"turns":3},{"damage":4,"enemies":"Chosen","floor":20,"turns":3},{"damage":18,"enemies":"Centurion and Healer","floor":21,"turns":4},{"damage":10,"enemies":"downfall:FleeingMerchant","floor":22,"turns":4},{"damage":21,"enemies":"Book of Stabbing","floor":23,"turns":6},{"damage":12,"enemies":"Book of Stabbing","floor":25,"turns":5},{"damage":13,"enemies":"Snecko","floor":27,"turns":3},{"damage":10,"enemies":"Cultist and Chosen","floor":29,"turns":4},{"damage":34,"enemies":"Sentry and Sphere","floor":30,"turns":6},{"damage":10,"enemies":"Chosen and Byrds","floor":31,"turns":4},{"damage":28,"enemies":"Shelled Parasite and Fungi","floor":32,"turns":3}],"seed_played":"3651564578059065929","potions_obtained":[{"floor":2,"key":"ColorlessPotion"},{"floor":5,"key":"EssenceOfSteel"},{"floor":8,"key":"FearPotion"},{"floor":14,"key":"PowerPotion"},{"floor":27,"key":"SneckoOil"}],"is_trial":false,"path_per_floor":["R","M","M","?","M","R","T","M","E","?","M","R","$","?","M","B",null,"T","?","?","?","T","E","T","?","T","?","?","?","?","?","?"],"character_chosen":"THE_SPIRIT","items_purchased":["hexamod:RainOfEmbers"],"campfire_rested":1,"item_purchase_floors":[13],"current_hp_per_floor":[77,77,77,77,72,72,72,63,48,48,41,41,41,41,17,6,77,77,76,72,54,44,23,23,11,49,36,65,55,21,11,0,0,0],"gold":295,"neow_bonus":"TEN_PERCENT_HP_BONUS","is_daily":false,"chose_seed":false,"campfire_upgraded":3,"win_rate":0.0,"timestamp":1612936412,"path_taken":["R","M","M","?","M","R","T","M","E","?","?","R","$","?","M","BOSS","T","?","?","?","T","E","T","?","T","?","?","?","?","?","?"],"items_purchased_type":["Card"],"build_version":"2020-12-22","purchased_purges":2,"victory":false,"max_hp_per_floor":[77,77,77,77,77,77,77,77,77,77,77,77,77,77,77,77,77,77,77,77,77,77,77,77,77,77,77,77,77,77,77,77,77,77],"card_choices":[{"not_picked":["hexamod:PowerFromBeyond","hexamod:HeatShield"],"picked":"hexamod:Firestarter","floor":2},{"not_picked":["hexamod:CatchUp","hexamod:SwordOfDarkness"],"picked":"hexamod:BurningTouch","floor":3},{"not_picked":["hexamod:PhantomFireball","hexamod:SpectralAdrenaline"],"picked":"hexamod:ThermalTransfer","floor":5},{"not_picked":["hexamod:HeatMetal","hexamod:BacktrackSmack"],"picked":"hexamod:DynamicBlow","floor":8},{"not_picked":["hexamod:PhantomCloak","hexamod:Hexaguard"],"picked":"hexamod:SuperheatedStrike","floor":9},{"not_picked":["hexamod:NightmareStrike","hexamod:Rewind"],"picked":"hexamod:Firestarter","floor":11},{"not_picked":["hexamod:AdvancingGuard","hexamod:SuperheatedStrike","hexamod:NightmareGuise"],"picked":"SKIP","floor":13},{"not_picked":["hexamod:Rewind","hexamod:SuperheatedStrike","hexamod:InspiringFlames"],"picked":"SKIP","floor":15},{"not_picked":["hexamod:ParanormalForm","hexamod:TurnItUp"],"picked":"hexamod:VolcanoVisage","floor":16},{"not_picked":["hexamod:SpectralAdrenaline+1","hexamod:Rewind"],"picked":"hexamod:ExtraCrispy","floor":19},{"not_picked":["hexamod:AdvancingGuard","hexamod:EtherealExpedition","hexamod:CatchUp"],"picked":"SKIP","floor":20},{"not_picked":["hexamod:RadiantFlame","hexamod:GhostShield","hexamod:FourthSeal"],"picked":"SKIP","floor":21},{"not_picked":["hexamod:Rewind","hexamod:TurnItUp"],"picked":"hexamod:GhostflameBarrier+1","floor":22},{"not_picked":["hexamod:RadiantFlame","hexamod:EtherealExpedition","hexamod:NightmareGuise"],"picked":"SKIP","floor":23},{"not_picked":["hexamod:FastForward+1","hexamod:ThirdSeal"],"picked":"hexamod:FlamesFromBeyond","floor":25},{"not_picked":["hexamod:NecessarySacrifice","hexamod:FastForward","hexamod:SkipABeat"],"picked":"SKIP","floor":27},{"not_picked":["hexamod:GhostShield","hexamod:SpectralSpark"],"picked":"hexamod:SpectersWail+1","floor":29},{"not_picked":["hexamod:HeatMetal+1","hexamod:SuperheatedStrike","hexamod:SpectersWail+1"],"picked":"SKIP","floor":30},{"not_picked":["hexamod:FlamesFromBeyond","hexamod:Incineration"],"picked":"hexamod:SoulSteal+1","floor":31}],"player_experience":292645,"relics_obtained":[{"floor":7,"key":"ReplayFunnel"},{"floor":9,"key":"reliquary:OuijaBoard"},{"floor":23,"key":"Replay:Wax Seal"},{"floor":24,"key":"Regal Pillow"},{"floor":25,"key":"downfall:GremlinSack"}],"event_choices":[{"damage_healed":0,"gold_gain":0,"player_choice":"Got Potions","damage_taken":0,"max_hp_gain":0,"max_hp_loss":0,"event_name":"Lab","floor":14,"gold_loss":0}],"is_beta":false,"boss_relics":[{"not_picked":["ReplayTheSpireMod:DimensionalGlitch","reliquary:Craggleroot"],"picked":"Painkiller Herb"}],"items_purged_floors":[13,22],"is_endless":false,"potions_floor_spawned":[2,5,8,9,16,21,23,27],"killed_by":"Shelled Parasite and Fungi","ascension_level":3}}