{"host":"nlbr7nnijupf3yfg","time":1612915425,"event":{"mods":["AchievementEnabler","BaseMod","Colored Powertips","DeckTracker","Hubris","Minty Spire (QoL Compilation)","Replay The Spire","StSLib","SuperFastMode"],"gold_per_floor":[112,167,179,179,235,260,535,535,535,553,572,584,584,584],"floor_reached":13,"language":"ENG","playtime":240,"items_purged":[],"score":119,"play_id":"ff9c75f0-e5f8-4315-9f9f-c7777d989253","local_time":"20210209190345","is_ascension_mode":true,"campfire_choices":[{"floor":8,"key":"REST"}],"circlet_count":0,"master_deck":["Strike_R","Strike_R","Strike_R","Strike_R+1","Strike_R","Defend_R","Defend_R","Defend_R","Defend_R","Bash","Feed","Perfected Strike","Flex","Cleave","Thunderclap","Perfected Strike","Regret","Iron Wave","Flame Barrier"],"relics":["Burning Blood","Onion Ring","Gremlin Food","Replay:Bottled Flurry","hubris:BottledRain"],"acts_visited":["Exordium"],"potions_floor_usage":[],"damage_taken":[{"damage":8,"enemies":"2 Louse","floor":1,"turns":3},{"damage":2,"enemies":"Jaw Worm","floor":3,"turns":3},{"damage":46,"enemies":"Gremlin Nob","floor":6,"turns":5},{"damage":10,"enemies":"Small Slimes","floor":10,"turns":3},{"damage":17,"enemies":"3 Louse","floor":11,"turns":2},{"damage":21,"enemies":"Exordium Thugs","floor":12,"turns":4},{"damage":44,"enemies":"Replay:BlueRogue","floor":13,"turns":3}],"seed_played":"-6333598678570349759","potions_obtained":[{"floor":1,"key":"Explosive Potion"},{"floor":5,"key":"SneckoOil"},{"floor":10,"key":"Fire Potion"}],"is_trial":false,"path_per_floor":["M","?","M","?","?","E","?","R","T","M","M","M","E"],"character_chosen":"IRONCLAD","items_purchased":[],"campfire_rested":1,"item_purchase_floors":[],"current_hp_per_floor":[73,73,77,74,74,34,34,58,58,57,46,34,0,0],"gold":584,"neow_bonus":"ONE_RANDOM_RARE_CARD","is_daily":false,"chose_seed":false,"campfire_upgraded":0,"win_rate":0.0,"timestamp":1612915425,"path_taken":["M","?","M","?","?","E","?","R","T","?","M","M","E"],"items_purchased_type":[],"build_version":"2020-12-22","purchased_purges":0,"victory":false,"max_hp_per_floor":[83,83,83,83,83,83,83,83,83,86,86,89,89,89],"card_choices":[{"not_picked":["ReplayTheSpireMod:Stacked","Flex"],"picked":"Perfected Strike","floor":1},{"not_picked":["hubris:ReadiedAction","Pommel Strike"],"picked":"Flex","floor":3},{"not_picked":["Perfected Strike","Flex"],"picked":"Cleave","floor":5},{"not_picked":["Clash","Iron Wave"],"picked":"Thunderclap","floor":5},{"not_picked":["Metallicize","Wild Strike"],"picked":"Perfected Strike","floor":6},{"not_picked":["True Grit","Sentinel"],"picked":"Iron Wave","floor":10},{"not_picked":["Flex","True Grit"],"picked":"Flame Barrier","floor":11},{"not_picked":["Impervious","hubris:ReadiedAction","Run Through"],"picked":"SKIP","floor":12}],"player_experience":44448,"relics_obtained":[{"floor":5,"key":"Gremlin Food"},{"floor":6,"key":"Replay:Bottled Flurry"},{"floor":9,"key":"hubris:BottledRain"}],"event_choices":[{"damage_healed":0,"gold_gain":55,"player_choice":"Gained Gold","damage_taken":0,"max_hp_gain":0,"max_hp_loss":0,"event_name":"Golden Wing","floor":2,"gold_loss":0},{"damage_healed":0,"gold_gain":0,"player_choice":"Success","damage_taken":3,"relics_obtained":["Onion Ring"],"max_hp_gain":0,"max_hp_loss":0,"event_name":"Scrap Ooze","floor":4,"gold_loss":0},{"damage_healed":0,"gold_gain":275,"player_choice":"Desecrate","damage_taken":0,"max_hp_gain":0,"max_hp_loss":0,"event_name":"Golden Shrine","floor":7,"gold_loss":0,"cards_obtained":["Regret"]}],"is_beta":false,"boss_relics":[],"items_purged_floors":[],"is_endless":false,"potions_floor_spawned":[1,10],"killed_by":"Replay:BlueRogue","ascension_level":8}}