{"host":"3qkmyeoym75lj4wn","time":1612982820,"event":{"mods":["2.2 Compatiblity","BaseMod","Block Reminder","Colored Powertips","Highlight Path","Minty Spire (QoL Compilation)","Permanent Neow","Potion Indicator Mod","Rare Cards Sparkle","Relic Stats","StSLib","Unceasing Turn Reminder"],"gold_per_floor":[112,112,112,128,53,53,80,40,91,91,108,108,139,152,152,230,230,243,5,55,72,14,14,14],"floor_reached":23,"language":"ENG","playtime":899,"items_purged":["Pain"],"score":394,"play_id":"1de5dd9c-35dd-4001-a701-b5c5aeb2476e","local_time":"20210210184700","is_ascension_mode":true,"campfire_choices":[{"data":"Conserve Battery","floor":6,"key":"SMITH"},{"data":"Melter","floor":10,"key":"SMITH"},{"data":"Coolheaded","floor":15,"key":"SMITH"}],"circlet_count":0,"master_deck":["AscendersBane","Strike_B","Strike_B","Strike_B","Strike_B","Defend_B","Defend_B","Defend_B","Defend_B","Zap+1","Dualcast","Chill","Conserve Battery+1","Hologram","Melter+1","Coolheaded+1","Steam","BootSequence","All For One","Doom and Gloom","Self Repair","Hologram+1","Ball Lightning"],"relics":["FrozenCore","WarpedTongs","Bottled Lightning","Omamori","Potion Belt","Oddly Smooth Stone"],"acts_visited":["Exordium","TheCity"],"potions_floor_usage":[7,16,18,23],"damage_taken":[{"damage":2,"enemies":"Jaw Worm","floor":1,"turns":3},{"damage":7,"enemies":"Small Slimes","floor":4,"turns":3},{"damage":4,"enemies":"3 Sentries","floor":7,"turns":10},{"damage":0,"enemies":"Cultist","floor":11,"turns":3},{"damage":10,"enemies":"Lagavulin","floor":13,"turns":7},{"damage":0,"enemies":"Large Slime","floor":14,"turns":5},{"damage":12,"enemies":"The Guardian","floor":16,"turns":11},{"damage":25,"enemies":"Chosen","floor":18,"turns":5},{"damage":0,"enemies":"Spheric Guardian","floor":21,"turns":2},{"damage":74,"enemies":"Gremlin Leader","floor":23,"turns":9}],"seed_played":"-319880856623053368","potions_obtained":[{"floor":1,"key":"FocusPotion"},{"floor":4,"key":"DistilledChaos"},{"floor":14,"key":"Explosive Potion"},{"floor":21,"key":"Block Potion"}],"is_trial":false,"path_per_floor":["M","?","?","M","$","R","E","$","T","R","M","?","E","M","R","B",null,"M","$","?","M","$","E"],"character_chosen":"DEFECT","items_purchased":["Melter","Oddly Smooth Stone","Self Repair","Ball Lightning"],"campfire_rested":0,"item_purchase_floors":[8,19,19,22],"current_hp_per_floor":[62,67,67,60,60,60,56,56,56,56,56,76,66,66,66,54,71,46,46,46,56,56,0,0],"gold":14,"neow_bonus":"UPGRADE_CARD","is_daily":false,"chose_seed":false,"campfire_upgraded":3,"win_rate":0.0,"timestamp":1612982820,"path_taken":["M","?","?","?","$","R","E","$","T","R","M","?","E","M","R","BOSS","M","$","?","M","$","E"],"items_purchased_type":["Card","Relic","Card","Card"],"build_version":"2020-12-22","purchased_purges":1,"victory":false,"max_hp_per_floor":[71,76,76,76,76,76,76,76,76,76,76,76,76,76,76,76,76,76,76,76,76,76,76,76],"relic_stats":{"counters":[10,58],"obtain_stats":[{"Potion Belt":13,"Oddly Smooth Stone":19,"Omamori":9,"Bottled Lightning":7,"Cracked Core":0,"WarpedTongs":3,"FrozenCore":17},{"Potion Belt":5,"Oddly Smooth Stone":8,"Omamori":3,"Bottled Lightning":3,"Cracked Core":0,"WarpedTongs":1,"FrozenCore":7},{"Potion Belt":26,"Oddly Smooth Stone":47,"Omamori":16,"Bottled Lightning":16,"Cracked Core":0,"WarpedTongs":3,"FrozenCore":42}],"FrozenCore":[3],"WarpedTongs":[51]},"card_choices":[{"not_picked":["Compile Driver","Stack"],"picked":"Chill","floor":1},{"not_picked":["Consume","Streamline"],"picked":"Conserve Battery","floor":4},{"not_picked":["Tempest","Turbo"],"picked":"Hologram","floor":7},{"not_picked":["Tempest","Hologram"],"picked":"Coolheaded","floor":11},{"not_picked":["Static Discharge","Stack"],"picked":"Steam","floor":13},{"not_picked":["Steam Power","Redo"],"picked":"BootSequence","floor":14},{"not_picked":["Reboot","Multi-Cast"],"picked":"All For One","floor":16},{"not_picked":["Skim","Rebound"],"picked":"Doom and Gloom","floor":18},{"not_picked":["Turbo","Consume+1"],"picked":"Hologram+1","floor":21}],"player_experience":1745688,"relics_obtained":[{"floor":7,"key":"Bottled Lightning"},{"floor":9,"key":"Omamori"},{"floor":13,"key":"Potion Belt"}],"event_choices":[{"damage_healed":0,"gold_gain":0,"player_choice":"Donut","damage_taken":0,"max_hp_gain":5,"max_hp_loss":0,"event_name":"Big Fish","floor":2,"gold_loss":0},{"damage_healed":0,"gold_gain":0,"player_choice":"Rummage","damage_taken":0,"relics_obtained":["WarpedTongs"],"max_hp_gain":0,"max_hp_loss":0,"event_name":"Accursed Blacksmith","floor":3,"gold_loss":0,"cards_obtained":["Pain"]},{"damage_healed":20,"gold_gain":0,"player_choice":"Full Heal","damage_taken":0,"max_hp_gain":0,"max_hp_loss":0,"event_name":"Wheel of Change","floor":12,"gold_loss":0},{"damage_healed":0,"gold_gain":50,"player_choice":"Stole From Cult","damage_taken":0,"max_hp_gain":0,"max_hp_loss":0,"event_name":"Nest","floor":20,"gold_loss":0}],"is_beta":false,"boss_relics":[{"not_picked":["Coffee Dripper","SacredBark"],"picked":"FrozenCore"}],"items_purged_floors":[5],"is_endless":false,"potions_floor_spawned":[1,4,14,21],"killed_by":"Gremlin Leader","ascension_level":20}}