{"host":"3po7ngt2j61s4rmj","time":1612986235,"event":{"mods":["Act Like it!","BaseMod","Elementarium","Minty Spire (QoL Compilation)","Relic Stats","Shade Mod","StSLib","The Cursed"],"gold_per_floor":[20,32,45,320,339,339,368,368,368,43,74,88,88,101,101,205,205,221,241,252,252,268,297,309,321,333,345,345],"floor_reached":27,"language":"ENG","playtime":2442,"items_purged":[],"score":346,"play_id":"552ba04a-188c-4ba4-acd4-78c4be7225c8","local_time":"20210210124355","is_ascension_mode":true,"campfire_choices":[{"data":"TheCursedMod:CursedBoomerang","floor":6,"key":"SMITH"},{"data":"TheCursedMod:CleanUpWorkshop","floor":8,"key":"SMITH"},{"floor":13,"key":"REST"},{"data":"TheCursedMod:StunningStrike","floor":15,"key":"SMITH"},{"floor":24,"key":"REST"}],"circlet_count":0,"master_deck":["TheCursedMod:Strike_TheCursed","TheCursedMod:Strike_TheCursed","TheCursedMod:Strike_TheCursed","TheCursedMod:Strike_TheCursed","TheCursedMod:Defend_TheCursed","TheCursedMod:Defend_TheCursed","TheCursedMod:Defend_TheCursed","TheCursedMod:Defend_TheCursed","TheCursedMod:CursedWand","TheCursedMod:CleanUpWorkshop+1","TheCursedMod:Dregs","TheCursedMod:CursedBlade","TheCursedMod:CursedBoomerang+1","TheCursedMod:FleshFromBone","Regret","TheCursedMod:ManaBullet","TheCursedMod:Obscuration","Master of Strategy","TheCursedMod:StunningStrike+1","TheCursedMod:AbyssShockwave","TheCursedMod:CircleOfBlood","TheCursedMod:AntiAging","CurseOfTheBell","TheCursedMod:SpitefulStrike+1","TheCursedMod:RapidMovement","TheCursedMod:CircleOfBlood","Elementarium:FireblessedBlade","Elementarium:WindblessedBlade","Elementarium:EarthblessedBlade","Elementarium:IceblessedBlade","Elementarium:VoidblessedBlade","TheCursedMod:SmokeScreen+1","TheCursedMod:ReleasedStrength"],"relics":["TheCursedMod:BlackMagic101","Unceasing Top","Bag of Marbles","Ornamental Fan","Toolbox","Torii","Calling Bell","Toy Ornithopter","Sundial","Shovel","MawBank","Blood Vial","The Courier"],"acts_visited":["Exordium","Exordium"],"potions_floor_usage":[7,11,16,19,23],"damage_taken":[{"damage":1,"enemies":"Small Slimes","floor":1,"turns":4},{"damage":0,"enemies":"Cultist","floor":2,"turns":3},{"damage":1,"enemies":"Jaw Worm","floor":3,"turns":4},{"damage":10,"enemies":"Large Slime","floor":5,"turns":7},{"damage":20,"enemies":"3 Sentries","floor":7,"turns":6},{"damage":4,"enemies":"Lagavulin","floor":11,"turns":7},{"damage":10,"enemies":"2 Fungi Beasts","floor":12,"turns":3},{"damage":7,"enemies":"Exordium Thugs","floor":14,"turns":4},{"damage":12,"enemies":"Hexaghost","floor":16,"turns":10},{"damage":20,"enemies":"Elementarium:Cyclone","floor":18,"turns":6},{"damage":3,"enemies":"Elementarium:2_ELEMENTALS","floor":19,"turns":3},{"damage":18,"enemies":"Elementarium:STONE_GOLEMS","floor":20,"turns":4},{"damage":2,"enemies":"Elementarium:3_ELEMENTALS","floor":22,"turns":3},{"damage":43,"enemies":"Elementarium:ElementalPortal","floor":23,"turns":12},{"damage":33,"enemies":"Elementarium:FIRE_NOBILITY","floor":27,"turns":4}],"seed_played":"6179602801745666411","potions_obtained":[{"floor":2,"key":"LiquidBronze"},{"floor":7,"key":"Energy Potion"},{"floor":11,"key":"AttackPotion"},{"floor":14,"key":"Ancient Potion"},{"floor":16,"key":"PowerPotion"},{"floor":18,"key":"FearPotion"},{"floor":20,"key":"SkillPotion"}],"is_trial":false,"path_per_floor":["M","M","M","?","M","R","E","R","T","$","E","M","R","M","R","B",null,"M","M","M","?","M","E","R","?","T","E"],"character_chosen":"THE_CURSED","items_purchased":["Toolbox","Master of Strategy"],"campfire_rested":2,"item_purchase_floors":[10,10],"current_hp_per_floor":[67,67,66,66,56,56,36,36,36,36,32,22,44,37,37,27,63,47,57,47,47,49,10,25,25,25,0,0],"gold":345,"neow_bonus":"ONE_RARE_RELIC","is_daily":false,"chose_seed":false,"campfire_upgraded":3,"win_rate":0.0,"timestamp":1612986235,"path_taken":["M","M","M","?","M","R","E","R","T","?","E","M","R","M","R","BOSS","M","M","M","?","M","E","R","?","T","E"],"items_purchased_type":["Relic","Card"],"build_version":"2020-12-22","purchased_purges":0,"victory":false,"max_hp_per_floor":[75,75,75,75,75,75,75,75,75,75,75,75,75,75,75,75,75,77,79,81,49,49,51,51,46,46,46,46],"relic_stats":{"Blood Vial":2,"Shovel":0,"Torii":40,"counters":[15,80],"Ornamental Fan":[60],"Sundial":[2],"MawBank":48,"obtain_stats":[{"TheCursedMod:BlackMagic101":0,"Torii":11,"The Courier":26,"MawBank":23,"Calling Bell":17,"Blood Vial":25,"Shovel":17,"Ornamental Fan":9,"Sundial":17,"Toolbox":10,"Bag of Marbles":7,"Unceasing Top":0,"Toy Ornithopter":17},{"TheCursedMod:BlackMagic101":0,"Torii":6,"The Courier":14,"MawBank":14,"Calling Bell":9,"Blood Vial":14,"Shovel":9,"Ornamental Fan":5,"Sundial":9,"Toolbox":5,"Bag of Marbles":5,"Unceasing Top":0,"Toy Ornithopter":9},{"TheCursedMod:BlackMagic101":0,"Torii":31,"The Courier":76,"MawBank":76,"Calling Bell":48,"Blood Vial":76,"Shovel":48,"Ornamental Fan":24,"Sundial":48,"Toolbox":24,"Bag of Marbles":24,"Unceasing Top":0,"Toy Ornithopter":48}],"Unceasing Top":[3],"Toy Ornithopter":5},"card_choices":[{"not_picked":["TheCursedMod:Stretching","TheCursedMod:CircleOfBlood"],"picked":"TheCursedMod:CursedBlade","floor":1},{"not_picked":["TheCursedMod:RavingStaff","TheCursedMod:VitalStrike"],"picked":"TheCursedMod:CursedBoomerang","floor":2},{"not_picked":["TheCursedMod:CursedArmor","TheCursedMod:CursedBoomerang"],"picked":"TheCursedMod:FleshFromBone","floor":3},{"not_picked":["TheCursedMod:SpitefulStrike","TheCursedMod:CursedMace"],"picked":"TheCursedMod:ManaBullet","floor":5},{"not_picked":["TheCursedMod:PrepareRite","TheCursedMod:RavingStaff"],"picked":"TheCursedMod:Obscuration","floor":7},{"not_picked":["TheCursedMod:CircleOfFlame","TheCursedMod:Grudge"],"picked":"TheCursedMod:StunningStrike","floor":11},{"not_picked":["TheCursedMod:CursedBlade","TheCursedMod:VitalStrike"],"picked":"TheCursedMod:AbyssShockwave","floor":12},{"not_picked":["TheCursedMod:SurpriseAttack","TheCursedMod:Mangle"],"picked":"TheCursedMod:CircleOfBlood","floor":14},{"not_picked":["TheCursedMod:UltimatePain","TheCursedMod:OutForBlood"],"picked":"TheCursedMod:AntiAging","floor":16},{"not_picked":["TheCursedMod:FleshFromBone","TheCursedMod:Stigma"],"picked":"TheCursedMod:SpitefulStrike+1","floor":18},{"not_picked":["TheCursedMod:Stigma","TheCursedMod:CursedAmulet"],"picked":"TheCursedMod:RapidMovement","floor":19},{"not_picked":["TheCursedMod:RavingStaff+1","TheCursedMod:FleshFromBone"],"picked":"TheCursedMod:CircleOfBlood","floor":20},{"not_picked":["TheCursedMod:HellsGateOpen","TheCursedMod:CursedStaff"],"picked":"TheCursedMod:SmokeScreen+1","floor":22},{"not_picked":["TheCursedMod:WearCloak","TheCursedMod:ManaCirculation"],"picked":"TheCursedMod:ReleasedStrength","floor":23}],"player_experience":1100648,"relics_obtained":[{"floor":7,"key":"Bag of Marbles"},{"floor":9,"key":"Ornamental Fan"},{"floor":11,"key":"Torii"},{"floor":17,"key":"Toy Ornithopter"},{"floor":17,"key":"Sundial"},{"floor":17,"key":"Shovel"},{"floor":23,"key":"MawBank"},{"floor":26,"key":"The Courier"}],"event_choices":[{"damage_healed":0,"gold_gain":275,"player_choice":"Desecrate","damage_taken":0,"max_hp_gain":0,"max_hp_loss":0,"event_name":"Golden Shrine","floor":4,"gold_loss":0,"cards_obtained":["Regret"]},{"damage_healed":0,"gold_gain":0,"player_choice":"Touch","damage_taken":0,"max_hp_gain":0,"max_hp_loss":32,"event_name":"Elementarium:ElementalBlades","floor":21,"gold_loss":0,"cards_obtained":["Elementarium:FireblessedBlade","Elementarium:WindblessedBlade","Elementarium:EarthblessedBlade","Elementarium:IceblessedBlade","Elementarium:VoidblessedBlade"]},{"damage_healed":0,"gold_gain":0,"player_choice":"Essence","damage_taken":0,"relics_obtained":["Blood Vial"],"max_hp_gain":0,"max_hp_loss":5,"event_name":"Elementarium:ShatteredPortal","floor":25,"gold_loss":0}],"is_beta":false,"boss_relics":[{"not_picked":["Ectoplasm","Snecko Eye"],"picked":"Calling Bell"}],"items_purged_floors":[],"is_endless":false,"potions_floor_spawned":[2,7,11,14,16,18,20],"killed_by":"Elementarium:FIRE_NOBILITY","ascension_level":9}}