{"host":"9kesdg97wkrx2bva","time":1612938096,"event":{"mods":["AchievementEnabler","BaseMod","Colored Map","GifTheSpireLib","Infinite Spire","Minty Spire (QoL Compilation)","Replay The Spire","StSLib"],"gold_per_floor":[117,117,267,93,93,93,106,106,129,158,173,20,33,33,33],"floor_reached":14,"language":"ENG","playtime":258,"items_purged":["Doubt","Strike_B"],"score":167,"play_id":"b00d229d-4438-4d69-be3e-b4bc72a857b8","local_time":"20210210002136","is_ascension_mode":true,"campfire_choices":[{"floor":6,"key":"REST"},{"data":"Sunder","floor":8,"key":"SMITH"}],"circlet_count":0,"master_deck":["AscendersBane","Strike_B","Strike_B","Defend_B","Defend_B","Defend_B","Zap","Dualcast","Sunder+1","infinitespire:Gouge","Madness","Conserve Battery","Conserve Battery","Creative AI","Streamline","Beam Cell"],"relics":["Cracked Core","Gremlin Food","Gremlin Horn"],"acts_visited":["Exordium"],"potions_floor_usage":[14],"damage_taken":[{"damage":12,"enemies":"2 Louse","floor":1,"turns":2},{"damage":0,"enemies":"Small Slimes","floor":7,"turns":2},{"damage":15,"enemies":"Lagavulin","floor":10,"turns":6},{"damage":0,"enemies":"Cultist","floor":11,"turns":2},{"damage":1,"enemies":"Blue Slaver","floor":13,"turns":3},{"damage":23,"enemies":"3 Sentries","floor":14,"turns":2}],"seed_played":"2816465422249623048","potions_obtained":[{"floor":1,"key":"ColorlessPotion"}],"is_trial":false,"path_per_floor":["M","?","?","$","?","R","M","R","T","E","M","$","M","E"],"character_chosen":"DEFECT","items_purchased":["Madness","Streamline"],"campfire_rested":1,"item_purchase_floors":[4,12],"current_hp_per_floor":[34,17,17,17,17,38,38,38,38,23,23,23,22,0,0],"gold":33,"neow_bonus":"REMOVE_TWO","is_daily":false,"chose_seed":false,"campfire_upgraded":1,"win_rate":0.0,"timestamp":1612938096,"path_taken":["M","?","?","$","?","R","M","R","T","E","M","$","M","E"],"items_purchased_type":["Card","Card"],"build_version":"2020-12-22","purchased_purges":2,"victory":false,"max_hp_per_floor":[71,71,71,71,71,71,71,71,71,71,71,71,71,71,71],"card_choices":[{"not_picked":["Rip and Tear","Go for the Eyes"],"picked":"Sunder","floor":1},{"not_picked":["infinitespire:UltimateForm","infinitespire:Punishment"],"picked":"infinitespire:Gouge","floor":2},{"not_picked":["Coolheaded","Turbo"],"picked":"Conserve Battery","floor":7},{"not_picked":["Auto Shields","Stack"],"picked":"Conserve Battery","floor":10},{"not_picked":["Panic Button","Rebound"],"picked":"Creative AI","floor":11},{"not_picked":["Hologram","Go for the Eyes"],"picked":"Beam Cell","floor":13}],"player_experience":1021248,"relics_obtained":[{"floor":9,"key":"Gremlin Food"},{"floor":10,"key":"Gremlin Horn"}],"event_choices":[{"damage_healed":0,"gold_gain":150,"player_choice":"AGREE","damage_taken":0,"max_hp_gain":0,"max_hp_loss":0,"event_name":"Liars Game","floor":3,"gold_loss":0,"cards_obtained":["Doubt"]}],"is_beta":false,"boss_relics":[],"items_purged_floors":[4,12],"is_endless":false,"potions_floor_spawned":[1],"killed_by":"3 Sentries","ascension_level":18}}