{"host":"ttx8tv95o5vka1nm","time":1612980610,"event":{"mods":["AchievementEnabler","BaseMod","BetterRewards","Colored Map","Downfall","Evolution","Hermit","Hubris","Infinite Spire","Jorbs\u0027s Wanderer Trilogy","Minty Spire (QoL Compilation)","Relic Filter Mod","Reliquary","Robot Space Explorer","Shop Mod","Spicy Shops","StSLib","The Blue Laboratory","The Bug Knight","The Cursed","The Hayseed","The Necromancer","The Runesmith","TheBandit","TheVacant","Wandering Minibosses"],"gold_per_floor":[111,122,142,142,142,175,185,260,286,315,335,335,346,373,373,476,476,486,486,496,531,19,19,48,65,65,65,65],"floor_reached":27,"language":"ENG","playtime":1491,"items_purged":["Strike_R"],"score":535,"play_id":"dd40925d-1542-464d-af28-4ef8f7284556","local_time":"20210211041010","is_ascension_mode":true,"campfire_choices":[{"data":"Rupture","floor":12,"key":"SMITH"},{"data":"Bloodletting","floor":15,"key":"SMITH"},{"data":"Feed","floor":23,"key":"SMITH"}],"circlet_count":0,"master_deck":["Strike_R+1","Strike_R","Strike_R+1","Defend_R","Defend_R","Defend_R","Defend_R","Bash","Inflame+1","Madness","Shrug It Off","Headbutt","Bloodletting+1","Heavy Blade+1","Flex","Rupture+1","Clothesline+1","Sword Boomerang","Feed+1","Cleave","RitualDagger","Flex+1","Armaments","Inflame","Impervious","Heavy Blade+1"],"relics":["Black Blood","hubris:CuriousFeather","Mango","Mercury Hourglass","Pen Nib","hubris:Towel","Bag of Marbles","reliquary:WeakTea","Whetstone","Happy Flower","Red Mask","infinitespire:WardingShard","MerchantsRug","reliquary:Buckler","Omamori","PreservedInsect"],"acts_visited":["Exordium","TheCity"],"potions_floor_usage":[25],"damage_taken":[{"damage":8,"enemies":"Small Slimes","floor":1,"turns":3},{"damage":5,"enemies":"2 Louse","floor":2,"turns":3},{"damage":2,"enemies":"Jaw Worm","floor":3,"turns":3},{"damage":11,"enemies":"HollowMod:MossKnight","floor":6,"turns":6},{"damage":9,"enemies":"Lots of Slimes","floor":7,"turns":3},{"damage":13,"enemies":"Gremlin Nob","floor":10,"turns":3},{"damage":3,"enemies":"Large Slime","floor":11,"turns":2},{"damage":9,"enemies":"2 Fungi Beasts","floor":13,"turns":2},{"damage":3,"enemies":"Lagavulin","floor":14,"turns":3},{"damage":11,"enemies":"The Guardian","floor":16,"turns":6},{"damage":11,"enemies":"2 Thieves","floor":18,"turns":3},{"damage":36,"enemies":"3 Byrds","floor":20,"turns":5},{"damage":0,"enemies":"Masked Bandits","floor":21,"turns":1},{"damage":66,"enemies":"Slavers","floor":24,"turns":5},{"damage":11,"enemies":"Shelled Parasite and Fungi","floor":25,"turns":4},{"damage":39,"enemies":"Nightmare","floor":27,"turns":6}],"seed_played":"3954987233005497068","potions_obtained":[{"floor":2,"key":"blueLaboratory:Moonshine"},{"floor":6,"key":"Strength Potion"},{"floor":7,"key":"blueLaboratory:LimitlessPotion"},{"floor":24,"key":"Regen Potion"}],"is_trial":false,"path_per_floor":["M","M","M","?","?","E","M","?","T","E","M","R","M","E","R","B",null,"M","?","M","?","$","R","E","M","T","NM"],"character_chosen":"IRONCLAD","items_purchased":["Inflame","Red Skull","Mango","Mercury Hourglass","Pen Nib","infinitespire:WardingShard","MerchantsRug","reliquary:Buckler","Inflame"],"campfire_rested":0,"item_purchase_floors":[0,0,0,0,0,22,22,22,22],"current_hp_per_floor":[84,85,89,89,89,84,81,70,70,63,66,66,63,66,66,61,86,87,81,60,72,72,72,18,35,35,0,0],"gold":65,"neow_bonus":"","is_daily":false,"chose_seed":false,"campfire_upgraded":3,"win_rate":0.0,"timestamp":1612980610,"path_taken":["M","M","M","?","?","E","M","?","T","E","M","R","M","E","R","BOSS","M","?","M","?","$","R","E","M","T","NM"],"items_purchased_type":["Card","Relic","Relic","Relic","Relic","Relic","Relic","Relic","Card"],"build_version":"2020-12-22","purchased_purges":1,"victory":false,"max_hp_per_floor":[94,94,94,94,94,94,94,94,94,94,94,94,94,94,94,94,94,94,94,97,97,97,97,97,101,101,101,101],"card_choices":[{"not_picked":["Body Slam","Perfected Strike","hubris:ReadiedAction"],"picked":"SKIP","floor":1},{"not_picked":["Clash","Sever Soul","Rage"],"picked":"SKIP","floor":2},{"not_picked":["Wild Strike","Entrench"],"picked":"Headbutt","floor":3},{"not_picked":["Feel No Pain","Anger"],"picked":"Bloodletting","floor":6},{"not_picked":["Clash","Rampage"],"picked":"Heavy Blade","floor":7},{"not_picked":["Sword Boomerang","Dropkick"],"picked":"Flex","floor":10},{"not_picked":["Iron Wave","Bludgeon"],"picked":"Rupture","floor":11},{"not_picked":["Flex","Pommel Strike"],"picked":"Clothesline","floor":13},{"not_picked":["Clash","Inflame"],"picked":"Sword Boomerang","floor":14},{"not_picked":["Juggernaut","Corruption"],"picked":"Feed","floor":16},{"not_picked":["Battle Trance","Iron Wave"],"picked":"Cleave","floor":18},{"not_picked":["Dark Embrace","Heavy Blade+1"],"picked":"Flex+1","floor":20},{"not_picked":["Anger","Combust"],"picked":"Armaments","floor":21},{"not_picked":["Seeing Red","Pommel Strike+1"],"picked":"Impervious","floor":24},{"not_picked":["Combust","Headbutt+1"],"picked":"Heavy Blade+1","floor":25}],"player_experience":1118416,"relics_obtained":[{"floor":6,"key":"Bag of Marbles"},{"floor":9,"key":"reliquary:WeakTea"},{"floor":10,"key":"Whetstone"},{"floor":14,"key":"Happy Flower"},{"floor":21,"key":"Red Mask"},{"floor":24,"key":"Omamori"},{"floor":26,"key":"PreservedInsect"}],"event_choices":[{"damage_healed":0,"gold_gain":75,"player_choice":"Gather Gold","damage_taken":11,"max_hp_gain":0,"max_hp_loss":0,"event_name":"World of Goop","floor":8,"gold_loss":0},{"damage_healed":0,"gold_gain":0,"player_choice":"Joined the Cult","damage_taken":6,"max_hp_gain":0,"max_hp_loss":0,"event_name":"Nest","floor":19,"gold_loss":0,"cards_obtained":["RitualDagger"]},{"damage_healed":0,"gold_gain":0,"player_choice":"Fought Bandits","damage_taken":0,"max_hp_gain":0,"max_hp_loss":0,"event_name":"Masked Bandits","floor":21,"gold_loss":0}],"is_beta":false,"boss_relics":[{"not_picked":["bronze:MakeshiftBattery","SlaversCollar"],"picked":"Black Blood"}],"items_purged_floors":[0],"is_endless":false,"potions_floor_spawned":[2,6,7,10,13,14,24],"killed_by":"Nightmare","ascension_level":7}}