{"host":"17w3oyws87dzn6xb","time":1612978503,"event":{"mods":["BaseMod","Colored Powertips","Conspire","Downfall","Hero for Fun","Hubris","Infinite Spire","Marisa????????","Mimic Mod","Minty Spire (QoL Compilation)","Rare Cards Sparkle","Reliquary","Replay The Spire","Robot Space Explorer","Spicy Shops","StSLib","The Cursed","The Disciple","The Necromancer","The Servant 0.9.4"],"gold_per_floor":[113,41,41,59,112,112,145,165,237,237,249,267,279,295,295,397,397,407,501,541,541,541,571,571,602,673,673,673,673,84,94,94,194,194,214,0,16,29,29,29],"floor_reached":39,"language":"ENG","playtime":3404,"items_purged":[],"score":444,"play_id":"d6cf98eb-fe60-4c19-bffd-1fb7097ec6f0","local_time":"20210210203503","is_ascension_mode":false,"campfire_choices":[{"data":"Moonlight","floor":6,"key":"SMITH"},{"data":"Defy","floor":10,"key":"SMITH"},{"data":"Exchange","floor":15,"key":"SMITH"},{"floor":24,"key":"REST"},{"floor":27,"key":"REST"},{"floor":29,"key":"REST"},{"data":"BestPractice","floor":32,"key":"SMITH"}],"circlet_count":0,"master_deck":["Strike_S","Strike_S","Strike_S","Defend_S","Defend_S","Defend_S","Defend_S","KidneyShot+1","Exchange+1","Moonlight+1","Spin","Defy+1","Contraction","DoubleEdge","InstantArmor+1","TheWorld","Defy+1","Dilation","Sabotage","BestPractice+1","Hightail","Rearm","SurpressingFire+1","Impatience","Snipe","Alleviate+1","PendulumOfEternity","Replace+1","Initiator+1","FlawlessForm+1","Gouge","BestPractice+1","Rearm+1"],"relics":["Uniform","NeowsBlessing","MealTicket","Juzu Bracelet","Bronze Scales","reliquary:Ember","infinitespire:WardingShard","reliquary:Buckler","hubris:64BitClover","Ornamental Fan","BargainBundle","Gremlin Food","Frozen Egg 2","Astrolabe","Red Mask"],"acts_visited":["Exordium","TheCity","TheBeyond"],"potions_floor_usage":[23,25,25,33,33,33,39],"damage_taken":[{"damage":0,"enemies":"Small Slimes","floor":1,"turns":1},{"damage":0,"enemies":"Cultist","floor":4,"turns":1},{"damage":0,"enemies":"Gremlin Nob","floor":7,"turns":1},{"damage":0,"enemies":"Jaw Worm","floor":8,"turns":3},{"damage":0,"enemies":"3 Louse","floor":11,"turns":3},{"damage":2,"enemies":"Exordium Thugs","floor":12,"turns":4},{"damage":4,"enemies":"Red Slaver","floor":13,"turns":2},{"damage":2,"enemies":"2 Fungi Beasts","floor":14,"turns":3},{"damage":48,"enemies":"The Guardian","floor":16,"turns":10},{"damage":8,"enemies":"2 Thieves","floor":18,"turns":4},{"damage":0,"enemies":"3 Byrds","floor":20,"turns":7},{"damage":15,"enemies":"Slavers","floor":23,"turns":6},{"damage":25,"enemies":"Gremlin Leader","floor":25,"turns":8},{"damage":0,"enemies":"3 Byrds","floor":31,"turns":3},{"damage":77,"enemies":"Collector","floor":33,"turns":14},{"damage":19,"enemies":"3 Darklings","floor":35,"turns":4},{"damage":0,"enemies":"Orb Walker","floor":37,"turns":2},{"damage":15,"enemies":"Jaw Worm Horde","floor":38,"turns":4},{"damage":33,"enemies":"Orin","floor":39,"turns":6}],"seed_played":"-6352730883848475441","potions_obtained":[{"floor":1,"key":"Block Potion"},{"floor":12,"key":"sneckomod:MuddlingPotion"},{"floor":13,"key":"Elixir"},{"floor":14,"key":"Death Potion"},{"floor":23,"key":"Swift Potion"},{"floor":25,"key":"BlessingOfTheForge"},{"floor":33,"key":"Cursed Concoction"},{"floor":35,"key":"champ:CounterPotion"},{"floor":38,"key":"Energy Potion"}],"is_trial":false,"path_per_floor":["M","$","?","M","T","R","E","M","T","R","M","M","M","M","R","B",null,"M","?","MIM","?","?","E","R","E","T","R","?","R","$","M","R","B",null,"M","?","M","M","?"],"character_chosen":"THE_SERVANT","items_purchased":["MealTicket","BargainBundle","Gremlin Food","Frozen Egg 2","Rearm","SurpressingFire+1","Impatience","Snipe","conspire:TimeTravelPotion","DistilledChaos"],"campfire_rested":3,"item_purchase_floors":[2,30,30,30,30,30,30,30,30,30],"current_hp_per_floor":[65,65,65,65,65,65,65,65,65,65,65,63,59,57,57,9,65,57,31,31,31,31,16,35,10,10,29,29,48,63,63,63,20,65,46,46,46,31,0,0],"gold":29,"neow_bonus":"THREE_ENEMY_KILL","is_daily":false,"chose_seed":false,"campfire_upgraded":4,"win_rate":0.0,"timestamp":1612978503,"path_taken":["M","$","?","?","?","R","E","M","T","R","M","M","M","M","R","BOSS","M","?","?","?","?","E","R","E","T","R","?","R","?","M","R","BOSS","M","?","M","M","?"],"items_purchased_type":["Relic","Relic","Relic","Relic","Card","Card","Card","Card","Potion","Potion"],"build_version":"2020-12-22","purchased_purges":0,"victory":false,"max_hp_per_floor":[65,65,65,65,65,65,65,65,65,65,65,65,65,65,65,65,65,65,65,65,65,65,65,65,65,65,65,65,65,65,65,65,65,65,65,65,65,65,65,65],"card_choices":[{"not_picked":["Defy","Rewind"],"picked":"Moonlight","floor":1},{"not_picked":["Revamp","DoubleEdge"],"picked":"Spin","floor":4},{"not_picked":["Alleviate","Snipe"],"picked":"Defy","floor":7},{"not_picked":["TimeWarp","WasteNot"],"picked":"Contraction","floor":8},{"not_picked":["Unruled","Contraction"],"picked":"BottledTime","floor":11},{"not_picked":["MoonPhase","WasteNot"],"picked":"Collapse","floor":12},{"not_picked":["Unruled","Potential"],"picked":"DoubleEdge","floor":13},{"not_picked":["Deny","Potential"],"picked":"InstantArmor","floor":14},{"not_picked":["PendulumOfEternity","Sunlight"],"picked":"TheWorld","floor":16},{"not_picked":["DoubleEdge","Replace"],"picked":"Defy+1","floor":18},{"not_picked":["ReturningBlade","ShatteredReality+1"],"picked":"Dilation","floor":19},{"not_picked":["Revamp","Unruled"],"picked":"Sabotage","floor":19},{"not_picked":["WasteNot","Potential"],"picked":"StarChef","floor":19},{"not_picked":["Revamp","TheWorld"],"picked":"BestPractice","floor":20},{"not_picked":["Foresight","Potential","StarChef"],"picked":"SKIP","floor":23},{"not_picked":["ShiftingGears","SurpressingFire"],"picked":"Hightail","floor":25},{"not_picked":["RealityMarble+1","BottledTime"],"picked":"Alleviate+1","floor":31},{"not_picked":["Deny","Dilation"],"picked":"PendulumOfEternity","floor":33},{"not_picked":["Unruled","Rearm"],"picked":"Gouge","floor":35},{"not_picked":["Hightail+1","ReturningBlade+1"],"picked":"BestPractice+1","floor":37},{"not_picked":["Spin","TimeWarp"],"picked":"Rearm+1","floor":38}],"player_experience":114291,"relics_obtained":[{"floor":5,"key":"Juzu Bracelet"},{"floor":7,"key":"Bronze Scales"},{"floor":20,"key":"infinitespire:WardingShard"},{"floor":23,"key":"reliquary:Buckler"},{"floor":25,"key":"hubris:64BitClover"},{"floor":26,"key":"Ornamental Fan"}],"event_choices":[{"damage_healed":0,"gold_gain":0,"player_choice":"Ignored","damage_taken":0,"max_hp_gain":0,"max_hp_loss":0,"event_name":"NoteForYourself","floor":3,"gold_loss":0},{"damage_healed":0,"gold_gain":0,"player_choice":"Ignored","damage_taken":0,"max_hp_gain":0,"max_hp_loss":0,"event_name":"Vampires","floor":21,"gold_loss":0},{"damage_healed":0,"gold_gain":0,"player_choice":"Ignored","damage_taken":0,"max_hp_gain":0,"max_hp_loss":0,"event_name":"Beggar","floor":22,"gold_loss":0},{"cards_removed":["Collapse"],"damage_healed":0,"gold_gain":0,"player_choice":"Purged","damage_taken":0,"max_hp_gain":0,"max_hp_loss":0,"event_name":"Purifier","floor":28,"gold_loss":0},{"damage_healed":0,"gold_gain":0,"player_choice":"Paid","damage_taken":0,"relics_obtained":["Red Mask"],"max_hp_gain":0,"max_hp_loss":0,"event_name":"Tomb of Lord Red Mask","floor":36,"gold_loss":214},{"damage_healed":0,"gold_gain":0,"player_choice":"Fight","damage_taken":0,"max_hp_gain":0,"max_hp_loss":0,"event_name":"OrinTheCat","floor":39,"gold_loss":0}],"is_beta":false,"boss_relics":[{"not_picked":["conspire:SeveredTorchhead","hubris:VirtuousBlindfold"],"picked":"reliquary:Ember"},{"not_picked":["ChewingGum","Replay:Bronze Core"],"picked":"Astrolabe"}],"items_purged_floors":[],"is_endless":false,"potions_floor_spawned":[1,12,13,14,23,25,33,35,38],"killed_by":"Orin","ascension_level":0}}