{"host":"80x1ozqd5wpd4nvo","time":1612995584,"event":{"mods":["2.2 Compatiblity","Aspiration","BaseMod","Better Altar","Better Match","Better Note","Better Sensory Stone","Better Skull","Better Third Choice","BetterRewards","Card Forge","Custom Start","DNKmod","Defuse TimeMaze Blight","Dota2Spire","Energized Spire","Fireblade Mod","Friendly Minions","GifTheSpireLib","Hubris","Infinite Spire","Jedi Mod","Minty Spire (QoL Compilation)","MostiFishMod","Permanent Neow","Poor People Problems","Shop Mod","Spicy Shops","StSLib","The Blue Laboratory","??????REMEMod"],"gold_per_floor":[1215,1215,277,291,291,335,335,375,400,421,437,458,498,511,511,639,639,662,737,737,248,261,277,302,127,127,171,171,194,194,214,214,338,338,362,266,291,312,312,312,325,325,349,374,374,399,414,449,449,449,449,449,119,154,154],"floor_reached":56,"language":"ENG","playtime":1962,"items_purged":["FireBladeMod:StrikeFireBlade"],"score":1548,"play_id":"c489a196-8f68-457b-8259-f902ddb55273","local_time":"20210210231944","is_ascension_mode":false,"campfire_choices":[{"data":"FireBladeMod:FireBarrier","floor":7,"key":"SMITH"},{"data":"FireBladeMod:SmokySwing","floor":15,"key":"SMITH"},{"data":"1","floor":28,"key":"LIFT"},{"data":"2","floor":30,"key":"LIFT"},{"data":"3","floor":32,"key":"LIFT"},{"data":"FireBladeMod:BattleStamina","floor":40,"key":"SMITH"},{"data":"FireBladeMod:BattleMage","floor":45,"key":"SMITH"},{"floor":49,"key":"RECALL"},{"data":"FireBladeMod:SmokeInTheEyes","floor":52,"key":"SMITH"}],"circlet_count":0,"master_deck":["FireBladeMod:FlamingSword","FireBladeMod:FireBarrier+1","FireBladeMod:Turtle","Flash of Steel","FireBladeMod:Robust","FireBladeMod:Tempo","FireBladeMod:Ignition","FireBladeMod:Speed","FireBladeMod:SmokySwing+1","FireBladeMod:DebilitatingBlow","FireBladeMod:ScorchingStrike","FireBladeMod:DeathBlade","FireBladeMod:RollWithTheBlow","FireBladeMod:RapidHits","FireBladeMod:IronEndurance","FireBladeMod:FerventSlash","FireBladeMod:BasicSmash","FireBladeMod:Improvise","FireBladeMod:FlashBang","FireBladeMod:GetPumped","FireBladeMod:Tempo","FireBladeMod:SmokeInTheEyes+1","FireBladeMod:Shove+1","MostiFishMod:Galeforce","FireBladeMod:BattleStamina+1","Scrape","FireBladeMod:Reposition+1","FireBladeMod:BattleMage+1","FireBladeMod:ScorchingCleave","MostiFishMod:SupremeArchaeology","FireBladeMod:AntiMagic","infinitespire:TheBestDefense","FireBladeMod:SmokeScreen","FireBladeMod:LayeredDefense","FireBladeMod:Shove"],"relics":["FireBladeMod:DuelistLocket","Hammer of Thor","Seething Fire","Anvil of the Gods","REME_ComplimentaryCards","DaveBox","aspiration:Nostalgia","infinitespire:DarkRift","SynthV:TestCard","Golden Idol","jedi:kaleidoscope","Civilization","jedi:archwizardhat","hubris:Icosahedron","jedi:crownofsimplicity","Dota2Spire:Butterfly","Bronze Scales","ArrowTower","Pandora\u0027s Box","PreservedInsect","jedi:heavyjacket","jedi:shrinkray","infinitespire:WardingShard","Girya","SentryEyes","RhineFirstAidKit","hubris:Towel","Blood Vial","Kunai","hubris:FunFungus","Dota2Spire:DivineRapier"],"acts_visited":["Exordium","TheCity","TheBeyond","TheEnding"],"potions_floor_usage":[13,41,41,50,55],"damage_taken":[{"damage":0,"enemies":"Small Slimes","floor":1,"turns":2},{"damage":0,"enemies":"Cultist","floor":4,"turns":2},{"damage":1,"enemies":"Lagavulin","floor":6,"turns":3},{"damage":0,"enemies":"3 Sentries","floor":8,"turns":4},{"damage":0,"enemies":"Jaw Worm","floor":10,"turns":2},{"damage":0,"enemies":"2 Fungi Beasts","floor":11,"turns":2},{"damage":0,"enemies":"Exordium Thugs","floor":12,"turns":2},{"damage":0,"enemies":"Gremlin Nob","floor":13,"turns":2},{"damage":0,"enemies":"Blue Slaver","floor":14,"turns":1},{"damage":55,"enemies":"Hexaghost","floor":16,"turns":3},{"damage":0,"enemies":"Shell Parasite","floor":18,"turns":2},{"damage":0,"enemies":"3 Byrds","floor":22,"turns":2},{"damage":0,"enemies":"Snake Plant","floor":23,"turns":2},{"damage":0,"enemies":"Chosen and Byrds","floor":24,"turns":2},{"damage":0,"enemies":"REME_1_Revenger","floor":27,"turns":3},{"damage":0,"enemies":"Centurion and Healer","floor":29,"turns":4},{"damage":0,"enemies":"Cultist and Chosen","floor":31,"turns":3},{"damage":0,"enemies":"Collector","floor":33,"turns":3},{"damage":0,"enemies":"3 Shapes","floor":35,"turns":2},{"damage":0,"enemies":"3 Darklings","floor":37,"turns":2},{"damage":0,"enemies":"Maw","floor":38,"turns":4},{"damage":5,"enemies":"Spire Growth","floor":41,"turns":3},{"damage":0,"enemies":"Jaw Worm Horde","floor":44,"turns":2},{"damage":0,"enemies":"Maw","floor":46,"turns":4},{"damage":0,"enemies":"Sphere and 2 Shapes","floor":47,"turns":2},{"damage":5,"enemies":"Nemesis","floor":48,"turns":3},{"damage":0,"enemies":"Time Eater","floor":50,"turns":6},{"damage":0,"enemies":"Shield and Spear","floor":54,"turns":4},{"damage":66,"enemies":"The Heart","floor":55,"turns":6}],"seed_played":"129665947375285300","potions_obtained":[{"floor":1,"key":"SpeedPotion"},{"floor":6,"key":"blueLaboratory:PhilterOfMotion"},{"floor":11,"key":"Dexterity Potion"},{"floor":14,"key":"blueLaboratory:RememoryPotion"},{"floor":29,"key":"EssenceOfSteel"},{"floor":33,"key":"blueLaboratory:FrostheartPotion"},{"floor":41,"key":"Dota2Spire:Clarity"},{"floor":44,"key":"LiquidBronze"}],"is_trial":false,"path_per_floor":["M","?","$","M","?","E","R","E","T","M","M","M","E","M","R","B",null,"M","?","?","$","M","M","M","$","T","E","R","M","R","M","R","B",null,"M","$","M","M","?","R","M","?","T","M","R","M","M","E","R","B",null,"R","$","E","B",null],"character_chosen":"THE_FIREBLADE","items_purchased":["jedi:kaleidoscope","Civilization","jedi:archwizardhat","Flash of Steel","FireBladeMod:Robust","PreservedInsect","jedi:heavyjacket","jedi:shrinkray","MostiFishMod:Galeforce","MostiFishMod:SupremeArchaeology","Kunai","hubris:FunFungus"],"campfire_rested":0,"item_purchase_floors":[3,3,3,3,3,21,21,21,25,36,53,53],"current_hp_per_floor":[100,92,92,93,93,94,94,99,99,104,109,114,119,124,124,74,130,135,122,145,145,150,155,160,160,160,165,165,170,170,175,175,180,180,185,185,190,195,195,195,195,144,144,149,149,154,159,159,159,225,225,225,225,230,173],"gold":154,"neow_bonus":"NOSTALGIA","is_daily":false,"chose_seed":false,"campfire_upgraded":5,"win_rate":0.0,"timestamp":1612995584,"path_taken":["M","?","?","?","?","E","R","E","T","M","M","M","E","M","R","BOSS","M","?","?","$","?","M","?","?","T","E","R","?","R","M","R","BOSS","M","$","M","M","?","R","M","?","T","M","R","M","M","E","R","BOSS","R","$","E","BOSS"],"items_purchased_type":["Relic","Relic","Relic","Card","Card","Relic","Relic","Relic","Card","Card","Relic","Relic"],"build_version":"2020-12-22","purchased_purges":1,"victory":true,"max_hp_per_floor":[100,92,92,93,93,95,95,100,100,105,110,115,120,125,125,130,130,135,135,145,145,150,155,160,160,160,165,165,170,170,175,175,180,180,185,185,190,195,195,195,200,200,200,205,205,210,215,220,220,225,225,225,225,230,235],"card_choices":[{"not_picked":["FireBladeMod:StingingSlash","FireBladeMod:RapidDodges"],"picked":"FireBladeMod:Turtle","floor":1},{"not_picked":["FireBladeMod:ComboCleave","FireBladeMod:AdrenalineBoost","FireBladeMod:ComboSlashes","FireBladeMod:WellPrepared"],"picked":"FireBladeMod:Tempo","floor":4},{"not_picked":["FireBladeMod:AbsorbEnergy","FireBladeMod:ComboSlashes","FireBladeMod:Flames","FireBladeMod:QuickJabs"],"picked":"FireBladeMod:Ignition","floor":6},{"not_picked":["FireBladeMod:SteadyEndurance","FireBladeMod:Shove","FireBladeMod:SpinningSmash","FireBladeMod:QuickJabs"],"picked":"FireBladeMod:Speed","floor":8},{"not_picked":["FireBladeMod:ComboCleave","FireBladeMod:Robust","FireBladeMod:SpinningSmash","FireBladeMod:AdrenalineBoost"],"picked":"FireBladeMod:SmokySwing","floor":10},{"not_picked":["FireBladeMod:SoulStrike","FireBladeMod:SteadyEndurance","FireBladeMod:ComplexDefense","FireBladeMod:SpinningSmash"],"picked":"FireBladeMod:DebilitatingBlow","floor":11},{"not_picked":["FireBladeMod:Robust","FireBladeMod:WellPrepared","FireBladeMod:StingingSlash","FireBladeMod:SpinningSmash"],"picked":"FireBladeMod:ScorchingStrike","floor":12},{"not_picked":["FireBladeMod:SoulStrike","FireBladeMod:SpinningSmash","FireBladeMod:BasicSmash","FireBladeMod:WellPrepared"],"picked":"FireBladeMod:DeathBlade","floor":13},{"not_picked":["FireBladeMod:SmashingEndurance","FireBladeMod:SteadyEndurance","FireBladeMod:IronEndurance","FireBladeMod:FinishingBarrage"],"picked":"FireBladeMod:RollWithTheBlow","floor":14},{"not_picked":["FireBladeMod:PyromancerForm","FireBladeMod:BattleStamina","FireBladeMod:Blitzkreig","FireBladeMod:LightningCombo"],"picked":"FireBladeMod:RapidHits","floor":16},{"not_picked":["FireBladeMod:EruptionSlash","FireBladeMod:HealthyEndurance+1","FireBladeMod:ScorchingStrike","FireBladeMod:Flames+1"],"picked":"FireBladeMod:Tempo","floor":18},{"not_picked":["FireBladeMod:BasicSmash+1","FireBladeMod:OverCharge","FireBladeMod:ComboCleave","FireBladeMod:ComplexAttack+1","FireBladeMod:SmokySwing"],"picked":"SKIP","floor":22},{"not_picked":["FireBladeMod:StingingSlash","FireBladeMod:HealthyEndurance+1","FireBladeMod:GetPumped","FireBladeMod:TorsoSmash"],"picked":"FireBladeMod:SmokeInTheEyes","floor":23},{"not_picked":["FireBladeMod:ComplexAttack","FireBladeMod:HealthyEndurance","FireBladeMod:Unbalance","FireBladeMod:Turtle+1"],"picked":"FireBladeMod:Shove+1","floor":24},{"not_picked":["FireBladeMod:ComboCleave+1","FireBladeMod:WellPrepared","FireBladeMod:ScorchingStrike+1","FireBladeMod:ArmSmash"],"picked":"FireBladeMod:BattleStamina","floor":27},{"not_picked":["FireBladeMod:FlashBang","FireBladeMod:StunningBlow+1","FireBladeMod:WellPrepared","FireBladeMod:AbsorbEnergy","FireBladeMod:ScorchingStrike"],"picked":"SKIP","floor":29},{"not_picked":["FireBladeMod:SteadyEndurance+1","FireBladeMod:IronEndurance","FireBladeMod:Shove+1","FireBladeMod:ThirstForBlood"],"picked":"FireBladeMod:Reposition+1","floor":31},{"not_picked":["FireBladeMod:AntiMagic","FireBladeMod:Improvise","FireBladeMod:GlassGreatsword","FireBladeMod:HellFire"],"picked":"FireBladeMod:BattleMage","floor":33},{"not_picked":["FireBladeMod:Speed","FireBladeMod:SmashingEndurance+1","FireBladeMod:Unbalance","FireBladeMod:BackhandSwing+1"],"picked":"FireBladeMod:ScorchingCleave","floor":35},{"not_picked":["FireBladeMod:WellPrepared+1","FireBladeMod:SpinningSmash+1","FireBladeMod:Flames+1","FireBladeMod:IronEndurance","FireBladeMod:Wildfire"],"picked":"SKIP","floor":37},{"not_picked":["FireBladeMod:SmokySwing+1","FireBladeMod:ComboSlashes+1","FireBladeMod:ComplexAttack","FireBladeMod:BackhandSwing+1","FireBladeMod:BasicSmash"],"picked":"SKIP","floor":38},{"not_picked":["FireBladeMod:SmokySwing+1","FireBladeMod:Shove","FireBladeMod:Arson","FireBladeMod:ComplexAttack"],"picked":"FireBladeMod:AntiMagic","floor":41},{"not_picked":["infinitespire:SealOfDarkness+","hubris:Rewind"],"picked":"infinitespire:TheBestDefense","floor":42},{"not_picked":["FireBladeMod:Turtle","FireBladeMod:BasicSmash+1","FireBladeMod:SmashingEndurance","FireBladeMod:DebilitatingBlow","FireBladeMod:SteadyEndurance"],"picked":"SKIP","floor":44},{"not_picked":["FireBladeMod:RollWithTheBlow+1","FireBladeMod:ScorchingStrike+1","FireBladeMod:SpinningSmash+1","FireBladeMod:ArmSmash"],"picked":"FireBladeMod:SmokeScreen","floor":46},{"not_picked":["FireBladeMod:ArmSmash+1","FireBladeMod:RapidHits","FireBladeMod:ComplexAttack+1","FireBladeMod:Shove","FireBladeMod:ComboCleave+1"],"picked":"SKIP","floor":47},{"not_picked":["FireBladeMod:QuickJabs","FireBladeMod:ComplexDefense+1","FireBladeMod:WellPrepared+1","FireBladeMod:SpiritEndurance"],"picked":"FireBladeMod:LayeredDefense","floor":48},{"not_picked":["FireBladeMod:SmashingEndurance+1","FireBladeMod:Feint+1","FireBladeMod:ComplexDefense","FireBladeMod:GetPumped"],"picked":"FireBladeMod:Shove","floor":54}],"player_experience":256424,"relics_obtained":[{"floor":1,"key":"SynthV:TestCard"},{"floor":6,"key":"jedi:crownofsimplicity"},{"floor":8,"key":"Dota2Spire:Butterfly"},{"floor":9,"key":"Bronze Scales"},{"floor":13,"key":"ArrowTower"},{"floor":26,"key":"infinitespire:WardingShard"},{"floor":27,"key":"Girya"},{"floor":48,"key":"Blood Vial"},{"floor":54,"key":"Dota2Spire:DivineRapier"}],"event_choices":[{"damage_healed":0,"gold_gain":0,"player_choice":"Lose Max HP","damage_taken":0,"relics_obtained":["Golden Idol"],"max_hp_gain":0,"max_hp_loss":8,"event_name":"Golden Idol","floor":2,"gold_loss":0},{"damage_healed":0,"gold_gain":75,"player_choice":"Touch","damage_taken":13,"max_hp_gain":0,"max_hp_loss":0,"event_name":"FaceTrader","floor":19,"gold_loss":0},{"cards_removed":["FireBladeMod:Blitzkreig"],"damage_healed":13,"gold_gain":0,"player_choice":"Offered Rare","damage_taken":0,"max_hp_gain":10,"max_hp_loss":0,"event_name":"Bonfire Elementals","floor":20,"gold_loss":0}],"is_beta":false,"boss_relics":[{"not_picked":["Runic Dome","JellyFishMachine"],"picked":"Pandora\u0027s Box"},{"not_picked":["Fusion Hammer","FireBladeMod:TigerClaw"],"picked":"RhineFirstAidKit"}],"items_purged_floors":[3],"is_endless":false,"potions_floor_spawned":[1,6,11,12,14,23,29,33,41,44,47],"ascension_level":0}}