{"host":"bdah08t7zwmeo3sv","time":1612973554,"event":{"mods":["2.2 Compatiblity","Act Like it!","BaseMod","Colored Map","Colored Powertips","Minty Spire (QoL Compilation)","Quick Restart","StSLib","The Animator","everything is the same but u backflip on backflip"],"gold_per_floor":[111,111,111,111,143,143,175,5,31,31,31,86,60,85,85,186,186,202,230,230,230,250,250,250,250,250,263,263,263,263],"floor_reached":29,"language":"ENG","playtime":1210,"items_purged":[],"score":242,"play_id":"38538c04-d134-4e1a-8aaa-d1da72b7a783","local_time":"20210210171234","is_ascension_mode":false,"campfire_choices":[{"floor":6.0,"key":"RECALL"},{"data":"animator:Arpeggio","floor":10.0,"key":"SMITH"},{"data":"animator:DolaSchwi","floor":15.0,"key":"SMITH"},{"floor":23.0,"key":"REST"},{"data":"animator:ElricAlphonse","floor":25.0,"key":"SMITH"},{"floor":28,"key":"REST"}],"circlet_count":0,"master_deck":["animator:Strike_NoGameNoLife","animator:Defend_NoGameNoLife","animator:Strike","animator:Strike","animator:Strike","animator:Defend","animator:Defend+1","animator:Defend","animator:DolaSchwi+1","animator:DolaCouronne","animator:DolaSchwi+1","animator:Arpeggio+1","animator:Alexander+1","animator:Millim+1","animator:Jibril+1","animator:IzunaHatsuse","animator:Saber+1","animator:PandorasActor","animator:Pride+1","animator:ElricAlphonse+1","animator:Shion+1"],"relics":["animator:LivingPicture","animator:TheMissingPiece","animator:PurgingStone","NeowsBlessing","Molten Egg 2","Red Skull","Membership Card","Mark of Pain","Red Mask","MutagenicStrength","InkBottle"],"acts_visited":[],"potions_floor_usage":[29],"damage_taken":[{"damage":0.0,"enemies":"Cultist","floor":1.0,"turns":1.0},{"damage":0.0,"enemies":"Jaw Worm","floor":5.0,"turns":1.0},{"damage":0.0,"enemies":"3 Sentries","floor":7.0,"turns":1.0},{"damage":7.0,"enemies":"Small Slimes","floor":14.0,"turns":2.0},{"damage":24.0,"enemies":"Hexaghost","floor":16.0,"turns":8.0},{"damage":18.0,"enemies":"3 Byrds","floor":18.0,"turns":4.0},{"damage":46.0,"enemies":"Masked Bandits","floor":19.0,"turns":4.0},{"damage":0.0,"enemies":"Chosen","floor":22.0,"turns":3.0},{"damage":40.0,"enemies":"Centurion and Healer","floor":27.0,"turns":5.0},{"damage":34,"enemies":"Shelled Parasite and Fungi","floor":29,"turns":3}],"seed_played":"6205596520775958276","potions_obtained":[{"floor":14.0,"key":"Swift Potion"},{"floor":19.0,"key":"Strength Potion"},{"floor":27.0,"key":"Energy Potion"}],"is_trial":false,"path_per_floor":["M","$","?","T","M","R","E","$","T","R","?","?","$","M","R","B",null,"M","?","?","?","M","R","?","R","T","M","R","M"],"character_chosen":"THE_ANIMATOR","items_purchased":["Membership Card","animator:Millim+1","animator:Jibril+1"],"campfire_rested":2,"item_purchase_floors":[8,8,13],"current_hp_per_floor":[66,66,53,53,53,53,53,53,53,53,53,53,53,46,46,22,66,48,2,2,24,24,43,43,43,43,11,30,0,0],"gold":263,"neow_bonus":"THREE_ENEMY_KILL","is_daily":false,"chose_seed":false,"campfire_upgraded":3,"win_rate":0.0,"timestamp":1612973554,"path_taken":["M","?","?","?","?","R","E","$","T","R","?","?","?","M","R","BOSS","M","?","?","?","M","R","?","R","T","M","R","M"],"items_purchased_type":["Relic","Card","Card"],"build_version":"2020-12-22","purchased_purges":0,"victory":false,"max_hp_per_floor":[66,66,66,66,66,66,66,66,66,66,66,66,66,66,66,66,66,66,66,66,66,66,66,66,66,66,66,66,66,66],"card_choices":[{"not_picked":["animator:ZankiKiguchi","animator:MaesHughes"],"picked":"animator:DolaSchwi","floor":1.0},{"not_picked":["animator:Illya","animator:NarberalGamma"],"picked":"animator:Arpeggio","floor":5.0},{"not_picked":["animator:Gluttony","animator:Scar+1"],"picked":"animator:Alexander+1","floor":7.0},{"not_picked":["animator:DolaRiku","animator:ChlammyZell"],"picked":"animator:IzunaHatsuse","floor":14.0},{"not_picked":["animator:Gilgamesh+1","animator:Ainz"],"picked":"animator:Saber+1","floor":16.0},{"not_picked":["animator:Genos+1","animator:ZankiKiguchi+1"],"picked":"animator:PandorasActor","floor":18.0},{"not_picked":["animator:ElricEdward+1","animator:RoyMustang+1"],"picked":"animator:Pride+1","floor":19.0},{"not_picked":["animator:TukaLunaMarceau","animator:WinryRockbell+1"],"picked":"animator:ElricAlphonse","floor":22.0},{"not_picked":["animator:Geryuganshoop+1","animator:Berserker+1"],"picked":"animator:Shion+1","floor":27.0}],"player_experience":43926,"relics_obtained":[{"floor":4.0,"key":"Molten Egg 2"},{"floor":7.0,"key":"Red Skull"},{"floor":19.0,"key":"Red Mask"},{"floor":26.0,"key":"InkBottle"}],"event_choices":[{"damage_healed":0.0,"max_hp_gain":0.0,"max_hp_loss":0.0,"gold_gain":0.0,"event_name":"Shining Light","player_choice":"Entered Light","floor":3.0,"gold_loss":0.0,"damage_taken":13.0,"cards_upgraded":["animator:Defend","animator:DolaSchwi"]},{"damage_healed":0.0,"max_hp_gain":0.0,"max_hp_loss":0.0,"gold_gain":0.0,"event_name":"Liars Game","player_choice":"Ignored","floor":11.0,"gold_loss":0.0,"damage_taken":0.0},{"damage_healed":0.0,"max_hp_gain":0.0,"max_hp_loss":0.0,"gold_gain":55.0,"event_name":"Golden Wing","player_choice":"Gained Gold","floor":12.0,"gold_loss":0.0,"damage_taken":0.0},{"damage_healed":0.0,"max_hp_gain":0.0,"max_hp_loss":0.0,"gold_gain":0.0,"event_name":"Masked Bandits","player_choice":"Fought Bandits","floor":19.0,"gold_loss":0.0,"damage_taken":0.0},{"damage_healed":0.0,"max_hp_gain":0.0,"max_hp_loss":0.0,"gold_gain":0.0,"event_name":"Drug Dealer","player_choice":"Inject Mutagens","floor":20.0,"gold_loss":0.0,"damage_taken":0.0,"relics_obtained":["MutagenicStrength"]},{"damage_healed":22.0,"max_hp_gain":0.0,"max_hp_loss":0.0,"gold_gain":0.0,"event_name":"The Library","player_choice":"Heal","floor":21.0,"gold_loss":0.0,"damage_taken":0.0},{"damage_healed":0.0,"max_hp_gain":0.0,"max_hp_loss":0.0,"gold_gain":0.0,"event_name":"Vampires","player_choice":"Ignored","floor":24.0,"gold_loss":0.0,"damage_taken":0.0}],"is_beta":false,"boss_relics":[{"not_picked":["Velvet Choker","Tiny House"],"picked":"Mark of Pain"}],"items_purged_floors":[],"is_endless":false,"potions_floor_spawned":[14,19,27],"killed_by":"Shelled Parasite and Fungi","ascension_level":0}}