{"host":"psh83vqabmtchp5z","time":1612957325,"event":{"mods":["AchievementEnabler","Aspiration","BaseMod","Better Altar","Better Match","Better Skull","Better Third Choice","Better Vampires","BetterRewards","Challenge The Spire","Conspire","Downfall","Gold Saver","Lobotomy","LobotomyExtend","Minty Spire (QoL Compilation)","Quick Restart","Relic Filter","Replay The Spire","Shop Mod","Spicy Shops","StSLib","óô»ðÖ¸ÄÏ"],"gold_per_floor":[229,255,267,279,303,363,375,387,417,447,470,505,517,514,543,660,672,684,707,729,760,792,804,816,845,874,906,936,963,345,115,130,229,229,229,248,248,262,272,272,272,272,286,286,312,50,50,69,89,89],"floor_reached":51,"language":"ZHS","playtime":7497,"items_purged":["sneckomod:Strike","sneckomod:Strike"],"score":779,"play_id":"a10683cd-dd3c-4cb3-84f3-8c8e6ebf7970","local_time":"20210210194205","is_ascension_mode":false,"campfire_choices":[{"data":"sneckomod:WideSting","floor":8.0,"key":"SMITH"},{"data":"Pot Of Greed","floor":13.0,"key":"SMITH"},{"data":"Regret","floor":18.0,"key":"PURGE"},{"data":"sneckomod:UnlimitedRolls","floor":35.0,"key":"SMITH"},{"data":"sneckomod:MasterEye","floor":42.0,"key":"SMITH"},{"data":"Pot Of Greed","floor":44.0,"key":"SMITH"},{"floor":47,"key":"REST"}],"circlet_count":0,"master_deck":["sneckomod:Strike","sneckomod:Defend","sneckomod:Defend","sneckomod:Defend+1","sneckomod:TailWhip","sneckomod:SnekBite","sneckomod:Unknown","sneckomod:Unknown","sneckomod:Restock","sneckomod:WideSting+1","sneckomod:WideSting","sneckomod:SoulDraw","Blind+1","sneckomod:UnendingSupply","sneckomod:UnknownX","sneckomod:UnknownUncommonSkill","sneckomod:SlitherStrike","sneckomod:Unknown0Cost","sneckomod:Nope","Pot Of Greed+1","Pot Of Greed","sneckomod:UnknownRareAttack","sneckomod:UnendingSupply","Pot Of Greed","sneckomod:UnlimitedRolls+1","sneckomod:UnknownUncommonSkill","sneckomod:UnknownUncommonSkill+1","sneckomod:UnknownCommonSkill+1","sneckomod:SoulRoll","sneckomod:SerpentMind","sneckomod:SoulRoll+1","sneckomod:ImprovisedGuard+1","sneckomod:UnknownClassGREEN","sneckomod:DiceBoulder+1","sneckomod:MasterEye+1","sneckomod:UnlimitedRolls","Pot Of Greed+1","sneckomod:QuickBite+1","sneckomod:ImprovisedGuard","sneckomod:SoulRoll","sneckomod:RainOfDice+1","expansioncontent:StudyTheSpire","sneckomod:UnendingSupply+1","sneckomod:Nope+1"],"relics":["sneckomod:SneckoSoul","aspiration:Lifesprig","Pen Nib","Toolbox","MawBank","LetterFromLob","aspiration:FetidBarrel","Lizard Tail","hexamod:BolsterEngine","War Paint","Grinning Jar","conspire:RoyalGoblet","conspire:DeflatedDodgeball","sneckomod:SneckoCommon","conspire:InfiniteJournal","conspire:TreasureMap","Smiling Mask","aspiration:Nostalgia","Slimebound:AbsorbEndCombat","aspiration:PoetsPen","conspire:DecoderRing","Letter Opener","Replay:Wax Seal","Mirror","Juzu Bracelet"],"acts_visited":["Exordium","TheCity","TheBeyond"],"potions_floor_usage":[],"damage_taken":[{"damage":0.0,"enemies":"Small Slimes","floor":2.0,"turns":2.0},{"damage":0.0,"enemies":"2 Louse","floor":5.0,"turns":1.0},{"damage":0.0,"enemies":"Cultist","floor":9.0,"turns":2.0},{"damage":15.0,"enemies":"Exordium Wildlife","floor":10.0,"turns":3.0},{"damage":0.0,"enemies":"Gremlin Gang","floor":11.0,"turns":1.0},{"damage":12.0,"enemies":"downfall:FleeingMerchant","floor":14.0,"turns":4.0},{"damage":0.0,"enemies":"2 Fungi Beasts","floor":15.0,"turns":2.0},{"damage":24.0,"enemies":"SI_SHIV_ARCHETYPE","floor":16.0,"turns":5.0},{"damage":9.0,"enemies":"3 Byrds","floor":19.0,"turns":4.0},{"damage":1.0,"enemies":"Chosen","floor":20.0,"turns":3.0},{"damage":31.0,"enemies":"Centurion and Healer","floor":21.0,"turns":5.0},{"damage":1.0,"enemies":"Snecko","floor":22.0,"turns":3.0},{"damage":27.0,"enemies":"Sentry and Sphere","floor":25.0,"turns":7.0},{"damage":0.0,"enemies":"Snake Plant","floor":26.0,"turns":2.0},{"damage":11.0,"enemies":"Snecko","floor":27.0,"turns":5.0},{"damage":5.0,"enemies":"Shelled Parasite and Fungi","floor":28.0,"turns":3.0},{"damage":2.0,"enemies":"Centurion and Healer","floor":29.0,"turns":4.0},{"damage":4.0,"enemies":"downfall:FleeingMerchant","floor":31.0,"turns":4.0},{"damage":2.0,"enemies":"Snake Plant","floor":32.0,"turns":3.0},{"damage":54.0,"enemies":"DF_ARCHETYPE_CLAW","floor":33.0,"turns":7.0},{"damage":20.0,"enemies":"Orb Walker","floor":36.0,"turns":4.0},{"damage":6.0,"enemies":"3 Shapes","floor":38.0,"turns":3.0},{"damage":13.0,"enemies":"3 Darklings","floor":39.0,"turns":2.0},{"damage":0.0,"enemies":"Transient","floor":43.0,"turns":5.0},{"damage":51.0,"enemies":"Nemesis","floor":45.0,"turns":5.0},{"damage":0.0,"enemies":"downfall:FleeingMerchant","floor":46.0,"turns":2.0},{"damage":0,"enemies":"Spire Growth","floor":48,"turns":3},{"damage":0,"enemies":"Jaw Worm Horde","floor":49,"turns":2},{"damage":47,"enemies":"IC_BLOCK_ARCHETYPE","floor":50,"turns":6}],"seed_played":"8784311827854975106","potions_obtained":[{"floor":2.0,"key":"champ:CounterPotion"},{"floor":10.0,"key":"FearPotion"},{"floor":15.0,"key":"sneckomod:DiceRollPotion"},{"floor":16.0,"key":"Energy Potion"},{"floor":20.0,"key":"Fruit Juice"},{"floor":26.0,"key":"DuplicationPotion"},{"floor":27.0,"key":"Swift Potion"},{"floor":28.0,"key":"Explosive Potion"},{"floor":29.0,"key":"BlessingOfTheForge"},{"floor":38.0,"key":"champ:CounterPotion"},{"floor":45.0,"key":"Adrenaline Potion"}],"is_trial":false,"path_per_floor":["R","M","?","?","M","T","T","R","M","M","M","T","R","$","M","B",null,"R","M","M","M","M","?","T","M","M","M","M","M","R","$","M","B",null,"R","M","?","M","M","?","T","R","M","R","E","$","R","M","M","B",null],"character_chosen":"THE_SNECKO","items_purchased":["sneckomod:WideSting","sneckomod:SoulDraw","aspiration:Lifesprig","Pen Nib","Toolbox","Blind","sneckomod:UnendingSupply","MawBank","sneckomod:SneckoCommon","conspire:InfiniteJournal","conspire:TreasureMap","Smiling Mask","sneckomod:MasterEye","aspiration:Nostalgia","Replay:Wax Seal","Mirror","Juzu Bracelet","expansioncontent:StudyTheSpire"],"campfire_rested":1,"item_purchase_floors":[1,1,1,1,1,1,1,1,30,30,30,30,31,31,46,46,46,46],"current_hp_per_floor":[90,90,90,78,78,78,78,78,78,63,63,63,63,51,51,33,90,90,81,80,54,53,53,53,26,26,15,10,8,8,4,2,18,95,95,80,80,78,65,70,70,70,70,70,32,34,62,64,64,21],"gold":89,"neow_bonus":"ONE_RANDOM_RARE_CARD","is_daily":false,"chose_seed":false,"campfire_upgraded":5,"win_rate":0.0,"timestamp":1612957325,"path_taken":["R","M","?","?","M","?","T","R","M","M","?","?","R","$","M","BOSS","R","M","M","M","?","?","T","M","M","?","M","?","R","?","M","BOSS","R","M","?","M","M","?","T","R","M","R","E","$","R","M","M","BOSS"],"items_purchased_type":["Card","Card","Relic","Relic","Relic","Card","Card","Relic","Relic","Relic","Relic","Relic","Card","Relic","Relic","Relic","Relic","Card"],"build_version":"2020-12-22","purchased_purges":2,"victory":true,"max_hp_per_floor":[90,90,90,90,90,90,90,90,90,90,90,90,90,90,90,90,90,90,90,90,95,95,95,95,95,95,95,95,95,95,95,95,95,95,95,95,95,95,95,95,95,95,95,95,95,95,95,95,95,95],"card_choices":[{"not_picked":["sneckomod:DiceCrush","sneckomod:Nope"],"picked":"sneckomod:UnknownX","floor":2.0},{"not_picked":["sneckomod:UnknownCommonSkill","sneckomod:ImprovisedGuard"],"picked":"sneckomod:UnknownUncommonSkill","floor":5.0},{"not_picked":["sneckomod:DefensiveFlair","sneckomod:DiceBlock"],"picked":"sneckomod:SlitherStrike","floor":9.0},{"not_picked":["sneckomod:DefensiveFlair","sneckomod:Nope"],"picked":"sneckomod:Unknown0Cost","floor":10.0},{"not_picked":["sneckomod:RainOfDice","sneckomod:DiceCrush"],"picked":"sneckomod:Nope","floor":11.0},{"not_picked":["sneckomod:UnknownUncommonAttack","sneckomod:UnknownClassTHE_CHAMP_GRAY"],"picked":"sneckomod:UnknownRareAttack","floor":14.0},{"not_picked":["sneckomod:RainOfDice","sneckomod:UnknownWeak"],"picked":"sneckomod:UnendingSupply","floor":15.0},{"not_picked":["sneckomod:UnknownBoss","sneckomod:Cheat"],"picked":"sneckomod:UnlimitedRolls","floor":16.0},{"not_picked":["sneckomod:Unknown2Cost","sneckomod:SoulCleanse","sneckomod:DiceCrush"],"picked":"SKIP","floor":19.0},{"not_picked":["sneckomod:RainOfDice","sneckomod:UnknownClassSLIMEBOUND"],"picked":"sneckomod:UnknownUncommonSkill","floor":20.0},{"not_picked":["sneckomod:UnknownClassSLIMEBOUND","sneckomod:DiceCrush"],"picked":"sneckomod:UnknownUncommonSkill+1","floor":21.0},{"not_picked":["sneckomod:SlitherStrike","sneckomod:UnknownClassTHE_CHAMP_GRAY"],"picked":"sneckomod:UnknownCommonSkill+1","floor":22.0},{"not_picked":["sneckomod:UnknownClassTHE_CHAMP_GRAY","sneckomod:UnknownUncommonAttack","sneckomod:WideSting+1"],"picked":"SKIP","floor":25.0},{"not_picked":["sneckomod:UnknownClassTHE_CHAMP_GRAY","sneckomod:UnknownDraw+1"],"picked":"sneckomod:SoulRoll","floor":26.0},{"not_picked":["sneckomod:UnknownCommonSkill","sneckomod:UnknownCommonAttack"],"picked":"sneckomod:SerpentMind","floor":27.0},{"not_picked":["sneckomod:SerpentIdol","sneckomod:UnknownClassTHE_CHAMP_GRAY"],"picked":"sneckomod:SoulRoll+1","floor":28.0},{"not_picked":["sneckomod:UnknownCommonAttack","sneckomod:IronFang"],"picked":"sneckomod:ImprovisedGuard+1","floor":29.0},{"not_picked":["sneckomod:DangerNoodle","sneckomod:SoulDraw+1"],"picked":"sneckomod:DiceBoulder+1","floor":31.0},{"not_picked":["sneckomod:UnknownBlock","sneckomod:DiceCrush","sneckomod:UnknownCommonSkill"],"picked":"SKIP","floor":32.0},{"not_picked":["sneckomod:Mudshield","sneckomod:Unknown3Cost"],"picked":"sneckomod:UnlimitedRolls","floor":33.0},{"not_picked":["sneckomod:DiceBlock","sneckomod:UnknownCommonAttack+1","sneckomod:UnknownUncommonSkill"],"picked":"SKIP","floor":36.0},{"not_picked":["sneckomod:Nope","sneckomod:DiceBlock"],"picked":"sneckomod:QuickBite+1","floor":38.0},{"not_picked":["sneckomod:ImprovisedAttack","sneckomod:UnknownDraw"],"picked":"sneckomod:ImprovisedGuard","floor":39.0},{"not_picked":["sneckomod:UnknownExhaust+1","sneckomod:UnknownBlock"],"picked":"sneckomod:SoulRoll","floor":43.0},{"not_picked":["sneckomod:UnknownClassTHE_CHAMP_GRAY+1","sneckomod:UnknownVulnerable+1"],"picked":"sneckomod:RainOfDice+1","floor":45.0},{"not_picked":["sneckomod:SlitherStrike+1","sneckomod:QuickMove"],"picked":"sneckomod:UnendingSupply+1","floor":48},{"not_picked":["sneckomod:IronFang","sneckomod:DefensiveFlair"],"picked":"sneckomod:Nope+1","floor":49}],"player_experience":615754,"relics_obtained":[{"floor":2.0,"key":"LetterFromLob"},{"floor":6.0,"key":"hexamod:BolsterEngine"},{"floor":7.0,"key":"War Paint"},{"floor":12.0,"key":"Grinning Jar"},{"floor":24.0,"key":"conspire:DeflatedDodgeball"},{"floor":41.0,"key":"conspire:DecoderRing"},{"floor":45.0,"key":"Letter Opener"}],"event_choices":[{"damage_healed":0.0,"max_hp_gain":0.0,"max_hp_loss":0.0,"gold_gain":0.0,"event_name":"Big Fish","player_choice":"Box","floor":3.0,"gold_loss":0.0,"damage_taken":0.0,"relics_obtained":["aspiration:FetidBarrel"],"cards_obtained":["Regret"]},{"damage_healed":0.0,"max_hp_gain":0.0,"max_hp_loss":0.0,"gold_gain":0.0,"event_name":"betterThird:BetterScrap","player_choice":"Relic ","floor":4.0,"gold_loss":0.0,"damage_taken":12.0,"cards_obtained":["Thunder Strike"]},{"damage_healed":0.0,"max_hp_gain":0.0,"max_hp_loss":0.0,"gold_gain":0.0,"event_name":"NoteForYourself","player_choice":"Ignored","floor":23.0,"gold_loss":0.0,"damage_taken":0.0},{"damage_healed":5.0,"max_hp_gain":0.0,"max_hp_loss":0.0,"gold_gain":0.0,"event_name":"betterSkull:BetterSkull","player_choice":"LEAVE ","floor":40.0,"gold_loss":0.0,"damage_taken":0.0,"cards_upgraded":[],"relics_obtained":[]}],"is_beta":false,"boss_relics":[{"not_picked":["sneckomod:SneckoBoss","aspiration:RandomNobGenerator"],"picked":"conspire:RoyalGoblet"},{"not_picked":["Velvet Choker","aspiration:IroncladSkillbook"],"picked":"aspiration:PoetsPen"}],"items_purged_floors":[30,30],"is_endless":false,"potions_floor_spawned":[2,10,15,16,20,26,27,28,29,38,45],"ascension_level":0}}