{"host":"pi8b3ffzwvxqztac","time":1612956007,"event":{"mods":["BaseMod","Colored Map","Custom Start","Downfall","Minty Spire (QoL Compilation)","StSLib"],"gold_per_floor":[114,125,56,56,70,70,105,124,149,149,166,55,84,100,100,204,204,224,239,285,285,87,87,11,11,35,35,55,55,55,5,5,100,100,114,124,74,74,91,91,91,91,91,0,0,0,13,29,29,29],"floor_reached":51,"language":"ENG","playtime":2418,"items_purged":["Strike_R","Strike_R","Power Through","Strike_R"],"score":804,"play_id":"76214962-6ad9-4b91-bfd2-620c99245111","local_time":"20210211002007","is_ascension_mode":true,"campfire_choices":[{"data":"Whirlwind","floor":6,"key":"SMITH"},{"data":"Armaments","floor":10,"key":"SMITH"},{"data":"Metallicize","floor":15,"key":"SMITH"},{"data":"Disarm","floor":23,"key":"SMITH"},{"data":"Demon Form","floor":27,"key":"SMITH"},{"data":"Metallicize","floor":29,"key":"SMITH"},{"data":"Metallicize","floor":32,"key":"SMITH"},{"data":"Reaper","floor":40,"key":"SMITH"},{"data":"Madness","floor":42,"key":"SMITH"},{"data":"Madness","floor":46,"key":"SMITH"},{"data":"Flame Barrier","floor":49,"key":"SMITH"}],"circlet_count":0,"master_deck":["Defend_R","Defend_R","Defend_R","Defend_R","Bash","Berserk+1","Whirlwind+1","Pommel Strike","Armaments+1","Metallicize+1","Flame Barrier+1","Battle Trance","Demon Form+1","Metallicize+1","Disarm+1","Metallicize+1","Ghostly Armor","Whirlwind+1","Madness+1","Madness+1","Reaper+1","Trip"],"relics":["Burning Blood","Omamori","Anchor","Smiling Mask","sneckomod:SneckoTalon","Guardian:PocketSentry","Blue Candle","hexamod:BolsterEngine","sneckomod:BlankCard","expansioncontent:StudyCardRelic","Pear","Red Mask"],"acts_visited":["Exordium","TheCity","TheBeyond"],"potions_floor_usage":[13,16,33,36,48],"damage_taken":[{"damage":4,"enemies":"Cultist","floor":1,"turns":3},{"damage":0,"enemies":"2 Louse","floor":2,"turns":2},{"damage":9,"enemies":"Jaw Worm","floor":5,"turns":4},{"damage":35,"enemies":"Lagavulin","floor":7,"turns":5},{"damage":14,"enemies":"Looter","floor":8,"turns":3},{"damage":0,"enemies":"3 Louse","floor":11,"turns":2},{"damage":15,"enemies":"Gremlin Nob","floor":13,"turns":4},{"damage":0,"enemies":"Exordium Wildlife","floor":14,"turns":5},{"damage":18,"enemies":"The Guardian","floor":16,"turns":11},{"damage":0,"enemies":"3 Byrds","floor":18,"turns":3},{"damage":3,"enemies":"Chosen","floor":19,"turns":6},{"damage":0,"enemies":"Sentry and Sphere","floor":28,"turns":6},{"damage":22,"enemies":"Collector","floor":33,"turns":10},{"damage":0,"enemies":"Orb Walker","floor":35,"turns":4},{"damage":15,"enemies":"3 Darklings","floor":36,"turns":4},{"damage":6,"enemies":"Writhing Mass","floor":39,"turns":8},{"damage":0,"enemies":"Jaw Worm Horde","floor":47,"turns":4},{"damage":5,"enemies":"3 Darklings","floor":48,"turns":4},{"damage":26,"enemies":"Time Eater","floor":50,"turns":7}],"seed_played":"6595348802062215286","potions_obtained":[{"floor":2,"key":"LiquidBronze"},{"floor":5,"key":"SkillPotion"},{"floor":7,"key":"PowerPotion"},{"floor":14,"key":"BloodPotion"},{"floor":18,"key":"hexamod:SoulburnPotion"},{"floor":36,"key":"SmokeBomb"},{"floor":47,"key":"Block Potion"}],"is_trial":false,"path_per_floor":["M","M","$","?","M","R","E","M","T","R","M","$","E","M","R","B",null,"M","M","T","?","$","R","$","?","T","R","M","R","?","$","R","B",null,"M","M","$","?","M","R","?","R","T","?","?","R","M","M","R","B",null],"character_chosen":"IRONCLAD","items_purchased":["Whirlwind","Flame Barrier","hexamod:BolsterEngine","Metallicize"],"campfire_rested":0,"item_purchase_floors":[3,12,22,24],"current_hp_per_floor":[80,80,80,80,77,77,48,40,40,40,46,46,37,43,43,31,68,74,77,77,72,72,72,72,72,72,72,78,78,78,78,78,62,76,80,71,71,61,61,61,61,61,71,71,71,71,77,90,90,90],"gold":29,"neow_bonus":"ONE_RANDOM_RARE_CARD","is_daily":false,"chose_seed":false,"campfire_upgraded":11,"win_rate":0.0,"timestamp":1612956007,"path_taken":["M","M","$","?","M","R","E","M","T","R","M","$","E","M","R","BOSS","M","?","?","?","?","R","$","?","T","R","M","R","?","$","R","BOSS","M","M","$","?","M","R","?","R","T","?","?","R","M","?","R","BOSS"],"items_purchased_type":["Card","Card","Relic","Card"],"build_version":"2020-12-22","purchased_purges":4,"victory":true,"max_hp_per_floor":[80,80,80,80,80,80,80,80,80,80,80,80,80,80,80,80,80,80,80,80,80,80,80,80,80,80,80,80,80,80,80,80,80,80,80,80,80,80,80,80,80,80,90,90,90,90,90,90,90,90],"card_choices":[{"not_picked":["Cleave","True Grit"],"picked":"Thunderclap","floor":1},{"not_picked":["Thunderclap","Sword Boomerang","Anger"],"picked":"SKIP","floor":2},{"not_picked":["Thunderclap","Sword Boomerang","Anger"],"picked":"SKIP","floor":2},{"not_picked":["Anger","Iron Wave"],"picked":"Pommel Strike","floor":5},{"not_picked":["Uppercut","Brutality"],"picked":"Armaments","floor":7},{"not_picked":["True Grit","Fire Breathing"],"picked":"Metallicize","floor":8},{"not_picked":["Flex","Rupture","Twin Strike"],"picked":"SKIP","floor":11},{"not_picked":["Cleave","Power Through","Body Slam"],"picked":"SKIP","floor":13},{"not_picked":["Anger","Dark Embrace"],"picked":"Battle Trance","floor":14},{"not_picked":["Berserk","Limit Break"],"picked":"Demon Form","floor":16},{"not_picked":["Iron Wave","Anger"],"picked":"Metallicize","floor":18},{"not_picked":["Sword Boomerang","Shockwave"],"picked":"Disarm","floor":19},{"not_picked":["Rampage+1","Evolve","Cleave"],"picked":"SKIP","floor":28},{"not_picked":["Rampage+1","Havoc+1","Clash"],"picked":"SKIP","floor":35},{"not_picked":["Clash+1","Clothesline"],"picked":"Whirlwind+1","floor":36},{"not_picked":["Clash","Sword Boomerang"],"picked":"Reaper","floor":39},{"not_picked":["Panache","Dramatic Entrance"],"picked":"Trip","floor":41},{"not_picked":["Headbutt+1","Evolve","Searing Blow+1"],"picked":"SKIP","floor":47},{"not_picked":["Clash","Headbutt","Burning Pact+1"],"picked":"SKIP","floor":48}],"player_experience":741278,"relics_obtained":[{"floor":7,"key":"Omamori"},{"floor":9,"key":"Anchor"},{"floor":13,"key":"Smiling Mask"},{"floor":20,"key":"Guardian:PocketSentry"},{"floor":26,"key":"sneckomod:BlankCard"},{"floor":43,"key":"Pear"}],"event_choices":[{"damage_healed":0,"gold_gain":0,"player_choice":"Upgraded","damage_taken":0,"max_hp_gain":0,"max_hp_loss":0,"event_name":"Upgrade Shrine","floor":4,"gold_loss":0,"cards_upgraded":["Berserk"]},{"damage_healed":0,"gold_gain":0,"cards_transformed":["Strike_R","Strike_R"],"player_choice":"Became Test Subject","damage_taken":0,"max_hp_gain":0,"max_hp_loss":0,"event_name":"Drug Dealer","floor":25,"gold_loss":0,"cards_obtained":["Power Through","Ghostly Armor"]},{"damage_healed":0,"gold_gain":0,"player_choice":"Embrace Madness","damage_taken":10,"max_hp_gain":0,"max_hp_loss":0,"event_name":"Winding Halls","floor":38,"gold_loss":0,"cards_obtained":["Madness","Madness"]},{"damage_healed":0,"gold_gain":0,"player_choice":"Memory 1","damage_taken":0,"max_hp_gain":0,"max_hp_loss":0,"event_name":"SensoryStone","floor":41,"gold_loss":0},{"damage_healed":0,"gold_gain":0,"player_choice":"Paid","damage_taken":0,"relics_obtained":["Red Mask"],"max_hp_gain":0,"max_hp_loss":0,"event_name":"Tomb of Lord Red Mask","floor":44,"gold_loss":91},{"cards_removed":["Thunderclap"],"damage_healed":0,"gold_gain":0,"player_choice":"Removed Attack","damage_taken":0,"max_hp_gain":0,"max_hp_loss":0,"event_name":"Falling","floor":45,"gold_loss":0}],"is_beta":false,"boss_relics":[{"not_picked":["Black Blood","Fusion Hammer"],"picked":"sneckomod:SneckoTalon"},{"not_picked":["Pandora\u0027s Box","SlaversCollar"],"picked":"expansioncontent:StudyCardRelic"}],"items_purged_floors":[12,22,31,37],"is_endless":false,"potions_floor_spawned":[2,5,7,14,18,19,36,47],"ascension_level":5}}