{"host":"rw1trt79hfpl7pom","time":1612949755,"event":{"mods":["BaseMod","Bestiary","Colored Map","Minty Spire (QoL Compilation)","Relic Stats","StSLib","SuperFastMode"],"gold_per_floor":[113,133,28,40,55,83,83,111,111,123,179,179,212,212,212,285,285,236,256,171,9,9,35,35,70,70,95,95,95,125,142,142,220,220,236,48,67,78,78,108,108,141,141,172,172,172,203,234,234,234,234,234,234,2,37,37],"floor_reached":57,"language":"ENG","playtime":4486,"items_purged":["Strike_R"],"score":3134,"play_id":"0bfdcac3-a43a-4a59-92aa-c130eb6bd89c","local_time":"20210210013555","is_ascension_mode":true,"campfire_choices":[{"data":"Wild Strike","floor":7.0,"key":"SMITH"},{"floor":12.0,"key":"REST"},{"data":"Shrug It Off","floor":15.0,"key":"SMITH"},{"data":"Armaments","floor":24.0,"key":"SMITH"},{"floor":29.0,"key":"RECALL"},{"data":"Berserk","floor":32.0,"key":"SMITH"},{"floor":41.0,"key":"DIG"},{"floor":46.0,"key":"DIG"},{"floor":49.0,"key":"DIG"},{"floor":53.0,"key":"DIG"}],"circlet_count":0,"master_deck":["AscendersBane","Strike_R+1","Strike_R+1","Strike_R+1","Strike_R+1","Defend_R+1","Defend_R+1","Defend_R+1","Defend_R+1","Bash","Disarm+1","Wild Strike+1","Shrug It Off+1","Infernal Blade","Spot Weakness","Feel No Pain","Hemokinesis","Ghostly Armor+1","Second Wind","Berserk+1","Reaper","Armaments+1","Feed","True Grit","Power Through","Corruption","Offering","Barricade","Shrug It Off+1","Immolate","Evolve","Twin Strike+1","Sword Boomerang+1","Burning Pact","Shrug It Off","Chrysalis","Evolve","Sword Boomerang+1","Feel No Pain","Shrug It Off","Havoc","Heavy Blade+1"],"relics":["Burning Blood","MealTicket","Bronze Scales","Boot","PreservedInsect","Meat on the Bone","HornCleat","War Paint","Black Star","Membership Card","White Beast Statue","Sundial","Self Forming Clay","InkBottle","Shovel","Gambling Chip","Bottled Tornado","Nloth\u0027s Gift","Pocketwatch","Bag of Marbles","Runic Cube","Medical Kit","Mango","WingedGreaves","Letter Opener","Happy Flower","Bottled Lightning","Strawberry","Ice Cream","Molten Egg 2","Omamori","StrikeDummy","Pen Nib","Blue Candle","Blood Vial","Ornamental Fan","Mummified Hand","Art of War","Oddly Smooth Stone"],"acts_visited":["Exordium","TheCity","TheBeyond","TheEnding"],"potions_floor_usage":[56],"damage_taken":[{"damage":5.0,"enemies":"Small Slimes","floor":1.0,"turns":5.0},{"damage":6.0,"enemies":"2 Louse","floor":2.0,"turns":3.0},{"damage":2.0,"enemies":"Jaw Worm","floor":4.0,"turns":5.0},{"damage":8.0,"enemies":"Looter","floor":5.0,"turns":4.0},{"damage":40.0,"enemies":"3 Sentries","floor":6.0,"turns":10.0},{"damage":28.0,"enemies":"Gremlin Nob","floor":8.0,"turns":4.0},{"damage":9.0,"enemies":"Lots of Slimes","floor":10.0,"turns":4.0},{"damage":10.0,"enemies":"Lagavulin Event","floor":11.0,"turns":3.0},{"damage":12.0,"enemies":"Lagavulin","floor":13.0,"turns":7.0},{"damage":10.0,"enemies":"The Guardian","floor":16.0,"turns":12.0},{"damage":17.0,"enemies":"2 Thieves","floor":18.0,"turns":5.0},{"damage":6.0,"enemies":"Shell Parasite","floor":19.0,"turns":8.0},{"damage":59.0,"enemies":"Slavers","floor":23.0,"turns":8.0},{"damage":26.0,"enemies":"Gremlin Leader","floor":25.0,"turns":4.0},{"damage":44.0,"enemies":"Slavers","floor":27.0,"turns":10.0},{"damage":10.0,"enemies":"Book of Stabbing","floor":30.0,"turns":6.0},{"damage":5.0,"enemies":"Snake Plant","floor":31.0,"turns":5.0},{"damage":47.0,"enemies":"Automaton","floor":33.0,"turns":11.0},{"damage":13.0,"enemies":"Orb Walker","floor":35.0,"turns":5.0},{"damage":23.0,"enemies":"3 Darklings","floor":37.0,"turns":7.0},{"damage":22.0,"enemies":"4 Shapes","floor":38.0,"turns":6.0},{"damage":26.0,"enemies":"Giant Head","floor":40.0,"turns":9.0},{"damage":6.0,"enemies":"Nemesis","floor":42.0,"turns":7.0},{"damage":48.0,"enemies":"Giant Head","floor":44.0,"turns":8.0},{"damage":6.0,"enemies":"Nemesis","floor":47.0,"turns":8.0},{"damage":32.0,"enemies":"Giant Head","floor":48.0,"turns":10.0},{"damage":30.0,"enemies":"Donu and Deca","floor":50.0,"turns":8.0},{"damage":31.0,"enemies":"Time Eater","floor":51.0,"turns":10.0},{"damage":66.0,"enemies":"Shield and Spear","floor":55.0,"turns":10.0},{"damage":74,"enemies":"The Heart","floor":56,"turns":10}],"seed_played":"4580803380644677370","potions_obtained":[{"floor":1.0,"key":"SkillPotion"},{"floor":10.0,"key":"EssenceOfSteel"},{"floor":13.0,"key":"Explosive Potion"},{"floor":16.0,"key":"SpeedPotion"},{"floor":18.0,"key":"DuplicationPotion"},{"floor":25.0,"key":"ElixirPotion"},{"floor":27.0,"key":"BlessingOfTheForge"},{"floor":30.0,"key":"Block Potion"},{"floor":31.0,"key":"Regen Potion"},{"floor":35.0,"key":"LiquidMemories"},{"floor":37.0,"key":"AttackPotion"},{"floor":38.0,"key":"GamblersBrew"},{"floor":42.0,"key":"EntropicBrew"},{"floor":44.0,"key":"SteroidPotion"},{"floor":48.0,"key":"DuplicationPotion"},{"floor":55.0,"key":"BloodPotion"}],"is_trial":false,"path_per_floor":["M","M","$","M","M","E","R","E","T","M","?","R","E","?","R","B",null,"M","M","?","$","?","E","R","E","T","E","?","R","E","M","R","B",null,"M","$","M","M","?","E","R","E","T","E","?","R","E","E","R","B","B",null,"R","$","E","B",null],"character_chosen":"IRONCLAD","items_purchased":["Shrug It Off","Membership Card","Immolate","Medical Kit","Evolve","Mummified Hand","Feel No Pain","Shrug It Off","Havoc"],"campfire_rested":1,"item_purchase_floors":[3,21,36,36,36,54,54,54,54],"current_hp_per_floor":[69,69,75,75,73,39,39,17,17,14,10,32,38,27,27,35,65,61,61,61,75,75,49,49,44,44,37,37,37,45,49,49,30,71,64,79,87,74,74,81,81,86,86,67,57,57,77,72,72,77,72,115,115,129,93,49],"gold":37,"neow_bonus":"RANDOM_COMMON_RELIC","is_daily":false,"chose_seed":false,"campfire_upgraded":4,"win_rate":0.0,"timestamp":1612949755,"path_taken":["M","M","$","M","M","E","R","E","T","M","?","R","E","?","R","BOSS","M","M","?","$","?","E","R","E","T","E","?","R","E","M","R","BOSS","M","?","M","M","?","E","R","E","T","E","?","R","E","E","R","BOSS","BOSS","R","$","E","BOSS"],"items_purchased_type":["Card","Relic","Card","Relic","Card","Relic","Card","Card","Card"],"build_version":"2020-12-22","purchased_purges":1,"victory":true,"max_hp_per_floor":[75,75,75,75,75,75,75,75,75,75,75,75,75,75,75,75,75,75,75,75,75,75,75,75,78,78,82,82,82,82,85,85,85,85,85,85,89,92,92,110,110,110,110,117,117,117,120,123,123,126,129,129,129,129,129,129],"relic_stats":{"Boot":[113],"Burning Blood":176,"Blood Vial":6,"Shovel":4,"Sundial":[22],"Mummified Hand":[16],"Gambling Chip":[32],"MealTicket":49,"InkBottle":[63],"Runic Cube":[51],"Happy Flower":[21],"counters":[30,212],"Self Forming Clay":[216],"Blue Candle":[0],"PreservedInsect":795,"Pen Nib":[6],"Letter Opener":[207],"War Paint":["Disarm","Ghostly Armor"],"Medical Kit":[48],"Ornamental Fan":[12],"Bronze Scales":[755],"Black Star":10,"Nloth\u0027s Gift":6,"Art of War":[2],"obtain_stats":[{"Ice Cream":44,"Regal Pillow":20,"Mango":40,"Bottled Tornado":27,"Boot":8,"Burning Blood":0,"Blood Vial":49,"HornCleat":13,"Shovel":26,"Sundial":23,"Mummified Hand":54,"Gambling Chip":27,"Strawberry":44,"MealTicket":0,"WingedGreaves":40,"InkBottle":25,"Runic Cube":34,"Happy Flower":42,"Self Forming Clay":25,"Blue Candle":48,"Oddly Smooth Stone":55,"PreservedInsect":9,"Pen Nib":48,"Omamori":47,"Letter Opener":41,"War Paint":14,"Medical Kit":36,"White Beast Statue":23,"Ornamental Fan":53,"Bronze Scales":6,"Molten Egg 2":46,"Black Star":17,"Nloth\u0027s Gift":28,"Bag of Marbles":30,"Art of War":55,"Membership Card":21,"Bottled Lightning":42,"StrikeDummy":47,"Meat on the Bone":11,"Pocketwatch":30},{"Ice Cream":24,"Regal Pillow":12,"Mango":22,"Bottled Tornado":15,"Boot":6,"Burning Blood":0,"Blood Vial":26,"HornCleat":9,"Shovel":14,"Sundial":13,"Mummified Hand":28,"Gambling Chip":15,"Strawberry":24,"MealTicket":0,"WingedGreaves":22,"InkBottle":14,"Runic Cube":18,"Happy Flower":23,"Self Forming Clay":14,"Blue Candle":26,"Oddly Smooth Stone":29,"PreservedInsect":6,"Pen Nib":26,"Omamori":25,"Letter Opener":22,"War Paint":9,"Medical Kit":19,"White Beast Statue":13,"Ornamental Fan":28,"Bronze Scales":5,"Molten Egg 2":24,"Black Star":10,"Nloth\u0027s Gift":15,"Bag of Marbles":16,"Art of War":29,"Membership Card":12,"Bottled Lightning":23,"StrikeDummy":25,"Meat on the Bone":8,"Pocketwatch":16},{"Ice Cream":156,"Regal Pillow":70,"Mango":141,"Bottled Tornado":92,"Boot":31,"Burning Blood":0,"Blood Vial":174,"HornCleat":45,"Shovel":82,"Sundial":78,"Mummified Hand":192,"Gambling Chip":92,"Strawberry":156,"MealTicket":0,"WingedGreaves":141,"InkBottle":82,"Runic Cube":114,"Happy Flower":148,"Self Forming Clay":82,"Blue Candle":174,"Oddly Smooth Stone":202,"PreservedInsect":31,"Pen Nib":174,"Omamori":164,"Letter Opener":141,"War Paint":45,"Medical Kit":119,"White Beast Statue":78,"Ornamental Fan":192,"Bronze Scales":27,"Molten Egg 2":156,"Black Star":57,"Nloth\u0027s Gift":92,"Bag of Marbles":98,"Art of War":202,"Membership Card":70,"Bottled Lightning":148,"StrikeDummy":164,"Meat on the Bone":38,"Pocketwatch":98}],"Meat on the Bone":144,"Pocketwatch":[56]},"card_choices":[{"not_picked":["Rupture","Power Through"],"picked":"Disarm","floor":1.0},{"not_picked":["Clash","Cleave"],"picked":"Wild Strike","floor":2.0},{"not_picked":["Thunderclap","Shrug It Off"],"picked":"Infernal Blade","floor":4.0},{"not_picked":["Flex","Perfected Strike"],"picked":"Spot Weakness","floor":5.0},{"not_picked":["Havoc","Blood for Blood"],"picked":"Feel No Pain","floor":6.0},{"not_picked":["Body Slam","Thunderclap"],"picked":"Hemokinesis","floor":8.0},{"not_picked":["True Grit","Pommel Strike"],"picked":"Ghostly Armor","floor":10.0},{"not_picked":["Warcry","Body Slam"],"picked":"Second Wind","floor":11.0},{"not_picked":["Anger","Shrug It Off"],"picked":"Berserk","floor":13.0},{"not_picked":["Corruption","Impervious"],"picked":"Reaper","floor":16.0},{"not_picked":["Clash","Body Slam"],"picked":"Armaments","floor":18.0},{"not_picked":["Twin Strike","Perfected Strike","Infernal Blade"],"picked":"SKIP","floor":19.0},{"not_picked":["Infernal Blade+1","Power Through"],"picked":"Feed","floor":23.0},{"not_picked":["Juggernaut","Wild Strike+1"],"picked":"True Grit","floor":25.0},{"not_picked":["Cleave","Pommel Strike"],"picked":"Power Through","floor":27.0},{"not_picked":["Sentinel","Feel No Pain+1"],"picked":"Corruption","floor":30.0},{"not_picked":["Anger","Rupture"],"picked":"Offering","floor":31.0},{"not_picked":["Juggernaut","Feed"],"picked":"Barricade","floor":33.0},{"not_picked":["Havoc","Dual Wield"],"picked":"Shrug It Off+1","floor":35.0},{"not_picked":["Carnage","Anger"],"picked":"Twin Strike+1","floor":37.0},{"not_picked":["Intimidate","Corruption"],"picked":"Juggernaut","floor":38.0},{"not_picked":["Burning Pact","Headbutt"],"picked":"Sword Boomerang+1","floor":40.0},{"not_picked":["Clothesline","Combust"],"picked":"Burning Pact","floor":42.0},{"not_picked":["Second Wind","Rupture"],"picked":"Shrug It Off","floor":44.0},{"not_picked":["Panacea","Good Instincts"],"picked":"Chrysalis","floor":45.0},{"not_picked":["Pommel Strike+1","Carnage+1"],"picked":"Evolve","floor":47.0},{"not_picked":["Double Tap","Twin Strike+1"],"picked":"Sword Boomerang+1","floor":48.0},{"not_picked":["Clash+1","Cleave+1"],"picked":"Heavy Blade+1","floor":55.0}],"player_experience":2673818,"relics_obtained":[{"floor":6.0,"key":"Bronze Scales"},{"floor":8.0,"key":"Boot"},{"floor":9.0,"key":"PreservedInsect"},{"floor":11.0,"key":"Meat on the Bone"},{"floor":13.0,"key":"HornCleat"},{"floor":23.0,"key":"White Beast Statue"},{"floor":23.0,"key":"Sundial"},{"floor":25.0,"key":"Self Forming Clay"},{"floor":25.0,"key":"InkBottle"},{"floor":26.0,"key":"Shovel"},{"floor":27.0,"key":"Gambling Chip"},{"floor":27.0,"key":"Bottled Tornado"},{"floor":30.0,"key":"Pocketwatch"},{"floor":30.0,"key":"Bag of Marbles"},{"floor":40.0,"key":"Mango"},{"floor":40.0,"key":"WingedGreaves"},{"floor":41.0,"key":"Letter Opener"},{"floor":42.0,"key":"Happy Flower"},{"floor":42.0,"key":"Bottled Lightning"},{"floor":44.0,"key":"Strawberry"},{"floor":44.0,"key":"Ice Cream"},{"floor":46.0,"key":"Molten Egg 2"},{"floor":47.0,"key":"Omamori"},{"floor":47.0,"key":"StrikeDummy"},{"floor":48.0,"key":"Pen Nib"},{"floor":48.0,"key":"Blue Candle"},{"floor":49.0,"key":"Blood Vial"},{"floor":53.0,"key":"Ornamental Fan"},{"floor":55.0,"key":"Art of War"},{"floor":55.0,"key":"Oddly Smooth Stone"}],"event_choices":[{"damage_healed":0.0,"max_hp_gain":0.0,"max_hp_loss":0.0,"gold_gain":0.0,"event_name":"Dead Adventurer","player_choice":"Searched \u00271\u0027 times","floor":11.0,"gold_loss":0.0,"damage_taken":0.0},{"damage_healed":0.0,"max_hp_gain":0.0,"max_hp_loss":0.0,"gold_gain":0.0,"event_name":"Scrap Ooze","player_choice":"Success","floor":14.0,"gold_loss":0.0,"damage_taken":11.0,"relics_obtained":["War Paint"]},{"damage_healed":0.0,"max_hp_gain":0.0,"max_hp_loss":0.0,"gold_gain":0.0,"event_name":"Addict","player_choice":"Obtained Relic","floor":20.0,"gold_loss":85.0,"damage_taken":0.0,"relics_obtained":["Regal Pillow"]},{"damage_healed":0.0,"max_hp_gain":0.0,"max_hp_loss":0.0,"gold_gain":0.0,"event_name":"Back to Basics","player_choice":"Simplicity","floor":22.0,"gold_loss":0.0,"damage_taken":0.0,"cards_upgraded":["Strike_R","Strike_R","Strike_R","Strike_R","Defend_R","Defend_R","Defend_R","Defend_R"]},{"damage_healed":0.0,"max_hp_gain":0.0,"max_hp_loss":0.0,"gold_gain":0.0,"event_name":"N\u0027loth","player_choice":"Traded Relic","floor":28.0,"relics_lost":["Regal Pillow"],"gold_loss":0.0,"damage_taken":0.0,"relics_obtained":["Nloth\u0027s Gift"]},{"cards_removed":["Juggernaut"],"damage_healed":0.0,"max_hp_gain":0.0,"max_hp_loss":0.0,"gold_gain":0.0,"event_name":"Falling","player_choice":"Removed Power","floor":39.0,"gold_loss":0.0,"damage_taken":0.0},{"damage_healed":0.0,"max_hp_gain":0.0,"max_hp_loss":0.0,"gold_gain":0.0,"event_name":"SensoryStone","player_choice":"Memory 3","floor":45.0,"gold_loss":0.0,"damage_taken":10.0}],"is_beta":false,"boss_relics":[{"not_picked":["Tiny House","Empty Cage"],"picked":"Black Star"},{"not_picked":["Pandora\u0027s Box","Mark of Pain"],"picked":"Runic Cube"}],"items_purged_floors":[3],"is_endless":false,"potions_floor_spawned":[1,10,13,16,18,19,25,27,30,31,33,35,37,38,40,42,44,47,48,55],"ascension_level":20}}