{"host":"9rqk712yu6s3287p","time":1612961180,"event":{"mods":["Act Like it!","BaseMod","CapriCore","Chen","Gensokyo","Googly Eyes","Marisa£®ÏF”Í°°ƒß¿Ì…≥£©","Minty Spire (QoL Compilation)","Onozuka Komachi Mod","Reimu£®≤©¿ˆ¡È√Œ£©","Remilia_Scarlet Moed£®¿Ÿ√◊¿Ú—«°§Àπø®¿◊Ãÿ£©3.3.5","Remilia£®¿Ÿ√◊¿Ú—«£©","RumiaBox-¬∂√◊Ê´µƒ…Ò√ÿ∫–◊”","StSLib","The Administrix","The Immortal","The Servant 0.9.4","Yakumo Yukari mod","Youmu£®ªÍ∆«—˝√Œ£©","Yuyuko"],"gold_per_floor":[110,110,110,110,122,139,173,248,248,248,277,301,301,301,301,396,396,415,415,415,429,446,446,464,481,481,481,510,216,234,253,253,357,357,371,351,48,67,85,85,134,134,134],"floor_reached":42,"language":"ZHS","playtime":1648,"items_purged":[],"score":491,"play_id":"47330581-af46-4ab5-98b7-b1e39901c3a5","local_time":"20210210204620","is_ascension_mode":false,"campfire_choices":[{"data":"RemiliaMod:CZXSJ","floor":10,"key":"SMITH"},{"data":"RemiliaMod:CNLCSZL","floor":13,"key":"SMITH"},{"floor":15,"key":"REST"},{"data":"RemiliaMod:CJNFWZL","floor":23,"key":"SMITH"},{"data":"RemiliaMod:CPYSNL","floor":27,"key":"SMITH"},{"floor":32,"key":"RECALL"},{"data":"RemiliaMod:CAattack","floor":40,"key":"SMITH"}],"circlet_count":0,"master_deck":["RemiliaMod:Scratch","RemiliaMod:Scratch","RemiliaMod:Scratch","RemiliaMod:Scratch","RemiliaMod:Defend+1","RemiliaMod:Defend","RemiliaMod:Defend","RemiliaMod:Defend","RemiliaMod:CNLCSZL+1","RemiliaMod:CAattack+1","RemiliaMod:CPQHZZ","RemiliaMod:CJNWYXD2+1","RemiliaMod:CJNWYXD3","RemiliaMod:CZXSJ+1","RemiliaMod:CPYSNL+1","RemiliaMod:CJNFWZL+1","RemiliaMod:CJNXRFZ","RemiliaMod:CJNWYXD3"],"relics":["RemiliaMod:RXiangDui","RemiliaMod:RFkXt","RemiliaMod:RWYXT","Juzu Bracelet","Nunchaku","Mercury Hourglass","Anchor","Art of War","Question Card","Odd Mushroom","Toy Ornithopter","AddBug","Art of War","Enchiridion","Art of War","RemiliaMod:RXiangDui","Tiny Chest","Strawberry","Omamori","RemiliaMod:RHW","Question Card","TheAbacus","Pen Nib","Ccalipers"],"acts_visited":["Exordium","TheCity","TheBeyond"],"potions_floor_usage":[33,42],"damage_taken":[{"damage":3,"enemies":"Jaw Worm","floor":1,"turns":3},{"damage":9,"enemies":"Small Slimes","floor":5,"turns":3},{"damage":0,"enemies":"2 Louse","floor":6,"turns":2},{"damage":0,"enemies":"Lagavulin","floor":7,"turns":3},{"damage":16,"enemies":"The Mushroom Lair","floor":11,"turns":3},{"damage":15,"enemies":"Hexaghost","floor":16,"turns":4},{"damage":4,"enemies":"2 Thieves","floor":18,"turns":3},{"damage":0,"enemies":"Spheric Guardian","floor":21,"turns":3},{"damage":0,"enemies":"Snecko","floor":22,"turns":2},{"damage":0,"enemies":"Shelled Parasite and Fungi","floor":24,"turns":3},{"damage":0,"enemies":"Chosen and Byrds","floor":25,"turns":4},{"damage":32,"enemies":"Slavers","floor":28,"turns":6},{"damage":2,"enemies":"Centurion and Healer","floor":30,"turns":5},{"damage":0,"enemies":"Shelled Parasite and Fungi","floor":31,"turns":4},{"damage":15,"enemies":"Champ","floor":33,"turns":5},{"damage":19,"enemies":"3 Darklings","floor":35,"turns":4},{"damage":0,"enemies":"Orb Walker","floor":38,"turns":3},{"damage":0,"enemies":"Writhing Mass","floor":39,"turns":4},{"damage":96,"enemies":"Remilia_Byz","floor":42,"turns":5}],"seed_played":"-6227810944530178341","potions_obtained":[{"floor":1,"key":"Weak Potion"},{"floor":7,"key":"Dexterity Potion"},{"floor":11,"key":"GamblersBrew"},{"floor":18,"key":"Dexterity Potion"},{"floor":36,"key":"DistilledChaos"}],"is_trial":false,"path_per_floor":["M","?","?","?","M","M","E","?","T","R","?","T","R","?","R","B",null,"M","?","?","M","M","R","M","M","T","R","E","$","M","M","R","B",null,"M","?","$","M","M","R","T","?"],"character_chosen":"Remilia_Scarlet_Modee","items_purchased":["Strawberry","Omamori","TheAbacus","Pen Nib"],"campfire_rested":1,"item_purchase_floors":[29,29,37,37],"current_hp_per_floor":[73,55,55,55,56,57,60,49,49,49,36,36,36,21,43,43,75,75,59,59,74,75,75,75,75,75,75,49,56,82,82,82,76,82,75,75,75,82,82,82,82,2,2],"gold":134,"neow_bonus":"RANDOM_COMMON_RELIC","is_daily":false,"chose_seed":false,"campfire_upgraded":5,"win_rate":0.0,"timestamp":1612961180,"path_taken":["M","?","?","?","M","M","E","?","T","R","?","?","R","?","R","BOSS","M","?","?","M","M","R","M","M","T","R","E","?","M","M","R","BOSS","M","?","?","M","M","R","?","?"],"items_purchased_type":["Relic","Relic","Relic","Relic"],"build_version":"2020-12-22","purchased_purges":0,"victory":false,"max_hp_per_floor":[75,75,75,75,75,75,75,75,75,75,75,75,75,75,75,75,75,75,75,75,75,75,75,75,75,75,75,75,82,82,82,82,82,82,82,82,82,82,82,82,82,82,82],"card_choices":[{"not_picked":["RemiliaMod:CJNXRFZ","RemiliaMod:CFPMJ"],"picked":"RemiliaMod:CPQHZZ","floor":1},{"not_picked":["RemiliaMod:CJDB","RemiliaMod:CMPC"],"picked":"RemiliaMod:CJNWYXD2","floor":5},{"not_picked":["RemiliaMod:CPZQ","RemiliaMod:CJNWYXD"],"picked":"RemiliaMod:CJNWYXD3","floor":6},{"not_picked":["RemiliaMod:CPFWZL","RemiliaMod:CMABianfuzhen"],"picked":"RemiliaMod:CZXSJ","floor":7},{"not_picked":["RemiliaMod:CPQHZZ","RemiliaMod:CJNWYXD","RemiliaMod:CPJHZZ"],"picked":"RemiliaMod:CPYSNL","floor":11},{"not_picked":["RemiliaMod:CPBZMF","RemiliaMod:CBYZLC","RemiliaMod:CJNCMSS"],"picked":"RemiliaMod:CJNFWZL","floor":16},{"not_picked":["RemiliaMod:CD6B+1","RemiliaMod:CXXSJ","RemiliaMod:CJNWYXD"],"picked":"RemiliaMod:CJNXRFZ","floor":18},{"not_picked":["RemiliaMod:CD6B","RemiliaMod:CFxAttack","RemiliaMod:CPXRNL+1","RemiliaMod:CPJHZZ"],"picked":"SKIP","floor":21},{"not_picked":["RemiliaMod:CDB+1","RemiliaMod:CHQS","RemiliaMod:CJNWYXD","RemiliaMod:CPQHZZ"],"picked":"SKIP","floor":22},{"not_picked":["RemiliaMod:CJNXRFZ","RemiliaMod:CJNSJDF","RemiliaMod:CPQHZZ","RemiliaMod:CJNMJFZ+1"],"picked":"SKIP","floor":24},{"not_picked":["RemiliaMod:CJNMJFZ","RemiliaMod:CMPC","RemiliaMod:CJDB+1","RemiliaMod:CJNWYXD+1"],"picked":"SKIP","floor":25},{"not_picked":["RemiliaMod:CPFWZL","RemiliaMod:CJDB","RemiliaMod:CJNLLFZ+1","RemiliaMod:CJNMJFZ+1"],"picked":"SKIP","floor":28},{"not_picked":["RemiliaMod:CMPA","RemiliaMod:CZXSJ","RemiliaMod:CPJHZZ+1","RemiliaMod:CJDB"],"picked":"SKIP","floor":30},{"not_picked":["RemiliaMod:CJNHS","RemiliaMod:CJNXRFZ","RemiliaMod:CFxAttack","RemiliaMod:CJNWYXD"],"picked":"SKIP","floor":31},{"not_picked":["RemiliaMod:CNLCSZL","RemiliaMod:CDXSJ","RemiliaMod:CYYRS"],"picked":"RemiliaMod:CJNWYXD3","floor":33},{"not_picked":["RemiliaMod:CJNGSYD","RemiliaMod:CJNMJFZ","RemiliaMod:CJNXRFZ+1","RemiliaMod:CPFWZL+1"],"picked":"SKIP","floor":35},{"not_picked":["RemiliaMod:CFPMJ","RemiliaMod:CJDB","RemiliaMod:CJNWYXD+1","RemiliaMod:CFPLL","RemiliaMod:CPQHZZ"],"picked":"SKIP","floor":38},{"not_picked":["RemiliaMod:CMPC","RemiliaMod:CFxAttack","RemiliaMod:CXXSJ+1","RemiliaMod:CFPDMJ+1","RemiliaMod:CJNGSYD"],"picked":"SKIP","floor":39}],"player_experience":508487,"relics_obtained":[{"floor":7,"key":"Art of War"},{"floor":9,"key":"Question Card"},{"floor":11,"key":"Odd Mushroom"},{"floor":12,"key":"Toy Ornithopter"},{"floor":18,"key":"Art of War"},{"floor":19,"key":"Enchiridion"},{"floor":21,"key":"Art of War"},{"floor":25,"key":"RemiliaMod:RXiangDui"},{"floor":28,"key":"Tiny Chest"},{"floor":35,"key":"Question Card"},{"floor":41,"key":"Ccalipers"}],"event_choices":[{"damage_healed":0,"gold_gain":0,"player_choice":"Success","damage_taken":18,"relics_obtained":["Mercury Hourglass"],"max_hp_gain":0,"max_hp_loss":0,"event_name":"Scrap Ooze","floor":2,"gold_loss":0},{"damage_healed":0,"gold_gain":0,"player_choice":"Ignored","damage_taken":0,"max_hp_gain":0,"max_hp_loss":0,"event_name":"Liars Game","floor":3,"gold_loss":0},{"damage_healed":0,"gold_gain":0,"player_choice":"Gave Potion","damage_taken":0,"relics_obtained":["Anchor"],"max_hp_gain":0,"max_hp_loss":0,"event_name":"WeMeetAgain","floor":4,"gold_loss":0},{"damage_healed":0,"gold_gain":75,"player_choice":"Gather Gold","damage_taken":11,"max_hp_gain":0,"max_hp_loss":0,"event_name":"World of Goop","floor":8,"gold_loss":0},{"damage_healed":0,"gold_gain":0,"player_choice":"Fought Mushrooms","damage_taken":0,"max_hp_gain":0,"max_hp_loss":0,"event_name":"Mushrooms","floor":11,"gold_loss":0},{"damage_healed":0,"gold_gain":0,"player_choice":"Entered Light","damage_taken":15,"max_hp_gain":0,"max_hp_loss":0,"event_name":"Shining Light","floor":14,"gold_loss":0,"cards_upgraded":["RemiliaMod:Defend","RemiliaMod:CJNWYXD2"]},{"damage_healed":0,"gold_gain":0,"player_choice":"Obtained Book","damage_taken":16,"max_hp_gain":0,"max_hp_loss":0,"event_name":"Cursed Tome","floor":19,"gold_loss":0},{"damage_healed":0,"gold_gain":0,"player_choice":"Ignored","damage_taken":0,"max_hp_gain":0,"max_hp_loss":0,"event_name":"Vampires","floor":20,"gold_loss":0},{"damage_healed":0,"gold_gain":0,"player_choice":"Bought 1 Potion","damage_taken":0,"max_hp_gain":0,"max_hp_loss":0,"event_name":"The Woman in Blue","floor":36,"gold_loss":0}],"is_beta":false,"boss_relics":[{"not_picked":["Black Star","Busted Crown"],"picked":"AddBug"},{"not_picked":["EasyGame_NEW","Fusion Hammer"],"picked":"RemiliaMod:RHW"}],"items_purged_floors":[],"is_endless":false,"potions_floor_spawned":[1,7,11,18,21,24,30,38,39],"killed_by":"Remilia_Byz","ascension_level":0}}