{"host":"bg0cyinkrjnqf173","time":1612923192,"event":{"mods":["Aspiration","BaseMod","Beaked The Cultist","Better Third Choice","BetterRewards","Colored Map","Conspire","Custom Start","Defuse TimeMaze Blight","Displayed Cursed Tome","Googly Eyes","Halation","Hermit","Hubris","Infinite Spire","Jedi Mod","Minty Spire (QoL Compilation)","Permanent Neow","Quick Restart","Rare Cards Sparkle","Relic Sorter","Reliquary","Replay The Spire","Shop Mod","Spicy Shops","Spikes Relics","StSLib","The Bladedancer","The Construct","The Valiant","Uncapped"],"gold_per_floor":[118,53,108,118,130,130,159,159,159,171,171,171,28,42,42,142,142,153,167,167,167,180,198,214,214,57,57,80,80,107,107,107,107],"floor_reached":32,"language":"ENG","playtime":1066,"items_purged":[],"score":378,"play_id":"46873dad-9026-4154-bf17-f76e4b664ee4","local_time":"20210209211312","is_ascension_mode":true,"campfire_choices":[{"data":"Heavy Blade","floor":6.0,"key":"SMITH"},{"data":"Flex","floor":8.0,"key":"SMITH"},{"floor":15.0,"key":"REST"},{"floor":25.0,"key":"REST"},{"floor":27.0,"key":"REST"},{"floor":31.0,"key":"DIG"}],"circlet_count":0,"master_deck":["Strike_R","Strike_R","Strike_R+1","Strike_R","Defend_R","Defend_R","Defend_R","Defend_R+1","Bash+1","Heavy Blade+1","Flex+1","Warcry","Shrug It Off","Spot Weakness","Massacre","Demon Form","Flex","Whirlwind+1","hubris:ReadiedAction","Whirlwind+1","Apotheosis","Heavy Blade"],"relics":["Burning Blood","Blood Vial","Shovel","Membership Card","Runic Cube","DollysMirror","Centennial Puzzle","Kunai","Gremlin Horn"],"acts_visited":["TheCity"],"potions_floor_usage":[],"damage_taken":[{"damage":3.0,"enemies":"Small Slimes","floor":1.0,"turns":3.0},{"damage":2.0,"enemies":"2 Louse","floor":4.0,"turns":2.0},{"damage":6.0,"enemies":"Cultist","floor":5.0,"turns":3.0},{"damage":23.0,"enemies":"3 Sentries","floor":7.0,"turns":8.0},{"damage":24.0,"enemies":"Exordium Thugs","floor":10.0,"turns":4.0},{"damage":21.0,"enemies":"Lots of Slimes","floor":14.0,"turns":4.0},{"damage":27.0,"enemies":"Hexaghost","floor":16.0,"turns":7.0},{"damage":32.0,"enemies":"3 Byrds","floor":18.0,"turns":4.0},{"damage":25.0,"enemies":"2 Thieves","floor":19.0,"turns":3.0},{"damage":21.0,"enemies":"Snake Plant","floor":22.0,"turns":3.0},{"damage":12.0,"enemies":"Snecko","floor":23.0,"turns":2.0},{"damage":14.0,"enemies":"conspire:HollyBat","floor":24.0,"turns":8.0},{"damage":7.0,"enemies":"conspire:Head Lice","floor":30.0,"turns":4.0},{"damage":72,"enemies":"Nightmare","floor":32,"turns":4}],"seed_played":"6647405594975644263","potions_obtained":[{"floor":1.0,"key":"Death Potion"},{"floor":14.0,"key":"jedi:StrikingPotion"},{"floor":16.0,"key":"LiquidMemories"},{"floor":18.0,"key":"SpeedPotion"},{"floor":23.0,"key":"GamblersBrew"}],"is_trial":false,"path_per_floor":["M","$","?","M","M","R","E","R","T","M","?","?","$","M","R","B",null,"M","M","PTL","PTL","M","M","M","R","$","R","T","?","E","R","NM"],"character_chosen":"IRONCLAD","items_purchased":["Flex","Membership Card","DollysMirror","Apotheosis"],"campfire_rested":3,"item_purchase_floors":[2,13,26,26],"current_hp_per_floor":[80,80,80,80,80,80,63,63,63,47,47,31,31,18,42,23,80,54,37,37,37,24,20,14,38,38,62,62,62,63,63,0,0],"gold":107,"neow_bonus":"UPGRADE_CARD","is_daily":false,"chose_seed":false,"campfire_upgraded":2,"win_rate":0.0,"timestamp":1612923192,"path_taken":["M","$","?","M","M","R","E","R","T","M","?","?","?","M","R","BOSS","M","M","PTL","PTL","M","M","M","R","$","R","T","?","E","R","NM"],"items_purchased_type":["Card","Relic","Relic","Card"],"build_version":"2020-12-22","purchased_purges":0,"victory":false,"max_hp_per_floor":[80,80,80,80,80,80,80,80,80,80,80,80,80,80,80,80,80,80,80,80,80,80,80,80,80,80,80,80,80,80,80,80,80],"card_choices":[{"not_picked":["conspire:Charge","Armaments"],"picked":"Heavy Blade","floor":1.0},{"not_picked":["Massacre","Dropkick"],"picked":"Warcry","floor":4.0},{"not_picked":["Hemogenesis","Replay:Undeath\u0027s Touch"],"picked":"Shrug It Off","floor":5.0},{"not_picked":["Pummel","jedi:MakeshiftSword"],"picked":"Spot Weakness","floor":7.0},{"not_picked":["Body Slam","hubris:SharpeningStone"],"picked":"Massacre","floor":10.0},{"not_picked":["ReplayTheSpireMod:Strike From Hell","Intimidate","Dual Wield"],"picked":"SKIP","floor":14.0},{"not_picked":["jedi:strikingstrike","Reaper"],"picked":"Demon Form","floor":16.0},{"not_picked":["Headbutt","jedi:MakeshiftSword","Cleave"],"picked":"SKIP","floor":18.0},{"not_picked":["hubris:ReadiedAction","ReplayTheSpireMod:Strike From Hell"],"picked":"Flex","floor":19.0},{"not_picked":["Rampage+1","Burning Pact"],"picked":"Whirlwind+1","floor":22.0},{"not_picked":["Sword Boomerang","jedi:MakeshiftSword"],"picked":"hubris:ReadiedAction","floor":23.0},{"not_picked":["Bloodletting","Body Slam","Warcry"],"picked":"SKIP","floor":24.0},{"not_picked":["Anger+1","Metallicize"],"picked":"Heavy Blade","floor":30.0}],"player_experience":863039,"relics_obtained":[{"floor":7.0,"key":"Blood Vial"},{"floor":9.0,"key":"Shovel"},{"floor":28.0,"key":"Centennial Puzzle"},{"floor":30.0,"key":"Kunai"},{"floor":31.0,"key":"Gremlin Horn"}],"event_choices":[{"damage_healed":0.0,"max_hp_gain":0.0,"max_hp_loss":0.0,"gold_gain":55.0,"event_name":"Golden Wing","player_choice":"Gained Gold","floor":3.0,"gold_loss":0.0,"damage_taken":0.0},{"damage_healed":0.0,"max_hp_gain":0.0,"max_hp_loss":0.0,"gold_gain":0.0,"event_name":"betterThird:BetterSerpent","player_choice":"Ignored","floor":11.0,"gold_loss":0.0,"damage_taken":171.0},{"damage_healed":47.0,"max_hp_gain":0.0,"max_hp_loss":80.0,"gold_gain":0.0,"event_name":"betterThird:BetterShining","player_choice":"Upgrade","floor":12.0,"gold_loss":0.0,"damage_taken":16.0,"cards_upgraded":["Defend_R","Strike_R"]},{"cards_removed":["Strike_R"],"damage_healed":0.0,"max_hp_gain":0.0,"max_hp_loss":0.0,"gold_gain":0.0,"event_name":"betterThird:BetterWriting","player_choice":"Elegance","floor":29.0,"gold_loss":0.0,"damage_taken":0.0}],"is_beta":false,"boss_relics":[{"not_picked":["Velvet Choker","Astrolabe"],"picked":"Runic Cube"}],"items_purged_floors":[],"is_endless":false,"potions_floor_spawned":[1,14,16,18,19,23],"killed_by":"Nightmare","ascension_level":1}}