{"host":"Aki","time":1612952731,"event":{"mods":["Act Like it!","BaseMod","Custom Start","Minty Spire (QoL Compilation)","Quick Restart","Replay The Spire","StSLib","noobMod"],"gold_per_floor":[109,122,72,72,82,110,110,145,172,201,201,46,71,101,113,221,233,256,268,295,52,62,91,91,91,91,118,130,140,174,187,187,290,290,302,316,316,316,43,75,86,113,138,163,163,122,132,148,148,148,148,148,148,176,176],"floor_reached":56,"language":"ZHS","playtime":2012,"items_purged":["Strike_P","Defend_P","Defend_P","Clumsy"],"score":1698,"play_id":"e1eb63b2-d247-47e5-ab13-93e9a15c6e34","local_time":"20210210182531","is_ascension_mode":true,"campfire_choices":[{"data":"Eruption","floor":7.0,"key":"SMITH"},{"data":"WheelKick","floor":15.0,"key":"SMITH"},{"data":"BowlingBash","floor":24.0,"key":"SMITH"},{"data":"Halt","floor":32.0,"key":"SMITH"},{"floor":45,"key":"REST"},{"floor":49,"key":"RECALL"},{"floor":52,"key":"REST"}],"circlet_count":0,"master_deck":["Defend_P+1","Defend_P+1","Eruption+1","Vigilance","BowlingBash+1","WheelKick+1","TalkToTheHand+1","CrushJoints+1","Brilliance+1","DeusExMachina","Wallop+1","Replay:Battleflow","Halt+1","ReplayTheSpireMod:Trickstab","Scrawl+1","Adaptation+1","Adaptation"],"relics":["ice","VioletLotus","Orichalcum","Strawberry","Replay:Ringing Soul","Happy Flower","MawBank","Astrolabe","Nloth\u0027s Gift","Blue Doll","Kunai","Pantograph","ReplayFunnel","Oddly Smooth Stone","Busted Crown","Orrery","Replay:Bottled Eggs","ReplayTheSpireMod:Lightbulb","Gremlin Food","Dream Catcher","ReplayTheSpireMod:CursedCoin","ReplayTheSpireMod:TigerMarble"],"acts_visited":["Exordium","TheCity","TheBeyond","TheEnding"],"potions_floor_usage":[50,50,50],"damage_taken":[{"damage":5.0,"enemies":"Small Slimes","floor":1.0,"turns":3.0},{"damage":6.0,"enemies":"Jaw Worm","floor":2.0,"turns":5.0},{"damage":2.0,"enemies":"Cultist","floor":5.0,"turns":3.0},{"damage":19.0,"enemies":"Replay:BlueRogue","floor":6.0,"turns":8.0},{"damage":10.0,"enemies":"Gremlin Nob","floor":8.0,"turns":3.0},{"damage":30.0,"enemies":"Lagavulin","floor":10.0,"turns":6.0},{"damage":0.0,"enemies":"3 Sentries","floor":13.0,"turns":3.0},{"damage":0.0,"enemies":"Gremlin Gang","floor":14.0,"turns":3.0},{"damage":0.0,"enemies":"Slime Boss","floor":16.0,"turns":3.0},{"damage":15.0,"enemies":"3 Byrds","floor":18.0,"turns":4.0},{"damage":0.0,"enemies":"Spheric Guardian","floor":20.0,"turns":1.0},{"damage":12.0,"enemies":"Centurion and Healer","floor":22.0,"turns":2.0},{"damage":12.0,"enemies":"Book of Stabbing","floor":23.0,"turns":4.0},{"damage":40.0,"enemies":"Replay:Snechameleon","floor":27.0,"turns":4.0},{"damage":25.0,"enemies":"Snake Plant","floor":28.0,"turns":3.0},{"damage":10.0,"enemies":"Sentry and Sphere","floor":29.0,"turns":3.0},{"damage":16.0,"enemies":"Slavers","floor":30.0,"turns":3.0},{"damage":0.0,"enemies":"Cultist and Chosen","floor":31.0,"turns":4.0},{"damage":52.0,"enemies":"Champ","floor":33.0,"turns":12.0},{"damage":7.0,"enemies":"3 Shapes","floor":35.0,"turns":4.0},{"damage":0.0,"enemies":"3 Darklings","floor":36.0,"turns":2.0},{"damage":0,"enemies":"Giant Head","floor":40,"turns":5},{"damage":32,"enemies":"Maw","floor":41,"turns":5},{"damage":47,"enemies":"R_Hoarder","floor":42,"turns":5},{"damage":0,"enemies":"Giant Head","floor":44,"turns":4},{"damage":5,"enemies":"Transient","floor":47,"turns":5},{"damage":7,"enemies":"4 Shapes","floor":48,"turns":2},{"damage":79,"enemies":"Time Eater","floor":50,"turns":9},{"damage":264,"enemies":"Shield and Spear","floor":54,"turns":9},{"damage":11,"enemies":"The Heart","floor":55,"turns":4}],"seed_played":"-48089187899364855","potions_obtained":[{"floor":1.0,"key":"FearPotion"},{"floor":5.0,"key":"GamblersBrew"},{"floor":10.0,"key":"Fire Potion"},{"floor":14.0,"key":"Explosive Potion"},{"floor":16.0,"key":"SpeedPotion"},{"floor":20.0,"key":"ColorlessPotion"},{"floor":22.0,"key":"Energy Potion"},{"floor":23.0,"key":"Toxic Potion"},{"floor":30.0,"key":"LiquidBronze"},{"floor":33.0,"key":"Regen Potion"},{"floor":41,"key":"BlessingOfTheForge"},{"floor":42,"key":"EntropicBrew"}],"is_trial":false,"path_per_floor":["M","M","?","?","M","E","R","E","T","E","T","$","E","M","R","B",null,"M","?","M","$","M","E","R","$","T","E","M","M","E","M","R","B",null,"M","M","?","?","$","E","M","E","T","E","R","$","M","M","R","B",null,"R","$","E","B",null],"character_chosen":"WATCHER","items_purchased":["WheelKick","Blue Doll","Orrery","Adaptation","ReplayTheSpireMod:CursedCoin"],"campfire_rested":2,"item_purchase_floors":[12,21,39,46,46],"current_hp_per_floor":[67,61,61,58,56,44,44,37,37,7,7,10,10,10,10,13,91,76,76,76,76,64,52,52,52,52,94,72,65,49,52,52,109,109,102,102,95,98,98,98,66,19,19,19,55,58,53,46,46,124,124,124,124,123,310],"gold":176,"neow_bonus":"BOSS_RELIC","is_daily":false,"chose_seed":false,"campfire_upgraded":4,"win_rate":0.0,"timestamp":1612952731,"path_taken":["M","M","?","?","M","E","R","E","T","E","?","?","E","M","R","BOSS","M","?","?","$","M","E","R","$","T","E","M","M","E","M","R","BOSS","M","M","?","?","$","E","?","E","T","E","R","?","?","M","R","BOSS","R","$","E","BOSS"],"items_purchased_type":["Card","Relic","Relic","Card","Relic"],"build_version":"2020-12-18","purchased_purges":4,"victory":true,"max_hp_per_floor":[72,72,72,72,72,79,79,82,82,82,82,85,85,85,85,88,91,91,91,91,91,91,91,91,91,91,94,103,106,106,109,109,109,109,115,115,118,121,121,121,121,121,121,121,121,124,124,124,124,124,124,124,124,145,363],"card_choices":[{"not_picked":["Sanctity","Crescendo","Indignation"],"picked":"SKIP","floor":1.0},{"not_picked":["PathToVictory","SignatureMove","EmptyBody"],"picked":"SKIP","floor":2.0},{"not_picked":["ThirdEye","Consecrate","Collect"],"picked":"SKIP","floor":5.0},{"not_picked":["Replay:LoomingThreat","Collect","Swivel"],"picked":"SKIP","floor":6.0},{"not_picked":["TalkToTheHand","ThirdEye"],"picked":"BowlingBash","floor":8.0},{"not_picked":["PathToVictory","BowlingBash","Crescendo"],"picked":"SKIP","floor":10.0},{"not_picked":["FlurryOfBlows","Fasting2","Replay:AtTheReady"],"picked":"SKIP","floor":13.0},{"not_picked":["Consecrate","ThirdEye","FollowUp"],"picked":"SKIP","floor":14.0},{"not_picked":["SpiritShield","Devotion"],"picked":"Omniscience","floor":16.0},{"not_picked":["EmptyMind","Consecrate","Replay:Hum+1"],"picked":"SKIP","floor":18.0},{"not_picked":["Wish","CutThroughFate","Protect"],"picked":"SKIP","floor":20.0},{"not_picked":["EmptyFist+1","Fasting2","Evaluate"],"picked":"SKIP","floor":22.0},{"not_picked":["Alpha","Replay:AtTheReady","FlyingSleeves+1"],"picked":"SKIP","floor":23.0},{"not_picked":["DevaForm","EmptyBody+1"],"picked":"DeusExMachina","floor":27.0},{"not_picked":["BowlingBash","Prostrate"],"picked":"Wallop+1","floor":28.0},{"not_picked":["CutThroughFate+1","Meditate"],"picked":"Replay:Battleflow","floor":29.0},{"not_picked":["Indignation+1","Crescendo+1","Replay:ManipulateFuture"],"picked":"SKIP","floor":30.0},{"not_picked":["CutThroughFate","EmptyFist"],"picked":"Halt","floor":31.0},{"not_picked":["Wireheading"],"picked":"SKIP","floor":35.0},{"not_picked":["WindmillStrike+1"],"picked":"SKIP","floor":36.0},{"not_picked":[],"picked":"ReplayTheSpireMod:Trickstab","floor":37.0},{"not_picked":["SignatureMove+1"],"picked":"SKIP","floor":40},{"not_picked":["Brilliance"],"picked":"SKIP","floor":41},{"not_picked":["ThirdEye+1"],"picked":"SKIP","floor":42},{"not_picked":["PathToVictory+1"],"picked":"SKIP","floor":44},{"not_picked":["FlyingSleeves"],"picked":"SKIP","floor":47},{"not_picked":["PathToVictory"],"picked":"SKIP","floor":48},{"not_picked":["FlurryOfBlows"],"picked":"SKIP","floor":54}],"player_experience":54595,"relics_obtained":[{"floor":6.0,"key":"Strawberry"},{"floor":8.0,"key":"Replay:Ringing Soul"},{"floor":9.0,"key":"Happy Flower"},{"floor":10.0,"key":"Iron Hammer"},{"floor":13.0,"key":"MawBank"},{"floor":23.0,"key":"Kunai"},{"floor":26.0,"key":"Pantograph"},{"floor":27.0,"key":"ReplayFunnel"},{"floor":30.0,"key":"Oddly Smooth Stone"},{"floor":40,"key":"Replay:Bottled Eggs"},{"floor":42,"key":"ReplayTheSpireMod:Lightbulb"},{"floor":43,"key":"Gremlin Food"},{"floor":44,"key":"Dream Catcher"},{"floor":54,"key":"ReplayTheSpireMod:TigerMarble"}],"event_choices":[{"cards_removed":["Strike_P"],"damage_healed":0.0,"max_hp_gain":0.0,"max_hp_loss":0.0,"gold_gain":0.0,"event_name":"The Cleric","player_choice":"Card Removal","floor":3.0,"gold_loss":50.0,"damage_taken":0.0},{"damage_healed":0.0,"max_hp_gain":0.0,"max_hp_loss":0.0,"gold_gain":0.0,"event_name":"Scrap Ooze","player_choice":"Success","floor":4.0,"gold_loss":0.0,"damage_taken":3.0,"relics_obtained":["Orichalcum"]},{"damage_healed":0.0,"max_hp_gain":0.0,"max_hp_loss":0.0,"gold_gain":0.0,"event_name":"N\u0027loth","player_choice":"Traded Relic","floor":19.0,"relics_lost":["Iron Hammer"],"gold_loss":0.0,"damage_taken":0.0,"relics_obtained":["Nloth\u0027s Gift"]},{"damage_healed":0.0,"max_hp_gain":0.0,"max_hp_loss":0.0,"gold_gain":0.0,"event_name":"SensoryStone","player_choice":"Memory 3","floor":37.0,"gold_loss":0.0,"damage_taken":10.0},{"damage_healed":0,"gold_gain":0,"player_choice":"1 cards matched","damage_taken":0,"max_hp_gain":0,"max_hp_loss":0,"event_name":"Match and Keep!","floor":38,"gold_loss":0,"cards_obtained":["Scrawl"]}],"is_beta":true,"boss_relics":[{"not_picked":["Tiny House","Black Star"],"picked":"Astrolabe"},{"not_picked":["Replay:Ancient Bell","Velvet Choker"],"picked":"Busted Crown"}],"items_purged_floors":[12,21,39,46],"is_endless":false,"potions_floor_spawned":[1,5,10,14,16,20,22,23,30,33,41,42,44],"ascension_level":3}}