{"host":"knk89g45d3vzr5fm","time":1612966700,"event":{"mods":["2.2 Compatiblity","BaseMod","Downfall","Minty Spire (QoL Compilation)","Relic Stats","Reliquary","Replay The Spire","StSLib","The Marked"],"gold_per_floor":[99,15,27,46,57,71,71,71,82,112,112,138,138,48,58,58,58,58],"floor_reached":16,"language":"FRA","playtime":657,"items_purged":["bronze:Strike"],"score":123,"play_id":"3fabb0be-a150-455d-a6e0-496061cf35ae","local_time":"20210210151820","is_ascension_mode":true,"campfire_choices":[{"data":"bronze:FineTuning","floor":8,"key":"SMITH"},{"floor":11,"key":"REST"},{"data":"bronze:ChosenStrike","floor":13,"key":"SMITH"},{"data":"bronze:Flail","floor":13,"key":"SMITH"}],"circlet_count":0,"master_deck":["bronze:Strike","bronze:Strike","bronze:Strike","bronze:Defend","bronze:Defend","bronze:Defend","bronze:Defend","bronze:Replicate","bronze:Goto","Crow Ritual+1","bronze:Flail","bronze:ChosenStrike+1","bronze:Flail+1","bronze:FineTuning+1","bronze:Optimize","bronze:RecursiveStrike","bronze:Frontload"],"relics":["bronze:BronzeCore","reliquary:Sideboard","Replay:Arrowhead","Unceasing Top"],"acts_visited":["Exordium"],"potions_floor_usage":[10],"damage_taken":[{"damage":5,"enemies":"downfall:FleeingMerchant","floor":2,"turns":4},{"damage":10,"enemies":"Small Slimes","floor":3,"turns":3},{"damage":0,"enemies":"Cultist","floor":4,"turns":2},{"damage":0,"enemies":"2 Louse","floor":5,"turns":1},{"damage":3,"enemies":"Blue Slaver","floor":6,"turns":2},{"damage":12,"enemies":"Large Slime","floor":9,"turns":4},{"damage":13,"enemies":"Replay:BlueRogue","floor":10,"turns":4},{"damage":14,"enemies":"Gremlin Nob","floor":12,"turns":3},{"damage":15,"enemies":"downfall:FleeingMerchant","floor":14,"turns":4},{"damage":0,"enemies":"3 Louse","floor":15,"turns":3},{"damage":19,"enemies":"DF_ARCHETYPE_STREAMLINE","floor":16,"turns":3}],"seed_played":"-5363729195035725912","potions_obtained":[{"floor":3,"key":"EssenceOfSteel"},{"floor":4,"key":"Elixir"},{"floor":5,"key":"SpeedPotion"}],"is_trial":false,"path_per_floor":["R","$","M","M","M","M","T","R","M","E","R","E","R","$","M","B"],"character_chosen":"THE_AUTOMATON","items_purchased":["bronze:ChosenStrike"],"campfire_rested":1,"item_purchase_floors":[2],"current_hp_per_floor":[70,65,55,55,55,52,52,52,40,27,48,34,34,19,19,0,0,0],"gold":58,"neow_bonus":"RANDOM_COLORLESS_2","is_daily":false,"chose_seed":false,"campfire_upgraded":3,"win_rate":0.0,"timestamp":1612966700,"path_taken":["R","$","M","M","M","M","T","R","M","E","R","E","R","$","M","BOSS"],"items_purchased_type":["Card"],"build_version":"2020-12-22","purchased_purges":1,"victory":false,"max_hp_per_floor":[70,70,70,70,70,70,70,70,70,70,70,70,70,70,70,70,70,70],"relic_stats":{"counters":[11,33],"obtain_stats":[{"bronze:BronzeCore":0,"reliquary:Sideboard":7,"Replay:Arrowhead":10,"Unceasing Top":12},{"bronze:BronzeCore":0,"reliquary:Sideboard":5,"Replay:Arrowhead":7,"Unceasing Top":8},{"bronze:BronzeCore":0,"reliquary:Sideboard":12,"Replay:Arrowhead":20,"Unceasing Top":23}],"Unceasing Top":[0]},"card_choices":[{"not_picked":["Secret Weapon","Sadistic Nature"],"picked":"Crow Ritual","floor":0},{"not_picked":["bronze:FineTuning","bronze:Deprecate"],"picked":"bronze:Flail","floor":2},{"not_picked":["bronze:Separator","bronze:Shield"],"picked":"bronze:Flail","floor":3},{"not_picked":["bronze:Constructor","bronze:Branch"],"picked":"bronze:FineTuning","floor":4},{"not_picked":["bronze:WildBeam","bronze:Invalidate"],"picked":"bronze:Optimize","floor":5},{"not_picked":["bronze:BitShift","bronze:DarkDash","bronze:Iterate"],"picked":"SKIP","floor":6},{"not_picked":["bronze:FollowUp","bronze:ClassDefault"],"picked":"bronze:WildBeam","floor":9},{"not_picked":["bronze:Branch","bronze:BuggyMess"],"picked":"bronze:InfiniteLoop","floor":10},{"not_picked":["bronze:BitShift","bronze:Safeguard"],"picked":"bronze:Frontload","floor":12},{"not_picked":["bronze:Return","bronze:Refactor"],"picked":"bronze:RecursiveStrike","floor":14},{"not_picked":["bronze:Constructor","bronze:ChosenStrike","bronze:CutThrough"],"picked":"SKIP","floor":15}],"player_experience":2091194,"relics_obtained":[{"floor":7,"key":"reliquary:Sideboard"},{"floor":10,"key":"Replay:Arrowhead"},{"floor":12,"key":"Unceasing Top"}],"event_choices":[],"is_beta":false,"boss_relics":[],"items_purged_floors":[14],"is_endless":false,"potions_floor_spawned":[3,4,5,9],"killed_by":"DF_ARCHETYPE_STREAMLINE","ascension_level":2}}