{"host":"f14d6hm2349s9jse","time":1612933919,"event":{"mods":["2.2 Compatiblity","BaseMod","GungeonMod","Minty Spire (QoL Compilation)","StSLib"],"gold_per_floor":[119,294,28,103,103,103,142,67,67,80,80,80],"floor_reached":11,"language":"ENG","playtime":554,"items_purged":[],"score":99,"play_id":"2f8050bf-015b-4f0d-ad78-9a9d4da33c34","local_time":"20210210001159","is_ascension_mode":true,"campfire_choices":[{"floor":6,"key":"REST"}],"circlet_count":0,"master_deck":["DemoMod:Strike_Huntress","DemoMod:Strike_Huntress","DemoMod:Strike_Huntress","DemoMod:Defend_Huntress","DemoMod:Defend_Huntress","DemoMod:Defend_Huntress","DemoMod:Defend_Huntress","DemoMod:Roll","DemoMod:ManualReload","DemoMod:RustySidearm","DemoMod:CrossBow","Doubt","DemoMod:HungryBullets","DemoMod:AWP"],"relics":["DemoMod:Dog","NeowsBlessing","DemoMod:GnawedKey","DemoMod:LamentConfigurum","Golden Idol","Centennial Puzzle"],"acts_visited":["Exordium"],"potions_floor_usage":[],"damage_taken":[{"damage":0,"enemies":"2 Louse","floor":1,"turns":2},{"damage":0,"enemies":"3 Sentries","floor":7,"turns":1},{"damage":0,"enemies":"Small Slimes","floor":10,"turns":1},{"damage":71,"enemies":"Lagavulin","floor":11,"turns":11}],"seed_played":"451742022852865911","potions_obtained":[],"is_trial":false,"path_per_floor":["M","?","$","?","?","R","E","$","T","M","E"],"character_chosen":"HUNTRESS","items_purchased":["DemoMod:GnawedKey","DemoMod:LamentConfigurum","DemoMod:HungryBullets"],"campfire_rested":1,"item_purchase_floors":[3,3,8],"current_hp_per_floor":[70,70,70,59,42,63,63,63,63,63,0,0],"gold":80,"neow_bonus":"THREE_ENEMY_KILL","is_daily":false,"chose_seed":false,"campfire_upgraded":0,"win_rate":0.0,"timestamp":1612933919,"path_taken":["M","?","$","?","?","R","E","?","T","M","E"],"items_purchased_type":["Relic","Relic","Card"],"build_version":"2020-12-22","purchased_purges":0,"victory":false,"max_hp_per_floor":[70,70,70,70,70,70,70,70,70,70,70,70],"card_choices":[{"not_picked":["DemoMod:Unmoved","DemoMod:Polaris","DemoMod:FastSwitch"],"picked":"SKIP","floor":1},{"not_picked":["DemoMod:StickyCrossBow","DemoMod:ConditionalReflex","DemoMod:PotionOfGunFriendShip"],"picked":"SKIP","floor":7},{"not_picked":["DemoMod:Unity","DemoMod:HuntsMan"],"picked":"DemoMod:AWP","floor":10}],"player_experience":2469577,"relics_obtained":[{"floor":7,"key":"Centennial Puzzle"}],"event_choices":[{"damage_healed":0,"gold_gain":175,"player_choice":"AGREE","damage_taken":0,"max_hp_gain":0,"max_hp_loss":0,"event_name":"Liars Game","floor":2,"gold_loss":0,"cards_obtained":["Doubt"]},{"damage_healed":0,"gold_gain":75,"player_choice":"Gather Gold","damage_taken":11,"max_hp_gain":0,"max_hp_loss":0,"event_name":"World of Goop","floor":4,"gold_loss":0},{"damage_healed":0,"gold_gain":0,"player_choice":"Take Damage","damage_taken":17,"relics_obtained":["Golden Idol"],"max_hp_gain":0,"max_hp_loss":0,"event_name":"Golden Idol","floor":5,"gold_loss":0}],"is_beta":false,"boss_relics":[],"items_purged_floors":[],"is_endless":false,"potions_floor_spawned":[],"killed_by":"Lagavulin","ascension_level":1}}