{"host":"·çÓêÒÂ","time":1612923996,"event":{"mods":["ATMod(°¢èªMod)","BaseMod","Better Skull","Better Third Choice","Challenge The Spire","Colored Powertips","Conspire","Minty Spire (QoL Compilation)","Permanent Neow","Quick Restart","Relic Stats","Reliquary","Replay The Spire","RumiaBox-Â¶Ã×æ«µÄÉñÃØºÐ×Ó","Spicy Shops","Spire Birthday Party","StSLib","SuperFastMode","¡¾ÒÅÎï¿¨ÅÆ¡¿REMEMod"],"gold_per_floor":[117,127,141,141,156,185,185,200,200,200,200,125,125,150,150,245,245,280,291,216,229,229,229,229],"floor_reached":23,"language":"ZHS","playtime":1091,"items_purged":["Voices"],"score":201,"play_id":"1b24cb53-b176-49a4-a871-64186f057a98","local_time":"20210210102636","is_ascension_mode":false,"campfire_choices":[{"floor":7.0,"key":"RECALL"},{"floor":10.0,"key":"REST"},{"floor":15.0,"key":"REST"}],"circlet_count":0,"master_deck":["Strike_R","Strike_R","Strike_R","Strike_R","Strike_R","Defend_R","Defend_R","Defend_R","Bash","conspire:HitWhereItHurts","Havoc","Sword Boomerang","Anger","Havoc","ReplayTheSpireMod:Corrosion Curse","Anger","Flex","Looming Evil","Inflame","Brutality","Thunderclap+1","Cleave"],"relics":["Burning Blood","AT_ATBox","REME_ComplimentaryCards","AddBug","SecretRecord","Baka","SecretRecord","SecretRecord"],"acts_visited":["Exordium","TheCity"],"potions_floor_usage":[23,23,23],"damage_taken":[{"damage":8.0,"enemies":"Jaw Worm","floor":1.0,"turns":4.0},{"damage":5.0,"enemies":"Cultist","floor":2.0,"turns":4.0},{"damage":1.0,"enemies":"2 Louse","floor":3.0,"turns":3.0},{"damage":10.0,"enemies":"Looter","floor":5.0,"turns":3.0},{"damage":17.0,"enemies":"3 Sentries","floor":6.0,"turns":3.0},{"damage":10.0,"enemies":"Exordium Thugs","floor":8.0,"turns":4.0},{"damage":30.0,"enemies":"Lagavulin","floor":14.0,"turns":5.0},{"damage":22.0,"enemies":"The Guardian","floor":16.0,"turns":4.0},{"damage":24.0,"enemies":"Shell Parasite","floor":18.0,"turns":5.0},{"damage":22,"enemies":"Spheric Guardian","floor":19,"turns":4},{"damage":47,"enemies":"3 Cultists","floor":21,"turns":6},{"damage":18,"enemies":"Gremlin Leader","floor":23,"turns":3}],"seed_played":"7743073730297524209","potions_obtained":[{"floor":2.0,"key":"DistilledChaos"},{"floor":6.0,"key":"Weak Potion"},{"floor":14.0,"key":"Swift Potion"},{"floor":16.0,"key":"Explosive Potion"},{"floor":19,"key":"AttackPotion"}],"is_trial":false,"path_per_floor":["M","M","M","?","M","E","R","M","T","R","?","$","?","E","R","B",null,"M","M","?","M","?","E"],"character_chosen":"IRONCLAD","items_purchased":[],"campfire_rested":2,"item_purchase_floors":[],"current_hp_per_floor":[78,79,80,80,76,65,65,61,61,80,80,80,80,56,80,64,80,62,46,46,29,14,0,0],"gold":229,"neow_bonus":"ONE_RANDOM_RARE_CARD","is_daily":false,"chose_seed":false,"campfire_upgraded":0,"win_rate":0.0,"timestamp":1612923996,"path_taken":["M","M","M","?","M","E","R","?","T","R","?","$","?","E","R","BOSS","M","M","?","M","?","E"],"items_purchased_type":[],"build_version":"2020-12-18","purchased_purges":1,"victory":false,"max_hp_per_floor":[80,80,80,80,80,80,80,80,80,80,80,80,80,80,80,80,80,80,80,80,80,85,85,85],"relic_stats":{"counters":[12,48],"obtain_stats":[{"AT_ATBox":0,"AddBug":1,"SecretRecord":1,"Baka":1,"Burning Blood":0,"REME_ComplimentaryCards":0},{"AT_ATBox":0,"AddBug":1,"SecretRecord":1,"Baka":1,"Burning Blood":0,"REME_ComplimentaryCards":0},{"AT_ATBox":0,"AddBug":4,"SecretRecord":4,"Baka":4,"Burning Blood":0,"REME_ComplimentaryCards":0}],"Burning Blood":62},"card_choices":[{"not_picked":["Clothesline","Pommel Strike"],"picked":"Havoc","floor":1.0},{"not_picked":["AT_BodySlamDance","Armaments"],"picked":"Sword Boomerang","floor":2.0},{"not_picked":["Metallicize","Warcry"],"picked":"Anger","floor":3.0},{"not_picked":["Dual Wield","Cleave"],"picked":"ReplayTheSpireMod:Corrosion Curse","floor":5.0},{"not_picked":["ReplayTheSpireMod:Strike From Hell","Demonic Infusion"],"picked":"Anger","floor":6.0},{"not_picked":["AT_IchimonjiDouble","Sever Soul"],"picked":"Flex","floor":8.0},{"not_picked":["ReplayTheSpireMod:Strike From Hell","Seeing Red"],"picked":"Inflame","floor":14.0},{"not_picked":["Limit Break","REME_TheLastStrike"],"picked":"Brutality","floor":16.0},{"not_picked":["Run Through","AT_BodySlamDance"],"picked":"Thunderclap+1","floor":18.0},{"not_picked":["Warcry","Run Through"],"picked":"Cleave","floor":19},{"not_picked":["Body Slam+1","Entrench","AT_ShrugMaster"],"picked":"SKIP","floor":21}],"player_experience":22304,"relics_obtained":[{"floor":1.0,"key":"AddBug"},{"floor":1.0,"key":"Baka"},{"floor":6.0,"key":"Blood Vial"},{"floor":11.0,"key":"Ring of Greed"},{"floor":11.0,"key":"Ring of Panic"},{"floor":14.0,"key":"SecretRecord"},{"floor":14.0,"key":"Ornamental Fan"},{"floor":16.0,"key":"SecretRecord"}],"event_choices":[{"damage_healed":0.0,"max_hp_gain":0.0,"max_hp_loss":0.0,"gold_gain":0.0,"event_name":"Match and Keep!","player_choice":"1 cards matched","floor":13.0,"gold_loss":0.0,"damage_taken":0.0,"cards_obtained":["Looming Evil"]},{"cards_removed":["Defend_R"],"damage_healed":0,"gold_gain":0,"player_choice":"Gave Gold","damage_taken":0,"max_hp_gain":0,"max_hp_loss":0,"event_name":"Beggar","floor":20,"gold_loss":75},{"damage_healed":0,"gold_gain":0,"player_choice":"Shed Blood","damage_taken":20,"max_hp_gain":5,"max_hp_loss":0,"event_name":"Forgotten Altar","floor":22,"gold_loss":0}],"is_beta":true,"boss_relics":[{"not_picked":["Replay:Ancient Bell","Busted Crown"],"picked":"AT_MortalBlade"}],"items_purged_floors":[12],"is_endless":false,"potions_floor_spawned":[2,6,14,16,19],"killed_by":"Gremlin Leader","ascension_level":0}}