{"host":"a92fqxohjrzqy5rn","time":1612994822,"event":{"mods":["AchievementEnabler","BaseMod","Minty Spire (QoL Compilation)","Relic Sorter","Smile Girya"],"gold_per_floor":[119,119,71,88,143,47,47,47,47,74,91,91,122,102,102,102,102],"floor_reached":16,"language":"ENG","playtime":473,"items_purged":[],"score":106,"play_id":"83c67e54-7d6c-4b3c-b440-fb06aebdc63e","local_time":"20210210220702","is_ascension_mode":false,"campfire_choices":[{"data":"Entrench","floor":7,"key":"SMITH"},{"data":"Body Slam","floor":12,"key":"SMITH"},{"data":"Combust","floor":15,"key":"SMITH"}],"circlet_count":0,"master_deck":["Strike_R","Strike_R","Strike_R","Strike_R+1","Defend_R","Defend_R","Defend_R","Defend_R","Bash+1","Clothesline","Entrench+1","Cleave","Combust","Body Slam+1","Shrug It Off","Clothesline","Shockwave","Inflame","Combust+1"],"relics":["Burning Blood","StrikeDummy","Pocketwatch","Potion Belt"],"acts_visited":["Exordium"],"potions_floor_usage":[10],"damage_taken":[{"damage":8.0,"enemies":"Jaw Worm","floor":1.0,"turns":3.0},{"damage":9,"enemies":"2 Louse","floor":4,"turns":3},{"damage":17,"enemies":"3 Sentries","floor":10,"turns":5},{"damage":6,"enemies":"Small Slimes","floor":11,"turns":2},{"damage":16,"enemies":"Lagavulin","floor":13,"turns":5},{"damage":39,"enemies":"The Guardian","floor":16,"turns":11}],"seed_played":"6538527224581634911","potions_obtained":[{"floor":4,"key":"SteroidPotion"}],"is_trial":false,"path_per_floor":["M","?","$","M","?","$","R","?","T","E","M","R","E","?","R","B"],"character_chosen":"IRONCLAD","items_purchased":["Cleave","Body Slam","Shrug It Off"],"campfire_rested":0,"item_purchase_floors":[3,6,6],"current_hp_per_floor":[78,62,62,59,59,59,59,59,59,48,48,48,38,38,38,0,0],"gold":102,"neow_bonus":"THREE_CARDS","is_daily":false,"chose_seed":false,"campfire_upgraded":3,"win_rate":0.0,"timestamp":1612994822,"path_taken":["M","?","$","M","?","?","R","?","T","E","M","R","E","?","R","BOSS"],"items_purchased_type":["Card","Card","Card"],"build_version":"2020-12-22","purchased_purges":0,"victory":false,"max_hp_per_floor":[80,80,80,80,80,80,80,80,80,80,80,80,80,80,80,80,80],"card_choices":[{"not_picked":["Anger","Dual Wield"],"picked":"Clothesline","floor":0.0},{"not_picked":["Havoc","Anger"],"picked":"Entrench","floor":1.0},{"not_picked":["Heavy Blade","Twin Strike"],"picked":"Combust","floor":4},{"not_picked":["Shrug It Off","Armaments"],"picked":"Shockwave","floor":10},{"not_picked":["Heavy Blade","True Grit"],"picked":"Inflame","floor":11},{"not_picked":["Burning Pact","Uppercut"],"picked":"Combust","floor":13}],"player_experience":230820,"relics_obtained":[{"floor":9,"key":"StrikeDummy"},{"floor":10,"key":"Pocketwatch"},{"floor":13,"key":"Potion Belt"}],"event_choices":[{"damage_healed":0.0,"max_hp_gain":0.0,"max_hp_loss":0.0,"gold_gain":0.0,"event_name":"Shining Light","player_choice":"Entered Light","floor":2.0,"gold_loss":0.0,"damage_taken":16.0,"cards_upgraded":["Bash","Strike_R"]},{"damage_healed":0,"gold_gain":55,"player_choice":"Gained Gold","damage_taken":0,"max_hp_gain":0,"max_hp_loss":0,"event_name":"Golden Wing","floor":5,"gold_loss":0},{"damage_healed":0,"gold_gain":0,"cards_transformed":["Strike_R"],"player_choice":"Change","damage_taken":0,"max_hp_gain":0,"max_hp_loss":0,"event_name":"Living Wall","floor":8,"gold_loss":0,"cards_obtained":["Clothesline"]},{"damage_healed":0,"gold_gain":0,"player_choice":"Left Gold","damage_taken":0,"max_hp_gain":0,"max_hp_loss":0,"event_name":"World of Goop","floor":14,"gold_loss":20}],"is_beta":false,"boss_relics":[],"items_purged_floors":[],"is_endless":false,"potions_floor_spawned":[4],"killed_by":"The Guardian","ascension_level":0}}