{"host":"Doisman","time":1612937789,"event":{"mods":["AchievementEnabler","BaseMod","Better Note","Curses Come First","Minty Spire (QoL Compilation)","Permanent Neow","Relic Stats","Replay The Spire","StSLib"],"gold_per_floor":[116,116,131,143,163,194,194,227,227,227,261,186,186,203,203,301,301,315,315,1,20,20,53,53,82,82,82,101,101,101],"floor_reached":29,"language":"ENG","playtime":1050,"items_purged":["Strike_R","Strike_R"],"score":320,"play_id":"d6f62941-e68b-414a-aa46-5e02a2cb2393","local_time":"20210210001629","is_ascension_mode":true,"campfire_choices":[{"floor":7,"key":"REST"},{"floor":10,"key":"REST"},{"floor":15,"key":"REST"},{"floor":27,"key":"REST"}],"circlet_count":0,"master_deck":["Defend_R","Defend_R","Defend_R","Defend_R","Bash","Entrench","Iron Wave","Anger","Shrug It Off","Juggernaut","Feel No Pain","Exhume","Reckless Charge","Pummel+1","Fire Breathing","Clothesline","Bite","Bite","Bite","Bite","Bite","Sword Boomerang","Evolve"],"relics":["Electric Blood","Prayer Wheel","ReplayTheSpireMod:Lightbulb","Matryoshka","InkBottle","Ring of Chaos","Brimstone","Replay:Bottled Steam","Girya","Tiny Chest","Mercury Hourglass"],"acts_visited":["Exordium","TheCity"],"potions_floor_usage":[5,23,23,29],"damage_taken":[{"damage":6,"enemies":"Small Slimes","floor":1,"turns":4},{"damage":4,"enemies":"Cultist","floor":3,"turns":3},{"damage":5,"enemies":"Jaw Worm","floor":4,"turns":3},{"damage":16,"enemies":"Exordium Thugs","floor":5,"turns":5},{"damage":20,"enemies":"Replay:BlueRogue","floor":6,"turns":8},{"damage":24,"enemies":"3 Sentries","floor":8,"turns":11},{"damage":20,"enemies":"Lagavulin","floor":11,"turns":6},{"damage":12,"enemies":"3 Louse","floor":14,"turns":4},{"damage":37,"enemies":"Fading Forest","floor":16,"turns":11},{"damage":17,"enemies":"Spheric Guardian","floor":18,"turns":5},{"damage":21,"enemies":"3 Byrds","floor":21,"turns":4},{"damage":29,"enemies":"Gremlin Leader","floor":23,"turns":6},{"damage":45,"enemies":"Book of Stabbing","floor":25,"turns":4},{"damage":16,"enemies":"Cultist and Chosen","floor":28,"turns":3},{"damage":33,"enemies":"Gremlin Leader","floor":29,"turns":2}],"seed_played":"-612376075238385119","potions_obtained":[{"floor":1,"key":"Fire Potion"},{"floor":6,"key":"Milkshake"},{"floor":11,"key":"BloodPotion"},{"floor":14,"key":"GamblersBrew"},{"floor":21,"key":"Regen Potion"},{"floor":23,"key":"SpeedPotion"}],"is_trial":false,"path_per_floor":["M","?","M","M","M","E","R","E","T","R","E","$","?","M","R","B",null,"M","?","$","M","?","E","$","E","T","R","M","E"],"character_chosen":"IRONCLAD","items_purchased":["Fire Breathing","Brimstone"],"campfire_rested":4,"item_purchase_floors":[20,20],"current_hp_per_floor":[74,79,75,70,54,34,59,35,35,60,40,40,40,28,53,16,85,68,68,68,47,47,58,58,17,17,34,26,0,0],"gold":101,"neow_bonus":"BOSS_RELIC","is_daily":false,"chose_seed":false,"campfire_upgraded":0,"win_rate":0.0,"timestamp":1612937789,"path_taken":["M","?","M","M","M","E","R","E","T","R","E","$","?","M","R","BOSS","M","?","?","M","?","E","$","E","T","R","M","E"],"items_purchased_type":["Card","Relic"],"build_version":"2020-12-18","purchased_purges":2,"victory":false,"max_hp_per_floor":[80,85,85,85,85,85,85,85,85,85,85,85,85,85,85,85,85,85,85,85,85,59,59,59,59,59,59,59,59,59],"relic_stats":{"counters":[15,79],"Prayer Wheel":4,"Tiny Chest":0,"obtain_stats":[{"Girya":25,"Matryoshka":9,"Brimstone":20,"Prayer Wheel":6,"Tiny Chest":26,"Ring of Chaos":17,"Electric Blood":0,"ReplayTheSpireMod:Lightbulb":8,"Burning Blood":0,"InkBottle":11,"Replay:Bottled Steam":23,"Mercury Hourglass":26},{"Girya":13,"Matryoshka":6,"Brimstone":10,"Prayer Wheel":5,"Tiny Chest":13,"Ring of Chaos":9,"Electric Blood":0,"ReplayTheSpireMod:Lightbulb":6,"Burning Blood":0,"InkBottle":7,"Replay:Bottled Steam":12,"Mercury Hourglass":13},{"Girya":74,"Matryoshka":34,"Brimstone":60,"Prayer Wheel":23,"Tiny Chest":74,"Ring of Chaos":55,"Electric Blood":0,"ReplayTheSpireMod:Lightbulb":34,"Burning Blood":0,"InkBottle":40,"Replay:Bottled Steam":70,"Mercury Hourglass":74}],"InkBottle":[14],"Mercury Hourglass":[27]},"card_choices":[{"not_picked":["Havoc","Perfected Strike"],"picked":"Entrench","floor":1},{"not_picked":["Replay:Undeath\u0027s Touch","Wild Strike"],"picked":"Iron Wave","floor":3},{"not_picked":["Flex","Rage"],"picked":"Anger","floor":4},{"not_picked":["Run Through","Hemokinesis","Seeing Red"],"picked":"SKIP","floor":5},{"not_picked":["Body Slam","Second Wind"],"picked":"Shrug It Off","floor":6},{"not_picked":["Infernal Blade","Limit Break"],"picked":"Juggernaut","floor":8},{"not_picked":["Perfected Strike","Heavy Blade","ReplayTheSpireMod:Strike From Hell"],"picked":"SKIP","floor":11},{"not_picked":["Body Slam","Run Through"],"picked":"Feel No Pain","floor":14},{"not_picked":["Clash","ReplayTheSpireMod:Limb From Limb","Sentinel"],"picked":"SKIP","floor":14},{"not_picked":["Limit Break","Double Tap"],"picked":"Exhume","floor":16},{"not_picked":["ReplayTheSpireMod:Strike From Hell+1","ReplayTheSpireMod:Corrosion Curse"],"picked":"Reckless Charge","floor":18},{"not_picked":["Spot Weakness","Burning Pact+1"],"picked":"Pummel+1","floor":18},{"not_picked":["Entrench+1","Havoc"],"picked":"Clothesline","floor":21},{"not_picked":["Clash","Heavy Blade+1","Run Through"],"picked":"SKIP","floor":21},{"not_picked":["Havoc+1","Heavy Blade"],"picked":"Sword Boomerang","floor":23},{"not_picked":["Body Slam","Headbutt+1","Searing Blow"],"picked":"SKIP","floor":25},{"not_picked":["Wild Strike","Twin Strike"],"picked":"Evolve","floor":28},{"not_picked":["Heavy Blade","Hemogenesis","Body Slam"],"picked":"SKIP","floor":28}],"player_experience":1105170,"relics_obtained":[{"floor":6,"key":"Prayer Wheel"},{"floor":8,"key":"ReplayTheSpireMod:Lightbulb"},{"floor":9,"key":"Matryoshka"},{"floor":11,"key":"InkBottle"},{"floor":23,"key":"Replay:Bottled Steam"},{"floor":25,"key":"Girya"},{"floor":26,"key":"Tiny Chest"},{"floor":26,"key":"Mercury Hourglass"}],"event_choices":[{"damage_healed":0,"gold_gain":0,"player_choice":"Donut","damage_taken":0,"max_hp_gain":5,"max_hp_loss":0,"event_name":"Big Fish","floor":2,"gold_loss":0},{"damage_healed":0,"gold_gain":0,"player_choice":"Bought 0 Potions","damage_taken":0,"max_hp_gain":0,"max_hp_loss":0,"event_name":"The Woman in Blue","floor":13,"gold_loss":0},{"damage_healed":0,"gold_gain":0,"player_choice":"Ignored","damage_taken":0,"max_hp_gain":0,"max_hp_loss":0,"event_name":"betterNote:BetterNote","floor":19,"gold_loss":0,"cards_obtained":["Bash"]},{"damage_healed":0,"gold_gain":0,"player_choice":"Became a vampire","damage_taken":0,"max_hp_gain":0,"max_hp_loss":26,"event_name":"Vampires","floor":22,"gold_loss":0,"cards_obtained":["Bite","Bite","Bite","Bite","Bite"]}],"is_beta":true,"boss_relics":[{"not_picked":["Replay:Wanted Poster","Honey Jar"],"picked":"Ring of Chaos"}],"items_purged_floors":[12,20],"is_endless":false,"potions_floor_spawned":[1,6,11,14,21,23],"killed_by":"Gremlin Leader","ascension_level":1}}