{"host":"at5b10nm0iti0w4x","time":1612924980,"event":{"mods":["2.2 Compatiblity","AchievementEnabler","BaseMod","Bestiary","Block Reminder","Colored Map","Colored Powertips","Highlight Path","Keyboard Shortcuts","Minty Spire (QoL Compilation)","Quick Restart","Relic Stats","Slay the Relics Exporter","StSLib","SuperFastMode","Unknown Chances"],"gold_per_floor":[114,134,147,164,183,183,194,194,194,294,307,307,327,345,345,440,440,456,476,493,493,493,493,508,508,508,508,433,433,433,446,446,543,543,562,574,574,371,385,404,404,404,404,302,302,302,316,216,216,216,216],"floor_reached":50,"language":"ENG","playtime":1776,"items_purged":[],"score":465,"play_id":"7253c009-a464-4de3-ab63-1bc3b00ecf3b","local_time":"20210209214300","is_ascension_mode":false,"campfire_choices":[{"data":"Neutralize","floor":6.0,"key":"SMITH"},{"data":"Deadly Poison","floor":12.0,"key":"SMITH"},{"data":"Caltrops","floor":15.0,"key":"SMITH"},{"data":"Well Laid Plans","floor":23.0,"key":"SMITH"},{"data":"Adrenaline","floor":25.0,"key":"SMITH"},{"floor":30.0,"key":"REST"},{"floor":32.0,"key":"REST"},{"data":"Setup","floor":41.0,"key":"SMITH"},{"data":"Adrenaline","floor":45.0,"key":"SMITH"},{"floor":49.0,"key":"REST"}],"circlet_count":0,"master_deck":["Defend_G","Defend_G","Defend_G","Defend_G","Survivor","Neutralize+1","Blur","Blade Dance","Dagger Spray","PiercingWail","Backstab","Well Laid Plans+1","Deadly Poison+1","Adrenaline+1","Caltrops+1","Adrenaline+1","Terror+1","Sucker Punch+1","Bite","Bite","Bite","Bite","Bite","Deadly Poison+1","Blur","Corpse Explosion","Escape Plan+1","Flying Knee+1","Setup+1","Venomology","Prepared"],"relics":["Ring of the Snake"],"acts_visited":["Exordium","TheCity","TheBeyond"],"potions_floor_usage":[50,50,50,50],"damage_taken":[{"damage":7.0,"enemies":"Jaw Worm","floor":1.0,"turns":7.0},{"damage":4.0,"enemies":"Cultist","floor":2.0,"turns":5.0},{"damage":2.0,"enemies":"2 Louse","floor":3.0,"turns":4.0},{"damage":11.0,"enemies":"Blue Slaver","floor":4.0,"turns":5.0},{"damage":8.0,"enemies":"2 Fungi Beasts","floor":5.0,"turns":3.0},{"damage":1.0,"enemies":"3 Louse","floor":7.0,"turns":2.0},{"damage":3.0,"enemies":"Blue Slaver","floor":11.0,"turns":4.0},{"damage":4.0,"enemies":"2 Fungi Beasts","floor":13.0,"turns":3.0},{"damage":1.0,"enemies":"Red Slaver","floor":14.0,"turns":3.0},{"damage":15.0,"enemies":"Hexaghost","floor":16.0,"turns":10.0},{"damage":0.0,"enemies":"3 Byrds","floor":18.0,"turns":4.0},{"damage":0.0,"enemies":"Chosen","floor":19.0,"turns":4.0},{"damage":12.0,"enemies":"Snecko","floor":20.0,"turns":5.0},{"damage":31.0,"enemies":"3 Cultists","floor":24.0,"turns":6.0},{"damage":18.0,"enemies":"Colosseum Slavers","floor":29.0,"turns":4.0},{"damage":9.0,"enemies":"Snake Plant","floor":31.0,"turns":3.0},{"damage":58.0,"enemies":"Collector","floor":33.0,"turns":10.0},{"damage":12.0,"enemies":"Orb Walker","floor":35.0,"turns":4.0},{"damage":0.0,"enemies":"3 Darklings","floor":36.0,"turns":2.0},{"damage":11.0,"enemies":"Maw","floor":39.0,"turns":9.0},{"damage":17.0,"enemies":"Jaw Worm Horde","floor":40.0,"turns":3.0},{"damage":0.0,"enemies":"Spire Growth","floor":46.0,"turns":1.0},{"damage":27.0,"enemies":"4 Shapes","floor":47.0,"turns":5.0},{"damage":55,"enemies":"Donu and Deca","floor":50,"turns":5}],"seed_played":"-9069079915102974076","potions_obtained":[{"floor":1.0,"key":"Block Potion"},{"floor":2.0,"key":"EssenceOfSteel"},{"floor":5.0,"key":"SpeedPotion"},{"floor":13.0,"key":"PowerPotion"},{"floor":20.0,"key":"LiquidMemories"},{"floor":33.0,"key":"Strength Potion"},{"floor":36.0,"key":"ColorlessPotion"},{"floor":39.0,"key":"SmokeBomb"}],"is_trial":false,"path_per_floor":["M","M","M","M","M","R","M","?","T","?","M","R","M","M","R","B",null,"M","M","M","?","?","R","M","R","T","?","?","?","R","M","R","B",null,"M","M","?","$","M","M","R","?","T","$","R","M","M","$","R","B"],"character_chosen":"THE_SILENT","items_purchased":["Fruit Juice","SmokeBomb","Poison Potion","SkillPotion","Fire Potion","Prepared"],"campfire_rested":3,"item_purchase_floors":[38,38,44,44,48,48],"current_hp_per_floor":[70,66,64,53,45,45,44,44,44,44,41,41,37,36,36,21,77,77,77,65,53,53,53,34,34,34,34,34,26,41,34,49,9,53,44,48,48,53,58,45,45,45,45,45,45,45,24,24,41,0,0],"gold":216,"neow_bonus":"TEN_PERCENT_HP_BONUS","is_daily":false,"chose_seed":false,"campfire_upgraded":7,"win_rate":0.0,"timestamp":1612924980,"path_taken":["M","M","M","M","M","R","M","?","T","?","M","R","M","?","R","BOSS","M","M","M","?","?","R","M","R","T","?","?","?","R","M","R","BOSS","M","M","?","$","M","M","R","?","T","$","R","M","M","$","R","BOSS"],"items_purchased_type":["Potion","Potion","Potion","Potion","Potion","Card"],"build_version":"2020-12-22","purchased_purges":0,"victory":false,"max_hp_per_floor":[77,77,77,77,77,77,77,77,77,77,77,77,77,77,77,77,77,77,77,77,53,53,53,53,53,53,53,53,53,53,53,53,53,53,53,53,53,58,58,58,58,58,58,58,58,58,58,58,58,58,58],"relic_stats":{"counters":[24,111],"obtain_stats":[{"Ring of the Snake":0},{"Ring of the Snake":0},{"Ring of the Snake":0}],"Ring of the Snake":[48]},"card_choices":[{"not_picked":["Predator","Quick Slash"],"picked":"Blur","floor":1.0},{"not_picked":["Distraction","Acrobatics"],"picked":"Blade Dance","floor":2.0},{"not_picked":["Backflip","Sucker Punch"],"picked":"Dagger Spray","floor":3.0},{"not_picked":["Cloak And Dagger","Outmaneuver"],"picked":"PiercingWail","floor":4.0},{"not_picked":["Prepared","PiercingWail"],"picked":"Backstab","floor":5.0},{"not_picked":["Quick Slash","Bane"],"picked":"Well Laid Plans","floor":7.0},{"not_picked":["Acrobatics","Concentrate"],"picked":"Deadly Poison","floor":11.0},{"not_picked":["Blade Dance","Poisoned Stab"],"picked":"Adrenaline","floor":13.0},{"not_picked":["Flying Knee","Dagger Throw"],"picked":"Caltrops","floor":14.0},{"not_picked":["Wraith Form v2","Phantasmal Killer"],"picked":"Adrenaline","floor":16.0},{"not_picked":["Acrobatics+1","Prepared"],"picked":"Terror+1","floor":18.0},{"not_picked":["Backflip","Deadly Poison"],"picked":"Sucker Punch+1","floor":19.0},{"not_picked":["Sucker Punch","Flechettes","Flying Knee"],"picked":"SKIP","floor":20.0},{"not_picked":["Wraith Form v2","Blade Dance"],"picked":"Deadly Poison+1","floor":24.0},{"not_picked":["Leg Sweep","Masterful Stab","Sucker Punch"],"picked":"SKIP","floor":31.0},{"not_picked":["Malaise","Unload"],"picked":"Corpse Explosion","floor":33.0},{"not_picked":["Dagger Throw+1","Quick Slash+1"],"picked":"Bane+1","floor":35.0},{"not_picked":["Dagger Throw+1","Slice"],"picked":"Escape Plan+1","floor":36.0},{"not_picked":["Poisoned Stab","Expertise+1"],"picked":"Flying Knee+1","floor":39.0},{"not_picked":["Endless Agony","Infinite Blades+1"],"picked":"Setup","floor":40.0},{"not_picked":["Distraction+1","Blade Dance"],"picked":"Venomology","floor":47.0}],"player_experience":90928,"relics_obtained":[],"event_choices":[{"damage_healed":0.0,"max_hp_gain":0.0,"max_hp_loss":0.0,"gold_gain":0.0,"event_name":"Golden Idol","player_choice":"Ignored","floor":8.0,"gold_loss":0.0,"damage_taken":0.0},{"damage_healed":0.0,"max_hp_gain":0.0,"max_hp_loss":0.0,"gold_gain":100.0,"event_name":"Wheel of Change","player_choice":"Gold","floor":10.0,"gold_loss":0.0,"damage_taken":0.0},{"damage_healed":0.0,"max_hp_gain":0.0,"max_hp_loss":24.0,"gold_gain":0.0,"event_name":"Vampires","player_choice":"Became a vampire","floor":21.0,"gold_loss":0.0,"damage_taken":0.0,"cards_obtained":["Bite","Bite","Bite","Bite","Bite"]},{"damage_healed":0.0,"max_hp_gain":0.0,"max_hp_loss":0.0,"gold_gain":0.0,"event_name":"The Library","player_choice":"Read","floor":27.0,"gold_loss":0.0,"damage_taken":0.0,"cards_obtained":["Blur"]},{"cards_removed":["Defend_G"],"damage_healed":0.0,"max_hp_gain":0.0,"max_hp_loss":0.0,"gold_gain":0.0,"event_name":"Beggar","player_choice":"Gave Gold","floor":28.0,"gold_loss":75.0,"damage_taken":0.0},{"damage_healed":0.0,"max_hp_gain":0.0,"max_hp_loss":0.0,"gold_gain":0.0,"event_name":"Colosseum","player_choice":"Fight","floor":29.0,"gold_loss":0.0,"damage_taken":0.0},{"damage_healed":0.0,"max_hp_gain":0.0,"max_hp_loss":0.0,"gold_gain":0.0,"event_name":"Colosseum","player_choice":"Fled From Nobs","floor":29.0,"gold_loss":0.0,"damage_taken":0.0},{"cards_removed":["Bane"],"damage_healed":0.0,"max_hp_gain":0.0,"max_hp_loss":0.0,"gold_gain":0.0,"event_name":"Falling","player_choice":"Removed Attack","floor":37.0,"gold_loss":0.0,"damage_taken":0.0},{"damage_healed":0.0,"max_hp_gain":0.0,"max_hp_loss":0.0,"gold_gain":0.0,"event_name":"Tomb of Lord Red Mask","player_choice":"Ignored","floor":42.0,"gold_loss":0.0,"damage_taken":0.0}],"is_beta":false,"boss_relics":[{"not_picked":[]},{"not_picked":[]}],"items_purged_floors":[],"is_endless":false,"potions_floor_spawned":[1,2,5,13,16,20,29,33,36,39,46],"killed_by":"Donu and Deca","ascension_level":0}}