{"host":"52qn9i9g887267js","time":1612946497,"event":{"mods":["BaseMod","Colored Map","Colored Powertips","Downfall","Hermit","Jorbs\u0027s Wanderer Trilogy","Minty Spire (QoL Compilation)","StSLib","The Bug Knight","The Cursed","The Hierophant"],"gold_per_floor":[117,129,1,21,21,196,196,211,211,211,238,238,257,291,291,396,396,415,53,152,27,0,0,11,31,55,81,81,91,118,138,138,236,236,251,264,264,274,274,274,307,307,378,394,412,512,547,573,585,597],"floor_reached":51,"language":"ENG","playtime":10667,"items_purged":["TheCursedMod:Defend_TheCursed","TheCursedMod:Strike_TheCursed","TheCursedMod:Defend_TheCursed"],"score":782,"play_id":"11569824-01c0-48c7-8de0-7b3bd817d162","local_time":"20210210004137","is_ascension_mode":false,"campfire_choices":[{"data":"TheCursedMod:CursedWand","floor":10.0,"key":"SMITH"},{"floor":12.0,"key":"REST"},{"data":"TheCursedMod:CleanUpWorkshop","floor":15.0,"key":"SMITH"},{"data":"TheCursedMod:SpitefulPlan","floor":23.0,"key":"SMITH"},{"data":"TheCursedMod:SpitefulStrike","floor":32.0,"key":"SMITH"},{"data":"TheCursedMod:OutForBlood","floor":40.0,"key":"SMITH"},{"data":"TheCursedMod:Obscuration","floor":49,"key":"SMITH"}],"circlet_count":0,"master_deck":["TheCursedMod:Strike_TheCursed","TheCursedMod:Strike_TheCursed","TheCursedMod:CursedWand+1","TheCursedMod:CleanUpWorkshop+1","TheCursedMod:Dregs","TheCursedMod:Obscuration+1","TheCursedMod:SmokeScreen","Doubt","TheCursedMod:WearCloak","TheCursedMod:CursedBlade","TheCursedMod:SpitefulPlan+1","TheCursedMod:Dregs","TheCursedMod:HellfireBreathing+1","TheCursedMod:NeowsMight","TheCursedMod:SpitefulStrike+1","TheCursedMod:OutForBlood+1","stsjorbsmod:Amnesia","TheCursedMod:CursedMace+1"],"relics":["TheCursedMod:BlackMagicAdvanced","Ornamental Fan","Ancient Tea Set","Mummified Hand","Cursed Key","Darkstone Periapt","Vajra","Akabeko","Oddly Smooth Stone","Boot","Mercury Hourglass","HollowMod:StagPassRelic","MawBank"],"acts_visited":["Exordium","TheCity","TheBeyond"],"potions_floor_usage":[50],"damage_taken":[{"damage":1.0,"enemies":"Jaw Worm","floor":1.0,"turns":4.0},{"damage":2.0,"enemies":"2 Louse","floor":2.0,"turns":3.0},{"damage":5.0,"enemies":"Small Slimes","floor":4.0,"turns":4.0},{"damage":0.0,"enemies":"Exordium Wildlife","floor":8.0,"turns":4.0},{"damage":28.0,"enemies":"3 Sentries","floor":11.0,"turns":13.0},{"damage":3.0,"enemies":"Red Slaver","floor":13.0,"turns":4.0},{"damage":6.0,"enemies":"Gremlin Nob","floor":14.0,"turns":6.0},{"damage":30.0,"enemies":"Slime Boss","floor":16.0,"turns":15.0},{"damage":26.0,"enemies":"Spheric Guardian","floor":18.0,"turns":6.0},{"damage":0.0,"enemies":"2 Thieves","floor":24.0,"turns":4.0},{"damage":8.0,"enemies":"Snecko","floor":25.0,"turns":8.0},{"damage":16.0,"enemies":"Slavers","floor":27.0,"turns":6.0},{"damage":0.0,"enemies":"Snake Plant","floor":29.0,"turns":3.0},{"damage":0.0,"enemies":"Book of Stabbing","floor":30.0,"turns":4.0},{"damage":0.0,"enemies":"Centurion and Healer","floor":31.0,"turns":4.0},{"damage":23.0,"enemies":"Automaton","floor":33.0,"turns":9.0},{"damage":2.0,"enemies":"Orb Walker","floor":35.0,"turns":4.0},{"damage":3.0,"enemies":"3 Shapes","floor":36.0,"turns":2.0},{"damage":0.0,"enemies":"Spire Growth","floor":38.0,"turns":4.0},{"damage":0.0,"enemies":"Reptomancer","floor":41.0,"turns":5.0},{"damage":6.0,"enemies":"4 Shapes","floor":44.0,"turns":3.0},{"damage":0.0,"enemies":"3 Darklings","floor":45.0,"turns":3.0},{"damage":6.0,"enemies":"Nemesis","floor":47.0,"turns":6.0},{"damage":5,"enemies":"Transient","floor":48,"turns":5},{"damage":24,"enemies":"Awakened One","floor":50,"turns":10}],"seed_played":"-1704293142528816721","potions_obtained":[{"floor":1.0,"key":"Block Potion"},{"floor":4.0,"key":"Guardian:BlockOnCardUsePotion"},{"floor":13.0,"key":"BlessingOfTheForge"},{"floor":14.0,"key":"AttackPotion"},{"floor":24.0,"key":"Dexterity Potion"},{"floor":25.0,"key":"TheCursedMod:DregsPotion"},{"floor":31.0,"key":"LiquidMemories"},{"floor":33.0,"key":"bronze:BurnAndBuffPotion"},{"floor":37.0,"key":"Fruit Juice"},{"floor":37.0,"key":"DuplicationPotion"},{"floor":45.0,"key":"Guardian:BlockOnCardUsePotion"}],"is_trial":false,"path_per_floor":["M","M","$","M","?","?","?","M","T","R","E","R","M","E","R","B",null,"M","$","?","$","?","R","M","M","T","E","?","M","E","M","R","B",null,"M","M","?","M","?","R","E","?","T","M","M","?","E","M","R","B",null],"character_chosen":"THE_CURSED","items_purchased":["TheCursedMod:SmokeScreen","Darkstone Periapt"],"campfire_rested":1,"item_purchase_floors":[3,19],"current_hp_per_floor":[74,72,72,67,60,60,60,60,60,60,32,54,51,45,45,15,75,49,49,49,49,49,49,49,41,47,31,31,31,31,31,31,8,81,79,76,81,81,81,81,81,81,87,81,81,81,75,70,70,46],"gold":609,"neow_bonus":"REMOVE_CARD","is_daily":false,"chose_seed":false,"campfire_upgraded":6,"win_rate":0.0,"timestamp":1612946497,"path_taken":["M","M","$","M","?","?","?","M","T","R","E","R","?","E","R","BOSS","M","$","?","$","?","R","M","M","T","E","?","M","E","M","R","BOSS","M","M","?","?","?","R","E","?","T","M","M","?","E","M","R","BOSS"],"items_purchased_type":["Card","Relic"],"build_version":"2020-12-22","purchased_purges":3,"victory":true,"max_hp_per_floor":[75,75,75,75,75,75,75,75,75,75,75,75,75,75,75,75,75,75,75,75,75,75,75,75,75,81,81,81,81,81,81,81,81,81,81,81,86,86,82,82,82,82,88,88,88,88,88,88,88,88],"card_choices":[{"not_picked":["TheCursedMod:BlessingInDisguise","TheCursedMod:CursedArmor"],"picked":"TheCursedMod:Obscuration","floor":1.0},{"not_picked":["TheCursedMod:AshesToAshes","TheCursedMod:ReleasedKnowledge","TheCursedMod:CursedSpellbook"],"picked":"SKIP","floor":2.0},{"not_picked":["TheCursedMod:CursedMace","TheCursedMod:TacticalStrike","TheCursedMod:Torture"],"picked":"SKIP","floor":4.0},{"not_picked":["TheCursedMod:SoulCrush","TheCursedMod:FleshFromBone"],"picked":"TheCursedMod:WearCloak","floor":8.0},{"not_picked":["TheCursedMod:Mangle","TheCursedMod:HellfireBreathing","TheCursedMod:WearCloak"],"picked":"SKIP","floor":11.0},{"not_picked":["TheCursedMod:SpitefulStrike","TheCursedMod:Stretching","TheCursedMod:Wield"],"picked":"SKIP","floor":13.0},{"not_picked":["TheCursedMod:HellsGateOpen","TheCursedMod:CircleOfFocus"],"picked":"TheCursedMod:CursedBlade","floor":14.0},{"not_picked":["TheCursedMod:Obscuration","TheCursedMod:Torture"],"picked":"TheCursedMod:SpitefulPlan","floor":18.0},{"not_picked":["TheCursedMod:Stretching","TheCursedMod:FleshFromBone","TheCursedMod:TroublousMinions"],"picked":"SKIP","floor":24.0},{"not_picked":["TheCursedMod:RavingStaff+1","TheCursedMod:CircleOfAbyss","TheCursedMod:StingEye"],"picked":"SKIP","floor":25.0},{"not_picked":["TheCursedMod:TroublousMinions","TheCursedMod:CursedMace+1"],"picked":"TheCursedMod:HellfireBreathing+1","floor":27.0},{"not_picked":["TheCursedMod:CircleOfCorruption","TheCursedMod:Obscuration","TheCursedMod:Stigma+1"],"picked":"SKIP","floor":29.0},{"not_picked":["TheCursedMod:AshesToAshes+1","TheCursedMod:CircleOfAbyss"],"picked":"TheCursedMod:NeowsMight","floor":30.0},{"not_picked":["TheCursedMod:VitalStrike+1","TheCursedMod:CursedArmor"],"picked":"TheCursedMod:SpitefulStrike","floor":31.0},{"not_picked":["TheCursedMod:CursedRelics","TheCursedMod:UltimatePain"],"picked":"TheCursedMod:OutForBlood","floor":33.0},{"not_picked":["TheCursedMod:Obscuration","TheCursedMod:ManaBullet+1","TheCursedMod:StingEye+1"],"picked":"SKIP","floor":35.0},{"not_picked":["TheCursedMod:Stigma","TheCursedMod:CursedBlade+1","TheCursedMod:VitalStrike"],"picked":"SKIP","floor":36.0},{"not_picked":["TheCursedMod:HellfireBreathing","TheCursedMod:SmokeScreen","TheCursedMod:CursedAmulet"],"picked":"SKIP","floor":38.0},{"not_picked":["TheCursedMod:CursedMace","TheCursedMod:CursedBlade","TheCursedMod:SpitefulPlan+1"],"picked":"SKIP","floor":41.0},{"not_picked":["TheCursedMod:CircleOfCorruption","TheCursedMod:RapidMovement","TheCursedMod:SpitefulPlan+1"],"picked":"SKIP","floor":44.0},{"not_picked":["TheCursedMod:CollectTribute","TheCursedMod:LuckyCharm+1","TheCursedMod:Stretching+1"],"picked":"SKIP","floor":45.0},{"not_picked":["TheCursedMod:Obscuration+1","TheCursedMod:RavingStaff+1","TheCursedMod:Stretching"],"picked":"SKIP","floor":47},{"not_picked":["TheCursedMod:EmpowerCircles+1","TheCursedMod:CursedShiv+1"],"picked":"TheCursedMod:CursedMace+1","floor":48}],"player_experience":1013190,"relics_obtained":[{"floor":9.0,"key":"Ornamental Fan"},{"floor":11.0,"key":"Ancient Tea Set"},{"floor":14.0,"key":"Mummified Hand"},{"floor":26.0,"key":"Vajra"},{"floor":27.0,"key":"Akabeko"},{"floor":30.0,"key":"Boot"},{"floor":41.0,"key":"Mercury Hourglass"},{"floor":43.0,"key":"HollowMod:StagPassRelic"},{"floor":47,"key":"MawBank"}],"event_choices":[{"cards_removed":["TheCursedMod:Strike_TheCursed"],"damage_healed":0.0,"max_hp_gain":0.0,"max_hp_loss":0.0,"gold_gain":0.0,"event_name":"Golden Wing","player_choice":"Card Removal","floor":5.0,"gold_loss":0.0,"damage_taken":7.0},{"damage_healed":0.0,"max_hp_gain":0.0,"max_hp_loss":0.0,"gold_gain":175.0,"event_name":"Liars Game","player_choice":"AGREE","floor":6.0,"gold_loss":0.0,"damage_taken":0.0,"cards_obtained":["Doubt"]},{"cards_removed":["TheCursedMod:Defend_TheCursed"],"damage_healed":0.0,"max_hp_gain":0.0,"max_hp_loss":0.0,"gold_gain":0.0,"event_name":"Living Wall","player_choice":"Forget","floor":7.0,"gold_loss":0.0,"damage_taken":0.0},{"damage_healed":0.0,"max_hp_gain":0.0,"max_hp_loss":0.0,"gold_gain":99.0,"event_name":"Nest","player_choice":"Stole From Cult","floor":20.0,"gold_loss":0.0,"damage_taken":0.0},{"damage_healed":0.0,"max_hp_gain":0.0,"max_hp_loss":0.0,"gold_gain":0.0,"event_name":"Masked Bandits","player_choice":"Paid Fearfully","floor":22.0,"gold_loss":27.0,"damage_taken":0.0},{"damage_healed":0.0,"max_hp_gain":0.0,"max_hp_loss":0.0,"gold_gain":0.0,"event_name":"The Mausoleum","player_choice":"Opened","floor":28.0,"gold_loss":0.0,"damage_taken":0.0,"relics_obtained":["Oddly Smooth Stone"]},{"damage_healed":0.0,"max_hp_gain":0.0,"max_hp_loss":0.0,"gold_gain":0.0,"event_name":"Lab","player_choice":"Got Potions","floor":37.0,"gold_loss":0.0,"damage_taken":0.0},{"damage_healed":0.0,"max_hp_gain":0.0,"max_hp_loss":4.0,"gold_gain":0.0,"event_name":"Winding Halls","player_choice":"Max HP","floor":39.0,"gold_loss":0.0,"damage_taken":0.0},{"damage_healed":0.0,"max_hp_gain":0.0,"max_hp_loss":0.0,"gold_gain":0.0,"event_name":"Tomb of Lord Red Mask","player_choice":"Ignored","floor":42.0,"gold_loss":0.0,"damage_taken":0.0},{"damage_healed":0.0,"max_hp_gain":0.0,"max_hp_loss":0.0,"gold_gain":100.0,"event_name":"Golden Shrine","player_choice":"Pray","floor":46.0,"gold_loss":0.0,"damage_taken":0.0}],"is_beta":false,"boss_relics":[{"not_picked":["Astrolabe","Fusion Hammer"],"picked":"Cursed Key"},{"not_picked":["Coffee Dripper","Empty Cage"],"picked":"TheCursedMod:BlackMagicAdvanced"}],"items_purged_floors":[3,19,21],"is_endless":false,"potions_floor_spawned":[1,4,13,14,24,25,31,33,36,45,48],"ascension_level":0}}