{"host":"a81lcl2i2xcd8h5v","time":1612974735,"event":{"mods":["2.2 Compatiblity","BaseMod","Bestiary","Colored Map","Colored Powertips","Curses Come First","Highlight Path","Keyboard Shortcuts","Minty Spire (QoL Compilation)","Relic Stats","StSLib","SuperFastMode"],"gold_per_floor":[116,116,131,147,147,186,186,225,225,305,328,328,347,23,23,146,146,159,159,159,172,50,50,84,103,126,126,28,28,72,2,2,126,126,144,73,97,97,115,115,146,479,479,244,244,271,271,291,291,291],"floor_reached":51,"language":"ENG","playtime":7056,"items_purged":["Bite","Writhe"],"score":824,"play_id":"e7c411bd-9c91-4236-94c2-ba51c114a61c","local_time":"20210210143215","is_ascension_mode":false,"campfire_choices":[{"data":"Terror","floor":7.0,"key":"SMITH"},{"floor":15.0,"key":"REST"},{"data":"Blade Dance","floor":23.0,"key":"SMITH"},{"data":"Neutralize","floor":29.0,"key":"SMITH"},{"data":"Noxious Fumes","floor":32.0,"key":"SMITH"},{"data":"Infinite Blades","floor":40.0,"key":"SMITH"},{"data":"A Thousand Cuts","floor":47.0,"key":"SMITH"},{"data":"Adrenaline","floor":49.0,"key":"SMITH"}],"circlet_count":0,"master_deck":["Defend_G","Defend_G","Defend_G","Defend_G","Defend_G","Survivor","Neutralize+1","Dagger Spray","Terror+1","Distraction","Noxious Fumes+1","Poisoned Stab","Finisher","Terror+1","Blade Dance+1","Unload","Dodge and Roll+1","Bite","Bite","Bite","Bite","Slice","Slice","Adrenaline+1","Slice","Endless Agony","Choke+1","Infinite Blades+1","Blade Dance+1","Blur+1","Parasite","A Thousand Cuts+1","Well Laid Plans","Blur+1","Caltrops+1"],"relics":["Ring of the Snake","White Beast Statue","Matryoshka","Boot","Regal Pillow","Darkstone Periapt","Whetstone","Vajra","DollysMirror","WristBlade","HornCleat","Ornamental Fan","Toy Ornithopter","Snake Skull","Strawberry","Cursed Key","PreservedInsect","Paper Crane","Bronze Scales"],"acts_visited":["Exordium","TheCity","TheBeyond"],"potions_floor_usage":[50,50],"damage_taken":[{"damage":6.0,"enemies":"Cultist","floor":1.0,"turns":3.0},{"damage":2.0,"enemies":"Jaw Worm","floor":3.0,"turns":4.0},{"damage":1.0,"enemies":"2 Louse","floor":4.0,"turns":3.0},{"damage":36.0,"enemies":"Lagavulin","floor":6.0,"turns":7.0},{"damage":5.0,"enemies":"3 Sentries","floor":8.0,"turns":9.0},{"damage":12.0,"enemies":"Lagavulin Event","floor":10.0,"turns":5.0},{"damage":0.0,"enemies":"Large Slime","floor":11.0,"turns":5.0},{"damage":0.0,"enemies":"Looter","floor":13.0,"turns":3.0},{"damage":26.0,"enemies":"Hexaghost","floor":16.0,"turns":7.0},{"damage":0.0,"enemies":"Shell Parasite","floor":18.0,"turns":2.0},{"damage":0.0,"enemies":"Chosen","floor":21.0,"turns":3.0},{"damage":0.0,"enemies":"Gremlin Leader","floor":24.0,"turns":5.0},{"damage":9.0,"enemies":"Centurion and Healer","floor":25.0,"turns":4.0},{"damage":4.0,"enemies":"Book of Stabbing","floor":30.0,"turns":4.0},{"damage":55.0,"enemies":"Champ","floor":33.0,"turns":10.0},{"damage":11.0,"enemies":"3 Darklings","floor":35.0,"turns":4.0},{"damage":26.0,"enemies":"3 Shapes","floor":37.0,"turns":4.0},{"damage":0.0,"enemies":"Spire Growth","floor":39.0,"turns":3.0},{"damage":0.0,"enemies":"Giant Head","floor":41.0,"turns":5.0},{"damage":6.0,"enemies":"Reptomancer","floor":46.0,"turns":6.0},{"damage":0.0,"enemies":"Jaw Worm Horde","floor":48.0,"turns":4.0},{"damage":67,"enemies":"Awakened One","floor":50,"turns":9}],"seed_played":"5276179636940529479","potions_obtained":[{"floor":1.0,"key":"Fruit Juice"},{"floor":3.0,"key":"EssenceOfSteel"},{"floor":4.0,"key":"FearPotion"},{"floor":6.0,"key":"SteroidPotion"},{"floor":8.0,"key":"Weak Potion"},{"floor":10.0,"key":"LiquidMemories"},{"floor":11.0,"key":"SmokeBomb"},{"floor":13.0,"key":"Swift Potion"},{"floor":16.0,"key":"AttackPotion"},{"floor":21.0,"key":"Strength Potion"},{"floor":25.0,"key":"DistilledChaos"},{"floor":39.0,"key":"LiquidBronze"}],"is_trial":false,"path_per_floor":["M","?","M","M","?","E","R","E","T","?","M","?","M","$","R","B",null,"M","?","?","M","$","R","E","M","T","?","$","R","E","$","R","B",null,"M","$","M","?","M","R","E","?","T","$","?","E","R","M","R","B",null],"character_chosen":"THE_SILENT","items_purchased":["Vajra","DollysMirror","Blade Dance","Slice","FairyPotion","Endless Agony","Infinite Blades","A Thousand Cuts"],"campfire_rested":1,"item_purchase_floors":[14,14,14,22,28,31,36,44],"current_hp_per_floor":[76,58,56,55,55,19,19,14,14,2,2,2,2,2,41,15,82,82,57,57,57,57,57,57,54,54,60,60,60,69,69,69,27,70,63,63,43,43,47,47,53,53,59,59,59,61,61,63,63,18],"gold":291,"neow_bonus":"TEN_PERCENT_HP_BONUS","is_daily":false,"chose_seed":false,"campfire_upgraded":7,"win_rate":0.0,"timestamp":1612974735,"path_taken":["M","?","M","M","?","E","R","E","T","?","M","?","M","$","R","BOSS","M","?","?","M","$","R","E","?","T","?","$","R","E","?","R","BOSS","M","$","M","?","M","R","E","?","T","$","?","E","R","M","R","BOSS"],"items_purchased_type":["Relic","Relic","Card","Card","Potion","Card","Card","Card"],"build_version":"2020-12-22","purchased_purges":2,"victory":true,"max_hp_per_floor":[82,82,82,82,82,82,82,82,82,82,82,82,82,82,82,82,82,82,57,57,57,57,57,57,57,57,63,63,63,70,70,70,70,70,70,70,70,70,70,70,70,70,76,76,76,76,76,76,76,76],"relic_stats":{"Darkstone Periapt":12,"Regal Pillow":15,"counters":[22,109],"Snake Skull":[29],"PreservedInsect":59,"Whetstone":["Slice","Strike_G"],"Boot":[24],"Cursed Key":1,"Ornamental Fan":[180],"Bronze Scales":[51],"obtain_stats":[{"Darkstone Periapt":9,"Regal Pillow":9,"Golden Idol":5,"Vajra":14,"Snake Skull":27,"PreservedInsect":41,"Whetstone":10,"Paper Crane":43,"Boot":8,"Cursed Key":34,"White Beast Statue":2,"Matryoshka":6,"HornCleat":24,"WristBlade":17,"DollysMirror":14,"Ornamental Fan":26,"Strawberry":30,"Bronze Scales":46,"Toy Ornithopter":26,"Ring of the Snake":0},{"Darkstone Periapt":5,"Regal Pillow":5,"Golden Idol":3,"Vajra":8,"Snake Skull":13,"PreservedInsect":19,"Whetstone":6,"Paper Crane":19,"Boot":5,"Cursed Key":15,"White Beast Statue":1,"Matryoshka":4,"HornCleat":12,"WristBlade":9,"DollysMirror":8,"Ornamental Fan":13,"Strawberry":14,"Bronze Scales":20,"Toy Ornithopter":13,"Ring of the Snake":0},{"Darkstone Periapt":26,"Regal Pillow":26,"Golden Idol":10,"Vajra":39,"Snake Skull":60,"PreservedInsect":90,"Whetstone":31,"Paper Crane":90,"Boot":26,"Cursed Key":74,"White Beast Statue":3,"Matryoshka":17,"HornCleat":56,"WristBlade":46,"DollysMirror":39,"Ornamental Fan":60,"Strawberry":64,"Bronze Scales":96,"Toy Ornithopter":60,"Ring of the Snake":0}],"Toy Ornithopter":10,"Ring of the Snake":[45]},"card_choices":[{"not_picked":["Footwork","Outmaneuver"],"picked":"Dagger Spray","floor":1.0},{"not_picked":["PiercingWail","Doppelganger"],"picked":"Terror","floor":3.0},{"not_picked":["Acrobatics","Dodge and Roll"],"picked":"Slice","floor":4.0},{"not_picked":["PiercingWail","Expertise"],"picked":"Distraction","floor":6.0},{"not_picked":["Outmaneuver","Sucker Punch"],"picked":"Noxious Fumes","floor":8.0},{"not_picked":["Underhanded Strike","Dodge and Roll"],"picked":"Poisoned Stab","floor":10.0},{"not_picked":["Dagger Spray","Deadly Poison","Reflex"],"picked":"SKIP","floor":11.0},{"not_picked":["Prepared","Flechettes"],"picked":"Finisher","floor":13.0},{"not_picked":["Envenom","Night Terror"],"picked":"Unload","floor":16.0},{"not_picked":["Backstab","Backflip+1"],"picked":"Dodge and Roll+1","floor":18.0},{"not_picked":["Calculated Gamble+1","Deadly Poison"],"picked":"Slice","floor":21.0},{"not_picked":["Dodge and Roll","Tactician"],"picked":"Adrenaline","floor":24.0},{"not_picked":["Dagger Spray","Flechettes","Underhanded Strike"],"picked":"SKIP","floor":25.0},{"not_picked":["Deadly Poison","PiercingWail"],"picked":"Slice","floor":30.0},{"not_picked":["Prepared+1","Deadly Poison+1"],"picked":"Choke+1","floor":35.0},{"not_picked":["Distraction","Dagger Spray"],"picked":"Blade Dance+1","floor":37.0},{"not_picked":["Terror","Riddle With Holes+1","Deadly Poison"],"picked":"SKIP","floor":39.0},{"not_picked":["Riddle With Holes+1","Sucker Punch+1"],"picked":"Blur+1","floor":41.0},{"not_picked":["Finisher+1","Sucker Punch+1"],"picked":"Blur+1","floor":46.0},{"not_picked":["Prepared","Well Laid Plans+1"],"picked":"Caltrops+1","floor":48.0}],"player_experience":1039,"relics_obtained":[{"floor":6.0,"key":"Matryoshka"},{"floor":8.0,"key":"Boot"},{"floor":9.0,"key":"Regal Pillow"},{"floor":9.0,"key":"Darkstone Periapt"},{"floor":10.0,"key":"Whetstone"},{"floor":24.0,"key":"HornCleat"},{"floor":26.0,"key":"Ornamental Fan"},{"floor":26.0,"key":"Toy Ornithopter"},{"floor":30.0,"key":"Strawberry"},{"floor":41.0,"key":"PreservedInsect"},{"floor":43.0,"key":"Paper Crane"},{"floor":46.0,"key":"Bronze Scales"}],"event_choices":[{"damage_healed":0.0,"max_hp_gain":0.0,"max_hp_loss":0.0,"gold_gain":0.0,"event_name":"Scrap Ooze","player_choice":"Success","floor":2.0,"gold_loss":0.0,"damage_taken":18.0,"relics_obtained":["White Beast Statue"]},{"damage_healed":0.0,"max_hp_gain":0.0,"max_hp_loss":0.0,"gold_gain":0.0,"event_name":"Golden Idol","player_choice":"Take Wound","floor":5.0,"gold_loss":0.0,"damage_taken":0.0,"relics_obtained":["Golden Idol"],"cards_obtained":["Injury"]},{"damage_healed":0.0,"max_hp_gain":0.0,"max_hp_loss":0.0,"gold_gain":0.0,"event_name":"Dead Adventurer","player_choice":"Searched \u00271\u0027 times","floor":10.0,"gold_loss":0.0,"damage_taken":0.0},{"cards_removed":["Injury"],"damage_healed":0.0,"max_hp_gain":0.0,"max_hp_loss":0.0,"gold_gain":0.0,"event_name":"Living Wall","player_choice":"Forget","floor":12.0,"gold_loss":0.0,"damage_taken":0.0},{"damage_healed":0.0,"max_hp_gain":0.0,"max_hp_loss":25.0,"gold_gain":0.0,"event_name":"Vampires","player_choice":"Became a vampire","floor":19.0,"gold_loss":0.0,"damage_taken":0.0,"cards_obtained":["Bite","Bite","Bite","Bite","Bite"]},{"damage_healed":0.0,"max_hp_gain":0.0,"max_hp_loss":0.0,"gold_gain":0.0,"event_name":"N\u0027loth","player_choice":"Ignored","floor":20.0,"gold_loss":0.0,"damage_taken":0.0},{"damage_healed":0.0,"max_hp_gain":0.0,"max_hp_loss":0.0,"gold_gain":0.0,"event_name":"The Mausoleum","player_choice":"Opened","floor":27.0,"gold_loss":0.0,"damage_taken":0.0,"relics_obtained":["Snake Skull"],"cards_obtained":["Writhe"]},{"cards_removed":["Slice"],"damage_healed":0.0,"max_hp_gain":0.0,"max_hp_loss":0.0,"gold_gain":0.0,"event_name":"Falling","player_choice":"Removed Attack","floor":38.0,"gold_loss":0.0,"damage_taken":0.0},{"damage_healed":0.0,"max_hp_gain":0.0,"max_hp_loss":0.0,"gold_gain":333.0,"event_name":"The Moai Head","player_choice":"Gave Idol","floor":42.0,"relics_lost":["Golden Idol"],"gold_loss":0.0,"damage_taken":0.0},{"damage_healed":0.0,"max_hp_gain":0.0,"max_hp_loss":0.0,"gold_gain":0.0,"event_name":"Match and Keep!","player_choice":"1 cards matched","floor":45.0,"gold_loss":0.0,"damage_taken":0.0,"cards_obtained":["Well Laid Plans"]}],"is_beta":false,"boss_relics":[{"not_picked":["Velvet Choker","SacredBark"],"picked":"WristBlade"},{"not_picked":["Coffee Dripper","Calling Bell"],"picked":"Cursed Key"}],"items_purged_floors":[22,44],"is_endless":false,"potions_floor_spawned":[1,3,4,6,8,10,11,13,16,18,21,24,25,30,33,35,37,39,41,46,48],"ascension_level":0}}