{"host":"19tvufa8xx4wr4o1","time":1612998052,"event":{"mods":["AchievementEnabler","BaseMod","Better Sensory Stone","Better Third Choice","Highlight Path","Minty Spire (QoL Compilation)","Relic Stats","StSLib"],"gold_per_floor":[111,111,125,125,143,170,185,199,199,168,168,168,184,214,214,318,318,333,350,366,366,179,179,210,210,210,210,187,205,221,249,249,348,348,358,53,103,146,146,146,146,163,163,163,6,32,43,43,43,43,43],"floor_reached":50,"language":"ENG","playtime":2892,"items_purged":["Strike_P"],"score":908,"play_id":"1b095e86-4d9a-49c6-94ea-64afed0e7ce1","local_time":"20210210170052","is_ascension_mode":true,"campfire_choices":[{"floor":11.0,"key":"REST"},{"data":"EmptyFist","floor":15.0,"key":"SMITH"},{"data":"Blasphemy","floor":23.0,"key":"SMITH"},{"data":"MasterReality","floor":27.0,"key":"SMITH"},{"data":"Wish","floor":32.0,"key":"SMITH"},{"floor":40,"key":"REST"},{"data":"Vault","floor":41,"key":"SMITH"},{"data":"TalkToTheHand","floor":44,"key":"SMITH"},{"floor":49,"key":"REST"}],"circlet_count":0,"master_deck":["AscendersBane","Strike_P","Strike_P","Strike_P","Defend_P","Defend_P","Defend_P","Defend_P","Eruption+1","Vigilance","MentalFortress","EmptyFist+1","LikeWater","InnerPeace","CarveReality","SandsOfTime","Blasphemy+1","MasterReality+1","Meditate","Swivel","TalkToTheHand+1","Wallop","Indignation","Wallop","Protect","Tantrum","FlurryOfBlows+1","Adaptation+1","EmptyMind","Wish+1","Vault+1","Perseverance+1","EmptyMind+1","Perseverance+1","Meditate+1","ReachHeaven+1","SandsOfTime+1","Fasting2+1","Scrawl"],"relics":["PureWater","Orichalcum","Unceasing Top","Prayer Wheel","SlaversCollar","Pantograph","MealTicket","Happy Flower","Bottled Lightning","VioletLotus","WingedGreaves","Mango","PreservedInsect","Blood Vial"],"acts_visited":["Exordium","TheCity","TheBeyond"],"potions_floor_usage":[42,47,47,50],"damage_taken":[{"damage":2.0,"enemies":"Cultist","floor":1.0,"turns":3.0},{"damage":8.0,"enemies":"Jaw Worm","floor":3.0,"turns":6.0},{"damage":5.0,"enemies":"2 Louse","floor":5.0,"turns":3.0},{"damage":8.0,"enemies":"Gremlin Nob","floor":6.0,"turns":4.0},{"damage":0.0,"enemies":"2 Fungi Beasts","floor":7.0,"turns":2.0},{"damage":9.0,"enemies":"Blue Slaver","floor":8.0,"turns":5.0},{"damage":2.0,"enemies":"Lots of Slimes","floor":13.0,"turns":2.0},{"damage":0.0,"enemies":"Lagavulin","floor":14.0,"turns":5.0},{"damage":26.0,"enemies":"Hexaghost","floor":16.0,"turns":9.0},{"damage":7.0,"enemies":"Chosen","floor":18.0,"turns":3.0},{"damage":28.0,"enemies":"2 Thieves","floor":19.0,"turns":5.0},{"damage":8.0,"enemies":"Centurion and Healer","floor":20.0,"turns":5.0},{"damage":0.0,"enemies":"Gremlin Leader","floor":24.0,"turns":7.0},{"damage":6.0,"enemies":"Snake Plant","floor":29.0,"turns":4.0},{"damage":0.0,"enemies":"Snecko","floor":30.0,"turns":3.0},{"damage":19.0,"enemies":"Book of Stabbing","floor":31.0,"turns":5.0},{"damage":42.0,"enemies":"Automaton","floor":33.0,"turns":8.0},{"damage":1.0,"enemies":"3 Darklings","floor":35.0,"turns":4.0},{"damage":31.0,"enemies":"Orb Walker","floor":37.0,"turns":5.0},{"damage":19,"enemies":"Sphere and 2 Shapes","floor":38,"turns":9},{"damage":17,"enemies":"Writhing Mass","floor":42,"turns":11},{"damage":6,"enemies":"Giant Head","floor":46,"turns":6},{"damage":39,"enemies":"3 Darklings","floor":47,"turns":3},{"damage":73,"enemies":"Donu and Deca","floor":50,"turns":6}],"seed_played":"-860542497863938826","potions_obtained":[{"floor":1.0,"key":"AttackPotion"},{"floor":5.0,"key":"StancePotion"},{"floor":7.0,"key":"DistilledChaos"},{"floor":16.0,"key":"Fruit Juice"},{"floor":20.0,"key":"SteroidPotion"},{"floor":24.0,"key":"DuplicationPotion"},{"floor":29.0,"key":"Block Potion"},{"floor":38,"key":"BottledMiracle"},{"floor":46,"key":"EntropicBrew"}],"is_trial":false,"path_per_floor":["M","?","M","?","M","E","M","M","T","?","R","?","M","E","R","B",null,"M","M","M","?","$","R","E","?","T","R","$","M","M","E","R","B",null,"M","$","M","M","?","R","R","M","T","R","$","E","M","?","R","B"],"character_chosen":"WATCHER","items_purchased":["Indignation","Wallop","Protect","WingedGreaves","PreservedInsect"],"campfire_rested":3,"item_purchase_floors":[22,22,28,36,45],"current_hp_per_floor":[63,63,55,48,43,35,35,26,26,26,47,47,45,45,45,24,64,57,29,21,77,77,77,77,77,77,77,77,71,71,52,52,35,67,66,77,46,27,27,50,50,33,47,47,62,56,19,19,46,0,0],"gold":43,"neow_bonus":"UPGRADE_CARD","is_daily":false,"chose_seed":false,"campfire_upgraded":6,"win_rate":0.0,"timestamp":1612998052,"path_taken":["M","?","M","?","M","E","?","M","T","?","R","?","?","E","R","BOSS","M","M","M","?","?","R","E","?","T","R","?","?","M","E","R","BOSS","M","$","M","?","?","R","R","M","T","R","$","E","M","?","R","BOSS"],"items_purchased_type":["Card","Card","Card","Relic","Relic"],"build_version":"2020-12-22","purchased_purges":1,"victory":false,"max_hp_per_floor":[72,72,72,72,72,72,72,72,72,72,72,72,72,72,72,77,77,77,77,77,77,77,77,77,77,77,77,77,77,77,77,77,77,77,77,77,77,77,77,77,77,77,91,91,91,91,91,91,91,91,91],"relic_stats":{"Blood Vial":4,"Happy Flower":[21],"counters":[24,123],"Pantograph":50,"Prayer Wheel":10,"MealTicket":26,"VioletLotus":[16],"PreservedInsect":130,"Orichalcum":[126],"obtain_stats":[{"Happy Flower":26,"Mango":43,"PreservedInsect":45,"Orichalcum":6,"Blood Vial":46,"SlaversCollar":17,"Pantograph":24,"Prayer Wheel":14,"MealTicket":25,"VioletLotus":34,"WingedGreaves":36,"Bottled Lightning":31,"PureWater":0,"Unceasing Top":9},{"Happy Flower":13,"Mango":21,"PreservedInsect":21,"Orichalcum":4,"Blood Vial":22,"SlaversCollar":9,"Pantograph":13,"Prayer Wheel":8,"MealTicket":13,"VioletLotus":17,"WingedGreaves":18,"Bottled Lightning":16,"PureWater":0,"Unceasing Top":6},{"Happy Flower":59,"Mango":108,"PreservedInsect":108,"Orichalcum":16,"Blood Vial":114,"SlaversCollar":39,"Pantograph":59,"Prayer Wheel":30,"MealTicket":59,"VioletLotus":79,"WingedGreaves":83,"Bottled Lightning":71,"PureWater":0,"Unceasing Top":23}],"Unceasing Top":[0]},"card_choices":[{"not_picked":["SignatureMove","Wireheading"],"picked":"MentalFortress","floor":1.0},{"not_picked":["Evaluate","FlurryOfBlows"],"picked":"EmptyFist","floor":3.0},{"not_picked":["JustLucky","ThirdEye"],"picked":"LikeWater","floor":5.0},{"not_picked":["Halt","CutThroughFate","JustLucky"],"picked":"SKIP","floor":6.0},{"not_picked":["LikeWater","Devotion"],"picked":"InnerPeace","floor":7.0},{"not_picked":["Halt","FlurryOfBlows"],"picked":"CarveReality","floor":8.0},{"not_picked":["Evaluate","JustLucky"],"picked":"SandsOfTime","floor":13.0},{"not_picked":["ClearTheMind","ThirdEye"],"picked":"Blasphemy","floor":14.0},{"not_picked":["Alpha","Blasphemy"],"picked":"MasterReality","floor":16.0},{"not_picked":["ClearTheMind","SashWhip"],"picked":"Meditate","floor":18.0},{"not_picked":["Prostrate","PathToVictory"],"picked":"Swivel","floor":18.0},{"not_picked":["Sanctity","SashWhip"],"picked":"TalkToTheHand","floor":19.0},{"not_picked":["Collect","FlurryOfBlows","Blasphemy"],"picked":"SKIP","floor":19.0},{"not_picked":["CarveReality+1","Halt"],"picked":"Wallop","floor":20.0},{"not_picked":["BowlingBash","Weave","Perseverance"],"picked":"SKIP","floor":20.0},{"not_picked":["EmptyBody","Protect","Weave+1"],"picked":"SKIP","floor":24.0},{"not_picked":["EmptyBody","Protect","Weave+1"],"picked":"SKIP","floor":24.0},{"not_picked":["Perseverance","JustLucky"],"picked":"Tantrum","floor":29.0},{"not_picked":["Evaluate","JustLucky"],"picked":"FlurryOfBlows+1","floor":29.0},{"not_picked":["WindmillStrike","SandsOfTime"],"picked":"Adaptation+1","floor":30.0},{"not_picked":["Halt+1","Weave"],"picked":"EmptyMind","floor":30.0},{"not_picked":["Consecrate","Wish","Halt"],"picked":"SKIP","floor":31.0},{"not_picked":["Consecrate","Halt"],"picked":"Wish","floor":31.0},{"not_picked":["DeusExMachina","Blasphemy"],"picked":"Vault","floor":33.0},{"not_picked":["Collect+1","ClearTheMind"],"picked":"Perseverance+1","floor":35.0},{"not_picked":["PathToVictory+1","Evaluate"],"picked":"EmptyMind+1","floor":35.0},{"not_picked":["Consecrate","Adaptation"],"picked":"Perseverance+1","floor":37.0},{"not_picked":["Evaluate","InnerPeace"],"picked":"Meditate+1","floor":37.0},{"not_picked":["Perseverance","EmptyBody+1"],"picked":"ReachHeaven+1","floor":38},{"not_picked":["BowlingBash","PathToVictory","Prostrate+1"],"picked":"SKIP","floor":38},{"not_picked":["EmptyBody","Worship"],"picked":"SandsOfTime+1","floor":42},{"not_picked":["Meditate","Nirvana","BowlingBash"],"picked":"SKIP","floor":42},{"not_picked":["EmptyBody","WreathOfFlame+1"],"picked":"Fasting2+1","floor":46},{"not_picked":["WreathOfFlame","Evaluate+1"],"picked":"Scrawl","floor":47},{"not_picked":["ThirdEye+1","JustLucky+1","PathToVictory"],"picked":"SKIP","floor":47}],"player_experience":630721,"relics_obtained":[{"floor":6.0,"key":"Orichalcum"},{"floor":9.0,"key":"Unceasing Top"},{"floor":14.0,"key":"Prayer Wheel"},{"floor":24.0,"key":"Pantograph"},{"floor":26.0,"key":"Happy Flower"},{"floor":31.0,"key":"Bottled Lightning"},{"floor":43,"key":"Mango"},{"floor":46,"key":"Blood Vial"}],"event_choices":[{"damage_healed":0.0,"max_hp_gain":0.0,"max_hp_loss":0.0,"gold_gain":0.0,"event_name":"The Cleric","player_choice":"Leave","floor":2.0,"gold_loss":0.0,"damage_taken":0.0},{"damage_healed":0.0,"max_hp_gain":0.0,"max_hp_loss":0.0,"gold_gain":0.0,"event_name":"Wheel of Change","player_choice":"Damaged","floor":4.0,"gold_loss":0.0,"damage_taken":7.0},{"damage_healed":0.0,"max_hp_gain":0.0,"max_hp_loss":0.0,"gold_gain":0.0,"event_name":"betterThird:BetterGoop","player_choice":"Left","floor":10.0,"gold_loss":31.0,"damage_taken":0.0},{"damage_healed":0.0,"max_hp_gain":0.0,"max_hp_loss":0.0,"gold_gain":1.0,"event_name":"betterStone:BetterStone","player_choice":"1","floor":12.0,"gold_loss":0.0,"damage_taken":0.0},{"damage_healed":56.0,"max_hp_gain":0.0,"max_hp_loss":0.0,"gold_gain":0.0,"event_name":"Wheel of Change","player_choice":"Full Heal","floor":21.0,"gold_loss":0.0,"damage_taken":0.0},{"damage_healed":0.0,"max_hp_gain":0.0,"max_hp_loss":0.0,"gold_gain":0.0,"event_name":"The Mausoleum","player_choice":"Opened","floor":25.0,"gold_loss":0.0,"damage_taken":0.0,"relics_obtained":["MealTicket"]},{"damage_healed":0,"gold_gain":0,"player_choice":"Ignored","damage_taken":0,"max_hp_gain":0,"max_hp_loss":0,"event_name":"Tomb of Lord Red Mask","floor":39,"gold_loss":0},{"damage_healed":0,"gold_gain":0,"player_choice":"Random: Yellow","damage_taken":0,"max_hp_gain":0,"max_hp_loss":0,"event_name":"betterThird:BetterPortal","floor":48,"gold_loss":0},{"damage_healed":0,"gold_gain":0,"player_choice":"Ignored","damage_taken":0,"max_hp_gain":0,"max_hp_loss":0,"event_name":"NoteForYourself","floor":48,"gold_loss":0}],"is_beta":false,"boss_relics":[{"not_picked":["Runic Dome","Snecko Eye"],"picked":"SlaversCollar"},{"not_picked":["Calling Bell","Busted Crown"],"picked":"VioletLotus"}],"items_purged_floors":[22],"is_endless":false,"potions_floor_spawned":[1,5,7,16,20,24,29,38,46],"killed_by":"Donu and Deca","ascension_level":10}}