{"host":"42037lo9e0pj78nv","time":1612945214,"event":{"mods":["AchievementEnabler","BaseMod","Downfall","Hermit","Highlight Path","Minty Spire (QoL Compilation)","Replay The Spire","Shop Mod","StSLib","The Mystic","The Necromancer"],"gold_per_floor":[113,127,138,213,226,226,237,237,262,66,66,95,95,122,122,219,219,235,269,189,209,209,209,209,209,209,224,224,244,244,274,286,398,510,542,568,592,604,604],"floor_reached":38,"language":"ENG","playtime":4380,"items_purged":[],"score":419,"play_id":"4eef29c4-6e3f-4061-9f49-3f77f0713b97","local_time":"20210210002014","is_ascension_mode":false,"campfire_choices":[{"floor":6.0,"key":"REST"},{"floor":11.0,"key":"RECALL"},{"floor":13.0,"key":"REST"},{"floor":15.0,"key":"REST"},{"floor":23.0,"key":"REST"},{"floor":25.0,"key":"REST"},{"floor":28.0,"key":"REST"},{"floor":30.0,"key":"REST"},{"floor":32.0,"key":"REST"}],"circlet_count":0,"master_deck":["mysticmod:Strike_Mystic","mysticmod:Strike_Mystic","mysticmod:Strike_Mystic","mysticmod:Strike_Mystic","mysticmod:Defend_Mystic","mysticmod:Defend_Mystic","mysticmod:Defend_Mystic","mysticmod:Defend_Mystic","mysticmod:ArcaneDodge","mysticmod:ShockingGrasp","mysticmod:ComponentsPouch","mysticmod:ArcaneAccuracy","mysticmod:PowerSlash","mysticmod:Snowball","mysticmod:BladedDash","mysticmod:ComboCaster","mysticmod:ComboCaster","mysticmod:LightningBolt","mysticmod:Disengage","mysticmod:GeminiForm","mysticmod:Probe+1","mysticmod:CorrosiveTouch","Apotheosis","Specialist","Panache","mysticmod:Feint","downfall:Bewildered","Regret","mysticmod:Sideswipe+1","mysticmod:SuddenClarity+1","mysticmod:Dedication+1","mysticmod:SpontaneousCaster","mysticmod:CorrosiveTouch+1","mysticmod:DiviningBlow","mysticmod:CorrosiveTouch"],"relics":["mysticmod:SpellBook","Blue Doll","MerchantsRug","Odd Mushroom","Art of War","Replay:Grab Bag","Painkiller Herb","Cursed Key","Runic Pyramid","Red Mask","ReplayTheSpireMod:ShopPack","sneckomod:BabySnecko","Bottled Lightning","MawBank","Replay:Wanted Poster"],"acts_visited":["Exordium","TheCity","TheBeyond"],"potions_floor_usage":[],"damage_taken":[{"damage":0.0,"enemies":"2 Louse","floor":1.0,"turns":3.0},{"damage":0.0,"enemies":"Small Slimes","floor":2.0,"turns":3.0},{"damage":0.0,"enemies":"Jaw Worm","floor":3.0,"turns":3.0},{"damage":5.0,"enemies":"Blue Slaver","floor":5.0,"turns":3.0},{"damage":3.0,"enemies":"2 Fungi Beasts","floor":7.0,"turns":3.0},{"damage":17.0,"enemies":"The Mushroom Lair","floor":12.0,"turns":4.0},{"damage":36.0,"enemies":"Lagavulin","floor":14.0,"turns":6.0},{"damage":71.0,"enemies":"Fading Forest","floor":16.0,"turns":11.0},{"damage":6.0,"enemies":"Chosen","floor":18.0,"turns":5.0},{"damage":47.0,"enemies":"Masked Bandits","floor":19.0,"turns":5.0},{"damage":0.0,"enemies":"Spheric Guardian","floor":21.0,"turns":3.0},{"damage":3.0,"enemies":"3 Cultists","floor":27.0,"turns":3.0},{"damage":10.0,"enemies":"Chosen and Byrds","floor":29.0,"turns":4.0},{"damage":44.0,"enemies":"Book of Stabbing","floor":31.0,"turns":6.0},{"damage":23.0,"enemies":"Champ","floor":33.0,"turns":8.0},{"damage":56,"enemies":"3 Darklings","floor":35,"turns":4},{"damage":0,"enemies":"3 Shapes","floor":36,"turns":3},{"damage":10,"enemies":"Sphere and 2 Shapes","floor":37,"turns":5},{"damage":38,"enemies":"Transient","floor":38,"turns":3}],"seed_played":"-3012068805435612146","potions_obtained":[{"floor":1.0,"key":"Elixir"},{"floor":2.0,"key":"Weak Potion"},{"floor":3.0,"key":"Elixir"},{"floor":7.0,"key":"Swift Potion"},{"floor":21.0,"key":"Cursed Concoction"},{"floor":27.0,"key":"Swift Potion"},{"floor":37,"key":"GamblersBrew"}],"is_trial":false,"path_per_floor":["M","M","M","?","M","R","M","?","T","$","R","?","R","E","R","B",null,"?","?","T","?","?","T","?","T","T","?","T","?","T","E","T","B",null,"?","?","?","?"],"character_chosen":"MYSTIC_CLASS","items_purchased":["mysticmod:ComboCaster","MerchantsRug","ReplayTheSpireMod:ShopPack"],"campfire_rested":8,"item_purchase_floors":[10,10,20],"current_hp_per_floor":[84,84,84,73,68,84,81,81,81,81,81,64,84,48,73,18,84,78,31,31,31,31,56,40,66,66,63,89,79,89,45,71,48,89,33,33,23,0,0],"gold":604,"neow_bonus":"TEN_PERCENT_HP_BONUS","is_daily":false,"chose_seed":false,"campfire_upgraded":0,"win_rate":0.0,"timestamp":1612945214,"path_taken":["M","M","M","?","M","R","M","?","T","$","R","?","R","E","R","BOSS","?","?","T","?","?","T","?","T","T","?","T","?","T","E","T","BOSS","?","?","?","?"],"items_purchased_type":["Card","Relic","Relic"],"build_version":"2020-12-22","purchased_purges":0,"victory":false,"max_hp_per_floor":[84,84,84,84,84,84,84,84,84,84,84,84,84,84,84,84,84,84,84,84,84,84,84,89,89,89,89,89,89,89,89,89,89,89,89,89,89,89,89],"card_choices":[{"not_picked":["mysticmod:DiviningBlow","mysticmod:StyleChange"],"picked":"mysticmod:ComponentsPouch","floor":1.0},{"not_picked":["mysticmod:EarthenWall","mysticmod:Disengage"],"picked":"mysticmod:ArcaneAccuracy","floor":2.0},{"not_picked":["mysticmod:EarthenWall","mysticmod:Flurry"],"picked":"mysticmod:PowerSlash","floor":3.0},{"not_picked":["mysticmod:Daze","mysticmod:Riposte"],"picked":"mysticmod:Snowball","floor":5.0},{"not_picked":["mysticmod:FiveFootStep","mysticmod:PowerSlash"],"picked":"mysticmod:BladedDash","floor":7.0},{"not_picked":["mysticmod:Sideswipe","mysticmod:HeavyStrike"],"picked":"mysticmod:LightningBolt","floor":12.0},{"not_picked":["mysticmod:EarthenWall","mysticmod:Flourish"],"picked":"mysticmod:Disengage","floor":14.0},{"not_picked":["mysticmod:EnchantedMoulinet","mysticmod:KnowledgePool"],"picked":"mysticmod:GeminiForm","floor":16.0},{"not_picked":["mysticmod:TomeOfSpells","mysticmod:Riposte"],"picked":"mysticmod:Probe+1","floor":18.0},{"not_picked":["mysticmod:MightyMagic","mysticmod:Disengage+1"],"picked":"mysticmod:CorrosiveTouch","floor":19.0},{"not_picked":["Midas Touch","Magnetism"],"picked":"Apotheosis","floor":20.0},{"not_picked":["Panacea","Forethought"],"picked":"Specialist","floor":20.0},{"not_picked":["Madness","Crow Ritual"],"picked":"Panache","floor":20.0},{"not_picked":["mysticmod:Disintegrate","mysticmod:Riposte"],"picked":"mysticmod:Feint","floor":21.0},{"not_picked":["mysticmod:TomeOfSpells","mysticmod:Snowball+1"],"picked":"mysticmod:Sideswipe+1","floor":27.0},{"not_picked":["mysticmod:BulkUp+1","mysticmod:EarthenWall"],"picked":"mysticmod:SuddenClarity+1","floor":29.0},{"not_picked":["mysticmod:Alacrity","mysticmod:Grease"],"picked":"mysticmod:Dedication+1","floor":31.0},{"not_picked":["mysticmod:Natural20","mysticmod:ClosingBarrage"],"picked":"mysticmod:SpontaneousCaster","floor":33.0},{"not_picked":["mysticmod:MirrorStrike","mysticmod:Riposte"],"picked":"mysticmod:CorrosiveTouch+1","floor":35},{"not_picked":["mysticmod:LightningBolt","mysticmod:Probe+1"],"picked":"mysticmod:DiviningBlow","floor":36},{"not_picked":["mysticmod:Sideswipe","mysticmod:Riposte+1"],"picked":"mysticmod:CorrosiveTouch","floor":37}],"player_experience":77723,"relics_obtained":[{"floor":9.0,"key":"Blue Doll"},{"floor":12.0,"key":"Odd Mushroom"},{"floor":14.0,"key":"Art of War"},{"floor":19.0,"key":"Red Mask"},{"floor":26.0,"key":"Bottled Lightning"},{"floor":31.0,"key":"MawBank"}],"event_choices":[{"damage_healed":0.0,"max_hp_gain":0.0,"max_hp_loss":0.0,"gold_gain":75.0,"event_name":"World of Goop","player_choice":"Gather Gold","floor":4.0,"gold_loss":0.0,"damage_taken":11.0},{"damage_healed":0.0,"max_hp_gain":0.0,"max_hp_loss":0.0,"gold_gain":0.0,"event_name":"The Cleric","player_choice":"Leave","floor":8.0,"gold_loss":0.0,"damage_taken":0.0},{"damage_healed":0.0,"max_hp_gain":0.0,"max_hp_loss":0.0,"gold_gain":0.0,"event_name":"Mushrooms","player_choice":"Fought Mushrooms","floor":12.0,"gold_loss":0.0,"damage_taken":0.0},{"damage_healed":0.0,"max_hp_gain":0.0,"max_hp_loss":0.0,"gold_gain":0.0,"event_name":"Masked Bandits","player_choice":"Fought Bandits","floor":19.0,"gold_loss":0.0,"damage_taken":0.0},{"damage_healed":0.0,"max_hp_gain":5.0,"max_hp_loss":0.0,"gold_gain":0.0,"event_name":"Forgotten Altar","player_choice":"Shed Blood","floor":24.0,"gold_loss":0.0,"damage_taken":21.0}],"is_beta":false,"boss_relics":[{"not_picked":["Honey Jar","Empty Cage"],"picked":"Replay:Grab Bag"},{"not_picked":["ChewingGum","Busted Crown"],"picked":"Painkiller Herb"},{"not_picked":["ReplayTheSpireMod:DimensionalGlitch","Coffee Dripper"],"picked":"Cursed Key"},{"not_picked":["SlaversCollar","SacredBark"],"picked":"Runic Pyramid"},{"not_picked":["Tiny House","mysticmod:BlessedBook"],"picked":"Replay:Wanted Poster"}],"items_purged_floors":[],"is_endless":false,"potions_floor_spawned":[1,2,3,7,14,19,21,27,37],"killed_by":"Transient","ascension_level":0}}