{"host":"htqwg582tjjtn9p7","time":1612982041,"event":{"mods":["2.2 Compatiblity","AchievementEnabler","Act Like it!","Aspiration","BaseMod","Better Third Choice","Colored Map","Conspire","Curses Come First","Displayed Cursed Tome","Energized Spire","Force Act Four","Fox Events","GifTheSpireLib","Hermit","Highlight Path","JesterMod","Mad Scientist","Minty Spire (QoL Compilation)","Pale of the Ancients","Permanent Neow","Random Character Button","Relic Stats","Reliquary","Replay The Spire","Robot Space Explorer","Somnambulant","Spicy Shops","Spikes Relics","StSLib","Stuff the Spire","The Blue Laboratory","The Bug Knight","The Forsaken","The Gatherer","The Judge","The Jungle","The Marked","The Runesmith","The Servant 0.9.4","Uncapped"],"gold_per_floor":[12,29,45,45,45,45,79,4,28,60,70,89,124,143,143,240,240,252,252,232,246,246,246,276,46,73,73,103,120,136,60,60,156,156,173,173,173],"floor_reached":36,"language":"ENG","playtime":2808,"items_purged":["HollowMod:MawleksShell"],"score":658,"play_id":"705a2d54-e1bb-4619-8b6a-f7836d304141","local_time":"20210210193401","is_ascension_mode":true,"campfire_choices":[{"data":"HollowMod:GoodIntentions","floor":6.0,"key":"SMITH"},{"floor":15.0,"key":"REST"},{"data":"HollowMod:SlysStrikes","floor":23.0,"key":"SMITH"},{"floor":32.0,"key":"REST"}],"circlet_count":0,"master_deck":["HollowMod:NailStrikeStart","HollowMod:NailStrikeStart","HollowMod:QuickDashStart","HollowMod:QuickDashStart","HollowMod:QuickDashStart","HollowMod:QuickDashStart","HollowMod:PogoStrike","HollowMod:ZotesMagnificence","HollowMod:FastStrike","HollowMod:BlackTendrils","HollowMod:NewLittleFool","HollowMod:GoodIntentions+1","HollowMod:SlysStrikes","HollowMod:CloakDash","HollowMod:GreatSlash","HollowMod:SlysStrikes+1","CurseOfTheBell","HollowMod:NewJinnsSoul","HollowMod:NewGlowingWomb","HollowMod:LordofShades","Insight","HollowMod:VengefulVoid+1","HollowMod:SiblingsSouls+1","HollowMod:GoodIntentions+1"],"relics":["HollowMod:VesselMask","Anchor","reliquary:Aerogel","Dream Catcher","reliquary:TridentHead","Calling Bell","aspiration:AnachronicSnailShell","conspire:DeflatedDodgeball","ReplayTheSpireMod:Lightbulb","Rawhide","OrangePellets","theForsaken:Lifeblossom","aspiration:HummingbirdHeart","StuffTheSpire:SapphireSignet","StuffTheSpire:HistoryBook","CosmicIsotope"],"acts_visited":["Exordium","TheCity","TheBeyond"],"potions_floor_usage":[36],"damage_taken":[{"damage":0.0,"enemies":"conspire:RoseBush","floor":1.0,"turns":5.0},{"damage":3.0,"enemies":"2 Louse","floor":2.0,"turns":3.0},{"damage":0.0,"enemies":"Cultist","floor":3.0,"turns":3.0},{"damage":37.0,"enemies":"3 Sentries","floor":7.0,"turns":13.0},{"damage":19.0,"enemies":"HollowMod:MossKnight","floor":10.0,"turns":15.0},{"damage":0.0,"enemies":"2 Fungi Beasts","floor":11.0,"turns":3.0},{"damage":0.0,"enemies":"Exordium Wildlife","floor":12.0,"turns":2.0},{"damage":21.0,"enemies":"Lagavulin","floor":13.0,"turns":7.0},{"damage":20.0,"enemies":"Red Slaver","floor":14.0,"turns":9.0},{"damage":40.0,"enemies":"The Guardian","floor":16.0,"turns":19.0},{"damage":32.0,"enemies":"Shell Parasite","floor":18.0,"turns":8.0},{"damage":0.0,"enemies":"3 Byrds","floor":21.0,"turns":6.0},{"damage":25.0,"enemies":"Gremlin Leader","floor":24.0,"turns":7.0},{"damage":17.0,"enemies":"Replay:Snechameleon","floor":28.0,"turns":7.0},{"damage":6.0,"enemies":"Centurion and Healer","floor":29.0,"turns":7.0},{"damage":9.0,"enemies":"conspire:HollyBat","floor":30.0,"turns":7.0},{"damage":38.0,"enemies":"Pondfish","floor":33.0,"turns":12.0},{"damage":0,"enemies":"3 Shapes","floor":35,"turns":7},{"damage":87,"enemies":"2 Orb Walkers","floor":36,"turns":6}],"seed_played":"2673873281316699641","potions_obtained":[{"floor":2.0,"key":"blueLaboratory:BottleOfVodka"},{"floor":3.0,"key":"Adrenaline Potion"},{"floor":10.0,"key":"Swift Potion"},{"floor":12.0,"key":"Doom Potion"},{"floor":16.0,"key":"blueLaboratory:LouseDecoction"},{"floor":20.0,"key":"FearPotion"},{"floor":29.0,"key":"DistilledChaos"},{"floor":33.0,"key":"BlessingOfTheForge"}],"is_trial":false,"path_per_floor":["M","M","M","?","$","R","E","?","T","E","M","M","E","M","R","B",null,"M","?","?","M","?","R","E","$","T","T","E","M","M","$","R","B",null,"M","?"],"character_chosen":"THE_BUGKNIGHT","items_purchased":["OrangePellets","StuffTheSpire:HistoryBook"],"campfire_rested":2,"item_purchase_floors":[25,31],"current_hp_per_floor":[75,74,74,74,74,74,50,55,55,44,48,50,42,31,55,29,80,55,55,55,57,57,57,34,34,34,34,26,30,30,30,54,24,80,80,0,0],"gold":173,"neow_bonus":"TRANSFORM_TWO_CARDS","is_daily":false,"chose_seed":false,"campfire_upgraded":2,"win_rate":0.0,"timestamp":1612982041,"path_taken":["M","M","M","?","$","R","E","?","T","E","M","M","E","M","R","BOSS","M","?","?","?","?","R","E","?","T","?","E","?","M","$","R","BOSS","M","?"],"items_purchased_type":["Relic","Relic"],"build_version":"2020-12-22","purchased_purges":1,"victory":false,"max_hp_per_floor":[75,75,75,75,75,75,75,80,80,80,80,80,80,80,80,80,80,80,80,80,80,80,80,80,80,80,80,80,80,80,80,80,80,80,80,80,80],"relic_stats":{"OrangePellets":[2],"Dream Catcher":2,"counters":[19,146],"obtain_stats":[{"reliquary:Aerogel":9,"HollowMod:VesselMask":0,"Rawhide":24,"theForsaken:Lifeblossom":26,"aspiration:HummingbirdHeart":27,"Calling Bell":17,"StuffTheSpire:SapphireSignet":28,"reliquary:TridentHead":13,"OrangePellets":25,"Anchor":7,"Dream Catcher":10,"StuffTheSpire:HistoryBook":31,"aspiration:AnachronicSnailShell":17,"CosmicIsotope":34,"conspire:DeflatedDodgeball":17,"ReplayTheSpireMod:Lightbulb":17},{"reliquary:Aerogel":4,"HollowMod:VesselMask":0,"Rawhide":13,"theForsaken:Lifeblossom":13,"aspiration:HummingbirdHeart":13,"Calling Bell":10,"StuffTheSpire:SapphireSignet":14,"reliquary:TridentHead":8,"OrangePellets":13,"Anchor":4,"Dream Catcher":5,"StuffTheSpire:HistoryBook":16,"aspiration:AnachronicSnailShell":10,"CosmicIsotope":17,"conspire:DeflatedDodgeball":10,"ReplayTheSpireMod:Lightbulb":10},{"reliquary:Aerogel":24,"HollowMod:VesselMask":0,"Rawhide":100,"theForsaken:Lifeblossom":100,"aspiration:HummingbirdHeart":100,"Calling Bell":79,"StuffTheSpire:SapphireSignet":107,"reliquary:TridentHead":51,"OrangePellets":100,"Anchor":24,"Dream Catcher":39,"StuffTheSpire:HistoryBook":121,"aspiration:AnachronicSnailShell":79,"CosmicIsotope":133,"conspire:DeflatedDodgeball":79,"ReplayTheSpireMod:Lightbulb":79}]},"card_choices":[{"not_picked":["HollowMod:SoulStrike","HollowMod:SiblingsSouls"],"picked":"HollowMod:BlackTendrils","floor":1.0},{"not_picked":["HollowMod:TaintedHusks","HollowMod:RecoilStrike"],"picked":"HollowMod:NewLittleFool","floor":2.0},{"not_picked":["HollowMod:NewGlowingWomb","HollowMod:SoulStrike"],"picked":"HollowMod:GoodIntentions","floor":3.0},{"not_picked":["HollowMod:CornifersMapStart","HollowMod:ChannelNail"],"picked":"HollowMod:ShadowDash","floor":7.0},{"not_picked":["HollowMod:DescendingDark","HollowMod:SoulShaman"],"picked":"HollowMod:SlysStrikes","floor":10.0},{"not_picked":["HollowMod:ChannelNail","HollowMod:SharpenedNail","HollowMod:MonomonsArchive"],"picked":"SKIP","floor":11.0},{"not_picked":["HollowMod:FastStrike","HollowMod:DashSlash","HollowMod:PerfectDash"],"picked":"SKIP","floor":12.0},{"not_picked":["HollowMod:InfectedAttack","HollowMod:VengefulVoid"],"picked":"HollowMod:CloakDash","floor":13.0},{"not_picked":["HollowMod:DoubleDash","HollowMod:BrokenVessel"],"picked":"HollowMod:GreatSlash","floor":14.0},{"not_picked":["HollowMod:QuirrelsAssistance","HollowMod:CloakDash"],"picked":"HollowMod:MawleksShell","floor":15.0},{"not_picked":["HollowMod:HerrahsAnger","HollowMod:PureVessel"],"picked":"HollowMod:SlysStrikes","floor":16.0},{"not_picked":["HollowMod:SharpenedNail","HollowMod:SoulSplash","HollowMod:NewJinnsSoul"],"picked":"SKIP","floor":18.0},{"not_picked":["HollowMod:PureNailStrike","HollowMod:MantisMark"],"picked":"HollowMod:LordofShades","floor":21.0},{"not_picked":["HollowMod:InfectedCysts","HollowMod:CornifersMapStart"],"picked":"HollowMod:VengefulVoid+1","floor":24.0},{"not_picked":["HollowMod:FallenFury+1","HollowMod:MonarchWings+1","HollowMod:AwokenDreamNail"],"picked":"SKIP","floor":28.0},{"not_picked":["HollowMod:DashSlash","HollowMod:SoulSplash","HollowMod:GrimmsGift+1"],"picked":"SKIP","floor":29.0},{"not_picked":["HollowMod:DescendingDark+1","HollowMod:BrokenVessel"],"picked":"HollowMod:SiblingsSouls+1","floor":30.0},{"not_picked":["HollowMod:DesolateDive","HollowMod:CrystalDash"],"picked":"HollowMod:GoodIntentions+1","floor":32.0},{"not_picked":["HollowMod:DescendingDark","HollowMod:TaintedHusks","HollowMod:QuirrelsAssistance"],"picked":"SKIP","floor":35}],"player_experience":2008197,"relics_obtained":[{"floor":7.0,"key":"Anchor"},{"floor":9.0,"key":"reliquary:Aerogel"},{"floor":10.0,"key":"Dream Catcher"},{"floor":13.0,"key":"reliquary:TridentHead"},{"floor":17.0,"key":"aspiration:AnachronicSnailShell"},{"floor":17.0,"key":"conspire:DeflatedDodgeball"},{"floor":17.0,"key":"ReplayTheSpireMod:Lightbulb"},{"floor":24.0,"key":"Rawhide"},{"floor":26.0,"key":"theForsaken:Lifeblossom"},{"floor":27.0,"key":"aspiration:HummingbirdHeart"},{"floor":28.0,"key":"StuffTheSpire:SapphireSignet"}],"event_choices":[{"damage_healed":0.0,"max_hp_gain":0.0,"max_hp_loss":0.0,"gold_gain":0.0,"event_name":"The Cleric","player_choice":"Leave","floor":4.0,"gold_loss":0.0,"damage_taken":0.0},{"damage_healed":0.0,"max_hp_gain":0.0,"max_hp_loss":0.0,"gold_gain":0.0,"cards_transformed":["HollowMod:ShadowDash","HollowMod:FocusHealStart"],"event_name":"Drug Dealer","player_choice":"Became Test Subject","floor":19.0,"gold_loss":0.0,"damage_taken":0.0,"cards_obtained":["HollowMod:NewJinnsSoul","HollowMod:NewGlowingWomb"]},{"damage_healed":0.0,"max_hp_gain":0.0,"max_hp_loss":0.0,"gold_gain":0.0,"event_name":"The Woman in Blue","player_choice":"Bought 1 Potion","floor":20.0,"gold_loss":0.0,"damage_taken":0.0},{"damage_healed":0.0,"max_hp_gain":0.0,"max_hp_loss":0.0,"gold_gain":0.0,"event_name":"betterThird:BetterWriting","player_choice":"Insight","floor":22.0,"gold_loss":0.0,"damage_taken":0.0,"cards_obtained":["Insight"]},{"damage_healed":0,"gold_gain":0,"player_choice":"Fight","damage_taken":0,"max_hp_gain":0,"max_hp_loss":0,"event_name":"Mysterious Sphere","floor":36,"gold_loss":0}],"is_beta":false,"boss_relics":[{"not_picked":["reliquary:Ember","HollowMod:KingsSoulRelic"],"picked":"Calling Bell"},{"not_picked":["Replay:Drink Me","reliquary:RedPaperclip"],"picked":"CosmicIsotope"}],"items_purged_floors":[25],"is_endless":false,"potions_floor_spawned":[2,3,10,12,16,28,29,33],"killed_by":"2 Orb Walkers","ascension_level":3}}