{"host":"lg1piimdyocafd6j","time":1612971798,"event":{"mods":["AchievementEnabler","BaseMod","Better Third Choice","BetterRewards","Colored Map","Colored Powertips","Downfall","Minty Spire (QoL Compilation)","Quick Restart","Rare Cards Sparkle","Remove Card Discount Mod","Shop Mod","StSLib","SuperFastMode"],"gold_per_floor":[99,115,72,85,85,115,115,115,133,133,155,187,187,200,213,213,213,213],"floor_reached":16,"language":"ENG","playtime":1332,"items_purged":["Guardian:Strike_Guardian","Guardian:Strike_Guardian"],"score":110,"play_id":"e264cad0-ad78-4863-a029-2e44617b8ee7","local_time":"20210210164318","is_ascension_mode":false,"campfire_choices":[{"floor":1,"key":"RECALL"},{"floor":13,"key":"REST"}],"circlet_count":0,"master_deck":["Guardian:Strike_Guardian","Guardian:Defend_Guardian","Guardian:Defend_Guardian","Guardian:Defend_Guardian","Guardian:Defend_Guardian","Guardian:CurlUp","Guardian:TwinSlam","Guardian:PrimingBeam","Guardian:SpikerProtocol","Guardian:TwinSlam","Guardian:Reroute","Guardian:ExploitGems","Guardian:Gem_Red"],"relics":["Guardian:ModeShifter","Bag of Marbles","Odd Mushroom","Unceasing Top"],"acts_visited":["Exordium"],"potions_floor_usage":[3,11,12,16,16],"damage_taken":[{"damage":5,"enemies":"Small Slimes","floor":2,"turns":5},{"damage":0,"enemies":"downfall:FleeingMerchant","floor":3,"turns":4},{"damage":9,"enemies":"Cultist","floor":4,"turns":7},{"damage":26,"enemies":"Lagavulin","floor":6,"turns":11},{"damage":0,"enemies":"2 Louse","floor":9,"turns":3},{"damage":13,"enemies":"The Mushroom Lair","floor":11,"turns":4},{"damage":18,"enemies":"Gremlin Nob","floor":12,"turns":5},{"damage":0,"enemies":"Large Slime","floor":14,"turns":4},{"damage":7,"enemies":"2 Fungi Beasts","floor":15,"turns":4},{"damage":30,"enemies":"DF_ARCHETYPE_STREAMLINE","floor":16,"turns":12}],"seed_played":"-2537980344823998032","potions_obtained":[{"floor":2,"key":"hexamod:SoulburnPotion"},{"floor":4,"key":"PowerPotion"},{"floor":11,"key":"EntropicBrew"}],"is_trial":false,"path_per_floor":["R","M","$","M","?","E","T","?","M","?","?","E","R","M","M","B"],"character_chosen":"GUARDIAN","items_purchased":["Guardian:Gem_Green"],"campfire_rested":1,"item_purchase_floors":[3],"current_hp_per_floor":[88,83,83,74,74,48,48,48,48,48,35,17,43,43,36,6,6,6],"gold":213,"neow_bonus":"TEN_PERCENT_HP_BONUS","is_daily":false,"chose_seed":false,"campfire_upgraded":0,"win_rate":0.0,"timestamp":1612971798,"path_taken":["R","M","$","M","?","E","T","?","?","?","?","E","R","M","M","BOSS"],"items_purchased_type":["Card"],"build_version":"2020-12-22","purchased_purges":2,"victory":false,"max_hp_per_floor":[88,88,88,88,88,88,88,88,88,88,88,88,88,88,88,88,88,88],"card_choices":[{"not_picked":["Guardian:CrystalBeam","Guardian:PiercingHide"],"picked":"Guardian:Gem_Crimson","floor":2},{"not_picked":["Guardian:TimeSifter","Guardian:CrystalBeam"],"picked":"Guardian:Gem_Green","floor":3},{"not_picked":["Guardian:RollAttack","Guardian:Gem_Lightblue"],"picked":"Guardian:PrimingBeam","floor":4},{"not_picked":["Guardian:Reroute","Guardian:SentryBeam"],"picked":"Guardian:SpikerProtocol","floor":6},{"not_picked":["Guardian:Gem_Fragmented","Guardian:Gem_Cyan","Guardian:Gem_Yellow"],"picked":"SKIP","floor":9},{"not_picked":["Guardian:Gem_Yellow","Guardian:TemporalShield"],"picked":"Guardian:Reroute","floor":11},{"not_picked":["Guardian:RollAttack","Guardian:Gem_Fragmented","Guardian:ArmoredProtocol"],"picked":"SKIP","floor":12},{"not_picked":["Guardian:Gem_White","Guardian:ShieldCharger"],"picked":"Guardian:ExploitGems","floor":14},{"not_picked":["Guardian:Reroute","Guardian:RefractedBeam"],"picked":"Guardian:Gem_Red","floor":15}],"player_experience":132815,"relics_obtained":[{"floor":6,"key":"Bag of Marbles"},{"floor":11,"key":"Odd Mushroom"},{"floor":12,"key":"Unceasing Top"}],"event_choices":[{"damage_healed":0,"gold_gain":0,"player_choice":"Fought Mushrooms","damage_taken":0,"max_hp_gain":0,"max_hp_loss":0,"event_name":"Mushrooms","floor":11,"gold_loss":0}],"is_beta":false,"boss_relics":[],"items_purged_floors":[3,3],"is_endless":false,"potions_floor_spawned":[2,4,11,15],"killed_by":"DF_ARCHETYPE_STREAMLINE","ascension_level":0}}