{"host":"dmtlrev5pkc1867p","time":1612930409,"event":{"mods":["A Magickal Journey","BaseMod","Colored Map","Colored Powertips","Downfall","Hermit","Highlight Path","Infinite Spire","Marisa¡]Ãú«B¡@Å]²z¨F¡^","Minty Spire (QoL Compilation)","Permanent Neow","Quick Restart","Rare Cards Sparkle","Relic Stats","Replay The Spire","StSLib","SuperFastMode","The Construct","The Cursed","The Disciple","The Hierophant","The Necromancer","The Runesmith","The Servant 0.9.4"],"gold_per_floor":[116,131,131,131,116,116,116,135,151,151,151],"floor_reached":10,"language":"ZHS","playtime":423,"items_purged":[],"score":116,"play_id":"d291144e-8f4d-4a0a-9781-84110f3f9336","local_time":"20210210121329","is_ascension_mode":true,"campfire_choices":[{"floor":6,"key":"RECALL"}],"circlet_count":0,"master_deck":["AscendersBane","Strike_W","Strike_W","Strike_W","Strike_W","Defend_W","Defend_W","Defend_W","Defend_W","Negative_Energy_Arrows","Bone_Wall","Consume_Illness","TheCursedMod:HellfireBreathing","TheCursedMod:DoubleShield","Spectral_Armor","TheCursedMod:CursedShiv"],"relics":["Vampire_Amulet","Durian"],"acts_visited":[],"potions_floor_usage":[8],"damage_taken":[{"damage":3.0,"enemies":"2 Louse","floor":1.0,"turns":3.0},{"damage":4.0,"enemies":"Jaw Worm","floor":2.0,"turns":6.0},{"damage":5,"enemies":"downfall:FleeingMerchant","floor":5,"turns":4},{"damage":9,"enemies":"Small Slimes","floor":8,"turns":6},{"damage":14,"enemies":"Exordium Thugs","floor":9,"turns":10},{"damage":51,"enemies":"Lagavulin","floor":10,"turns":11}],"seed_played":"-5596747178124164857","potions_obtained":[{"floor":8,"key":"Fruit Juice"}],"is_trial":true,"path_per_floor":["M","M","?","?","$","R","T","M","M","E"],"character_chosen":"NECROMANCER","items_purchased":[],"campfire_rested":0,"item_purchase_floors":[],"current_hp_per_floor":[65,63,63,63,58,58,63,66,56,8,8],"gold":151,"neow_bonus":"","is_daily":false,"chose_seed":false,"campfire_upgraded":0,"win_rate":0.0,"timestamp":1612930409,"path_taken":["M","M","?","?","$","R","T","M","M","E"],"items_purchased_type":[],"build_version":"2020-12-22","purchased_purges":0,"victory":false,"max_hp_per_floor":[71,71,71,71,71,71,76,81,81,81,81],"relic_stats":{"counters":[6,40],"obtain_stats":[{"Vampire_Amulet":0,"Durian":7},{"Vampire_Amulet":0,"Durian":3},{"Vampire_Amulet":0,"Durian":13}]},"card_choices":[{"not_picked":["Necromantic_Selection","Exploit"],"picked":"Consume_Illness","floor":1.0},{"not_picked":["TheCursedMod:CircleOfFlame","Necromantic_Selection"],"picked":"TheCursedMod:HellfireBreathing","floor":2.0},{"not_picked":["TheCursedMod:UltimatePain","Finger_Of_Death"],"picked":"TheCursedMod:DoubleShield","floor":5},{"not_picked":["Stop_Heart","TheCursedMod:Torture"],"picked":"Spectral_Armor","floor":8},{"not_picked":["Bone_Spikes","Blood_Curse"],"picked":"TheCursedMod:CursedShiv","floor":9}],"player_experience":678171,"relics_obtained":[{"floor":7,"key":"Durian"}],"event_choices":[],"is_beta":false,"boss_relics":[],"items_purged_floors":[],"is_endless":false,"potions_floor_spawned":[8],"killed_by":"Lagavulin","ascension_level":20}}