{"host":"p0hktren06injwdf","time":1612985328,"event":{"mods":["AchievementEnabler","BaseMod","Colored Map","DeckTracker","Minty Spire (QoL Compilation)","Permanent Neow","StSLib","SuperFastMode"],"gold_per_floor":[114,130,130,143,53,53,84,84,84,111,121,121,24,24,24,118,118,136,154,79,97,97,97,97,97],"floor_reached":24,"language":"KOR","playtime":532,"items_purged":["Strike_G"],"score":408,"play_id":"2fb249ee-bc98-4f7e-8fa5-ce4faf7dd233","local_time":"20210211042848","is_ascension_mode":true,"campfire_choices":[{"data":"Noxious Fumes","floor":6.0,"key":"SMITH"},{"floor":12.0,"key":"REST"},{"data":"Leg Sweep","floor":15.0,"key":"SMITH"},{"floor":23,"key":"REST"}],"circlet_count":0,"master_deck":["AscendersBane","Defend_G","Defend_G","Defend_G","Defend_G","Survivor","Neutralize","Quick Slash","Blur","Noxious Fumes+1","Venomology","Leg Sweep+1","All Out Attack","Impatience","Tools of the Trade","Sucker Punch+1","Corpse Explosion+1","Caltrops+1","PiercingWail","Blur","Blade Dance","Well Laid Plans"],"relics":["Ring of the Snake","Art of War","Unceasing Top","Bottled Lightning","Shuriken","Golden Idol","Astrolabe"],"acts_visited":["Exordium","TheCity"],"potions_floor_usage":[16,18,18,19,21],"damage_taken":[{"damage":0.0,"enemies":"2 Louse","floor":1.0,"turns":2.0},{"damage":1.0,"enemies":"Jaw Worm","floor":2.0,"turns":4.0},{"damage":0.0,"enemies":"Small Slimes","floor":4.0,"turns":4.0},{"damage":29.0,"enemies":"3 Sentries","floor":7.0,"turns":7.0},{"damage":17.0,"enemies":"Lagavulin","floor":10.0,"turns":9.0},{"damage":4.0,"enemies":"3 Louse","floor":11.0,"turns":6.0},{"damage":12,"enemies":"The Guardian","floor":16,"turns":10},{"damage":3,"enemies":"Shell Parasite","floor":18,"turns":9},{"damage":22,"enemies":"2 Thieves","floor":19,"turns":3},{"damage":10,"enemies":"Centurion and Healer","floor":21,"turns":7},{"damage":0,"enemies":"Cultist and Chosen","floor":24,"turns":1}],"seed_played":"-3472435042791207740","potions_obtained":[{"floor":2.0,"key":"SpeedPotion"},{"floor":10.0,"key":"Poison Potion"},{"floor":11.0,"key":"DuplicationPotion"},{"floor":19,"key":"FairyPotion"}],"is_trial":false,"path_per_floor":["M","M","?","M","$","R","E","?","T","E","M","R","$","?","R","B",null,"M","M","$","M","?","R","M"],"character_chosen":"THE_SILENT","items_purchased":["Noxious Fumes","Impatience"],"campfire_rested":2,"item_purchase_floors":[5,13],"current_hp_per_floor":[59,58,58,58,58,58,29,29,29,12,8,27,27,27,27,15,49,46,24,24,14,14,32,32,32],"gold":97,"neow_bonus":"RANDOM_COMMON_RELIC","is_daily":false,"chose_seed":false,"campfire_upgraded":2,"win_rate":0.0,"timestamp":1612985328,"path_taken":["M","M","?","M","$","R","E","?","T","E","M","R","$","?","R","BOSS","M","M","$","M","?","R","M"],"items_purchased_type":["Card","Card"],"build_version":"2020-12-22","purchased_purges":1,"victory":false,"max_hp_per_floor":[66,66,66,66,66,66,66,66,66,66,66,66,66,60,60,60,60,60,60,60,60,60,60,60,60],"card_choices":[{"not_picked":["Slice","Heel Hook"],"picked":"Quick Slash","floor":1.0},{"not_picked":["Underhanded Strike","Prepared"],"picked":"Blur","floor":2.0},{"not_picked":["Acrobatics","Concentrate","Calculated Gamble"],"picked":"SKIP","floor":4.0},{"not_picked":["Dodge and Roll","Accuracy"],"picked":"Venomology","floor":7.0},{"not_picked":["Cloak And Dagger","Reflex"],"picked":"Leg Sweep","floor":10.0},{"not_picked":["Skewer","Prepared"],"picked":"All Out Attack","floor":11.0},{"not_picked":["Unload","Die Die Die"],"picked":"Tools of the Trade","floor":16},{"not_picked":["Dodge and Roll","Outmaneuver","Predator"],"picked":"SKIP","floor":18},{"not_picked":["Blade Dance","Well Laid Plans"],"picked":"PiercingWail","floor":19},{"not_picked":["Flying Knee","Sucker Punch"],"picked":"Blur","floor":21}],"player_experience":1033655,"relics_obtained":[{"floor":7.0,"key":"Unceasing Top"},{"floor":9.0,"key":"Bottled Lightning"},{"floor":10.0,"key":"Shuriken"}],"event_choices":[{"damage_healed":0.0,"max_hp_gain":0.0,"max_hp_loss":0.0,"gold_gain":0.0,"event_name":"Shining Light","player_choice":"Ignored","floor":3.0,"gold_loss":0.0,"damage_taken":0.0},{"damage_healed":0.0,"max_hp_gain":0.0,"max_hp_loss":0.0,"gold_gain":0.0,"event_name":"Scrap Ooze","player_choice":"Fled","floor":8.0,"gold_loss":0.0,"damage_taken":0.0},{"damage_healed":0.0,"max_hp_gain":0.0,"max_hp_loss":6.0,"gold_gain":0.0,"event_name":"Golden Idol","player_choice":"Lose Max HP","floor":14.0,"gold_loss":0.0,"damage_taken":0.0,"relics_obtained":["Golden Idol"]},{"damage_healed":0,"gold_gain":0,"cards_transformed":["Strike_G","Defend_G"],"player_choice":"Became Test Subject","damage_taken":0,"max_hp_gain":0,"max_hp_loss":0,"event_name":"Drug Dealer","floor":22,"gold_loss":0,"cards_obtained":["Blade Dance","Well Laid Plans"]}],"is_beta":false,"boss_relics":[{"not_picked":["Runic Dome","Fusion Hammer"],"picked":"Astrolabe"}],"items_purged_floors":[20],"is_endless":false,"potions_floor_spawned":[2,10,11,19,21],"killed_by":"Cultist and Chosen","ascension_level":20}}