{"host":"aqym1xxr3lb31d9m","time":1612971112,"event":{"mods":["BaseMod","Block Reminder","Colored Map","Colored Powertips","DeckTracker","Highlight Path","Minty Spire (QoL Compilation)","Quick Restart","Random Character Button","StSLib","SuperFastMode","UnlockEverythingMod"],"gold_per_floor":[363,363,380,380,191,226,244,244,322,335,369,369,369,384,384,461,461,471,485,400,400,25,75,95,95,165,179,213,213,213,213],"floor_reached":30,"language":"JPN","playtime":1108,"items_purged":["Writhe"],"score":566,"play_id":"06dee2b3-adc9-480a-8569-2379b8987bc9","local_time":"20210211003152","is_ascension_mode":true,"campfire_choices":[{"data":"Blade Dance","floor":8,"key":"SMITH"},{"floor":12,"key":"REST"},{"data":"Burst","floor":15,"key":"SMITH"},{"floor":29,"key":"REST"}],"circlet_count":0,"master_deck":["AscendersBane","Survivor","Neutralize+1","Dagger Spray+1","Predator","Masterful Stab","Dagger Throw","Underhanded Strike","Blade Dance+1","All Out Attack","Burst+1","Skewer","Corpse Explosion","Escape Plan","Phantasmal Killer","Slice","Tools of the Trade","Reflex","Deadly Poison","Dodge and Roll","Deadly Poison","Masterful Stab","Bouncing Flask","Slice","PiercingWail","Well Laid Plans","Prepared","Finisher","PiercingWail","Concentrate","Backflip"],"relics":["Ring of the Snake","Strawberry","Shuriken","Vajra","Pandora\u0027s Box","Bronze Scales","Akabeko","MutagenicStrength","Bottled Tornado"],"acts_visited":["Exordium","TheCity"],"potions_floor_usage":[10,16,16,28,30,30],"damage_taken":[{"damage":0,"enemies":"2 Louse","floor":1,"turns":4},{"damage":7,"enemies":"Jaw Worm","floor":3,"turns":3},{"damage":45,"enemies":"Gremlin Nob","floor":6,"turns":5},{"damage":0,"enemies":"Cultist","floor":7,"turns":2},{"damage":5,"enemies":"3 Louse","floor":10,"turns":2},{"damage":5,"enemies":"3 Sentries","floor":11,"turns":4},{"damage":0,"enemies":"Red Slaver","floor":14,"turns":3},{"damage":6,"enemies":"Hexaghost","floor":16,"turns":6},{"damage":6,"enemies":"3 Byrds","floor":18,"turns":3},{"damage":15,"enemies":"2 Thieves","floor":19,"turns":3},{"damage":9,"enemies":"Centurion and Healer","floor":24,"turns":4},{"damage":11,"enemies":"Sentry and Sphere","floor":27,"turns":3},{"damage":0,"enemies":"Gremlin Leader","floor":28,"turns":4},{"damage":38,"enemies":"Book of Stabbing","floor":30,"turns":2}],"seed_played":"8582845171444345703","potions_obtained":[{"floor":6,"key":"FearPotion"},{"floor":10,"key":"GamblersBrew"},{"floor":11,"key":"PowerPotion"},{"floor":27,"key":"BlessingOfTheForge"}],"is_trial":false,"path_per_floor":["M","?","M","?","$","E","M","R","T","M","E","R","?","M","R","B",null,"M","M","?","?","$","?","M","?","T","M","E","R","E"],"character_chosen":"THE_SILENT","items_purchased":["Energy Potion","Masterful Stab","Dagger Throw","Well Laid Plans","Prepared","EntropicBrew","Finisher"],"campfire_rested":2,"item_purchase_floors":[5,5,5,22,22,22,22],"current_hp_per_floor":[59,59,52,52,52,14,14,14,14,9,4,24,24,24,24,18,55,49,34,34,34,34,34,25,25,25,14,14,34,0,0],"gold":213,"neow_bonus":"TWO_FIFTY_GOLD","is_daily":false,"chose_seed":false,"campfire_upgraded":2,"win_rate":0.0,"timestamp":1612971112,"path_taken":["M","?","M","?","$","E","M","R","T","?","E","R","?","?","R","BOSS","M","M","?","?","?","?","M","?","T","M","E","R","E"],"items_purchased_type":["Potion","Card","Card","Card","Card","Potion","Card"],"build_version":"2020-12-22","purchased_purges":1,"victory":false,"max_hp_per_floor":[60,60,60,60,60,67,67,67,67,67,67,67,67,67,67,67,67,67,67,67,67,67,67,67,67,67,67,67,67,67,67],"card_choices":[{"not_picked":["Blade Dance","PiercingWail"],"picked":"Dagger Spray","floor":1},{"not_picked":["Quick Slash","Deadly Poison"],"picked":"Predator","floor":3},{"not_picked":["Sucker Punch","Concentrate"],"picked":"Underhanded Strike","floor":6},{"not_picked":["Flying Knee","Bane"],"picked":"Blade Dance","floor":7},{"not_picked":["Finisher","Endless Agony"],"picked":"All Out Attack","floor":10},{"not_picked":["Choke","Bane"],"picked":"Burst","floor":11},{"not_picked":["Deadly Poison","Outmaneuver"],"picked":"Skewer","floor":14},{"not_picked":["Grand Finale","Bullet Time"],"picked":"Corpse Explosion","floor":16},{"not_picked":["Dodge and Roll","Acrobatics"],"picked":"Slice","floor":18},{"not_picked":["Riddle With Holes+1","Backflip"],"picked":"PiercingWail","floor":19},{"not_picked":["Slice","Dodge and Roll"],"picked":"PiercingWail","floor":24},{"not_picked":["Quick Slash","Cloak And Dagger"],"picked":"Concentrate","floor":27},{"not_picked":["Blade Dance","Flying Knee"],"picked":"Backflip","floor":28}],"player_experience":4209286,"relics_obtained":[{"floor":6,"key":"Strawberry"},{"floor":9,"key":"Shuriken"},{"floor":11,"key":"Vajra"},{"floor":28,"key":"Bottled Tornado"}],"event_choices":[{"damage_healed":0,"gold_gain":0,"player_choice":"Grow","damage_taken":0,"max_hp_gain":0,"max_hp_loss":0,"event_name":"Living Wall","floor":2,"gold_loss":0,"cards_upgraded":["Dagger Spray"]},{"damage_healed":0,"gold_gain":0,"player_choice":"Upgraded","damage_taken":0,"max_hp_gain":0,"max_hp_loss":0,"event_name":"Upgrade Shrine","floor":4,"gold_loss":0,"cards_upgraded":["Neutralize"]},{"damage_healed":0,"gold_gain":0,"player_choice":"Got Potions","damage_taken":0,"max_hp_gain":0,"max_hp_loss":0,"event_name":"Lab","floor":13,"gold_loss":0},{"damage_healed":0,"gold_gain":0,"player_choice":"Obtained Relic","damage_taken":0,"relics_obtained":["Bronze Scales"],"max_hp_gain":0,"max_hp_loss":0,"event_name":"Addict","floor":20,"gold_loss":85},{"damage_healed":0,"gold_gain":0,"player_choice":"Opened","damage_taken":0,"relics_obtained":["Akabeko"],"max_hp_gain":0,"max_hp_loss":0,"event_name":"The Mausoleum","floor":21,"gold_loss":0,"cards_obtained":["Writhe"]},{"damage_healed":0,"gold_gain":50,"player_choice":"Stole From Cult","damage_taken":0,"max_hp_gain":0,"max_hp_loss":0,"event_name":"Nest","floor":23,"gold_loss":0},{"damage_healed":0,"gold_gain":0,"player_choice":"Inject Mutagens","damage_taken":0,"relics_obtained":["MutagenicStrength"],"max_hp_gain":0,"max_hp_loss":0,"event_name":"Drug Dealer","floor":25,"gold_loss":0}],"is_beta":false,"boss_relics":[{"not_picked":["SacredBark","SlaversCollar"],"picked":"Pandora\u0027s Box"}],"items_purged_floors":[22],"is_endless":false,"potions_floor_spawned":[6,10,11,27],"killed_by":"Book of Stabbing","ascension_level":20}}