{"host":"s5d39dhq0ddhxhke","time":1612941885,"event":{"mods":["AchievementEnabler","BaseMod","Colored Map","Minty Spire (QoL Compilation)","Smile Girya","SuperFastMode"],"gold_per_floor":[111,124,224,244,258,258,274,274,298,298,333,508,566,183,183,285,285,300,316,316,333,348,348,382,382,382,382,382],"floor_reached":27,"language":"ENG","playtime":1533,"items_purged":["Doubt"],"score":350,"play_id":"2d1ee17d-c9f0-46ca-bae1-2232dea7a200","local_time":"20210210092445","is_ascension_mode":true,"campfire_choices":[{"data":"Skewer","floor":6,"key":"SMITH"},{"data":"Dash","floor":8,"key":"SMITH"},{"data":"Neutralize","floor":10,"key":"SMITH"},{"floor":15,"key":"REST"},{"floor":23,"key":"REST"}],"circlet_count":0,"master_deck":["AscendersBane","Strike_G","Strike_G","Strike_G","Strike_G","Strike_G","Defend_G","Defend_G","Defend_G","Defend_G","Defend_G","Survivor","Neutralize+1","Skewer+1","All Out Attack","Dash+1","Writhe","Phantasmal Killer","Outmaneuver","Prepared","Impatience","Tools of the Trade","Regret","Normality"],"relics":["Cursed Key","Nunchaku","Regal Pillow","Ancient Tea Set","Gambling Chip","Velvet Choker","Pen Nib","Unceasing Top","CaptainsWheel"],"acts_visited":["Exordium","TheCity"],"potions_floor_usage":[5,18,22,22,24,27,27],"damage_taken":[{"damage":1,"enemies":"2 Louse","floor":1,"turns":3},{"damage":0,"enemies":"Cultist","floor":2,"turns":4},{"damage":2,"enemies":"Small Slimes","floor":4,"turns":3},{"damage":0,"enemies":"3 Louse","floor":5,"turns":6},{"damage":9,"enemies":"2 Fungi Beasts","floor":7,"turns":2},{"damage":4,"enemies":"3 Sentries","floor":11,"turns":8},{"damage":10,"enemies":"3 Sentries","floor":13,"turns":6},{"damage":20,"enemies":"The Guardian","floor":16,"turns":12},{"damage":8,"enemies":"Chosen","floor":18,"turns":4},{"damage":11,"enemies":"2 Thieves","floor":19,"turns":3},{"damage":12,"enemies":"Snake Plant","floor":21,"turns":3},{"damage":5,"enemies":"Shelled Parasite and Fungi","floor":22,"turns":4},{"damage":35,"enemies":"Book of Stabbing","floor":24,"turns":4},{"damage":36,"enemies":"Slavers","floor":27,"turns":4}],"seed_played":"1759170110062092370","potions_obtained":[{"floor":1,"key":"Weak Potion"},{"floor":4,"key":"Block Potion"},{"floor":5,"key":"Ancient Potion"},{"floor":16,"key":"Explosive Potion"},{"floor":18,"key":"BlessingOfTheForge"},{"floor":22,"key":"Strength Potion"},{"floor":24,"key":"FearPotion"}],"is_trial":false,"path_per_floor":["M","M","?","M","M","R","M","R","T","R","E","?","?","$","R","B",null,"M","M","?","M","M","R","E","T","T","E"],"character_chosen":"THE_SILENT","items_purchased":["Gambling Chip"],"campfire_rested":2,"item_purchase_floors":[14],"current_hp_per_floor":[62,62,62,60,60,60,51,51,51,51,47,47,37,37,70,50,65,57,46,46,34,29,65,30,30,30,0,0],"gold":382,"neow_bonus":"BOSS_RELIC","is_daily":false,"chose_seed":false,"campfire_upgraded":3,"win_rate":0.0,"timestamp":1612941885,"path_taken":["M","M","?","M","?","R","M","R","T","R","E","?","?","$","R","BOSS","M","M","?","?","?","R","E","?","T","E"],"items_purchased_type":["Relic"],"build_version":"2020-12-22","purchased_purges":1,"victory":false,"max_hp_per_floor":[70,70,70,70,70,70,70,70,70,70,70,70,70,70,70,70,70,70,70,70,70,70,70,70,70,70,70,70],"card_choices":[{"not_picked":["Flying Knee","Flechettes"],"picked":"Skewer","floor":1},{"not_picked":["Sucker Punch","Dagger Throw","Catalyst"],"picked":"SKIP","floor":2},{"not_picked":["Slice","Deflect","Reflex"],"picked":"SKIP","floor":4},{"not_picked":["Concentrate","Dodge and Roll"],"picked":"All Out Attack","floor":5},{"not_picked":["Footwork","Caltrops"],"picked":"Dash","floor":7},{"not_picked":["Concentrate","Blade Dance","Eviscerate"],"picked":"SKIP","floor":11},{"not_picked":["Wraith Form v2","Storm of Steel"],"picked":"Phantasmal Killer","floor":16},{"not_picked":["Prepared","Quick Slash+1"],"picked":"Outmaneuver","floor":18},{"not_picked":["Dodge and Roll","Bane"],"picked":"Prepared","floor":19},{"not_picked":["Tactician","Cloak And Dagger"],"picked":"Tools of the Trade","floor":21},{"not_picked":["Blade Dance","Cloak And Dagger","Sucker Punch"],"picked":"SKIP","floor":22},{"not_picked":["Outmaneuver","Setup","Underhanded Strike"],"picked":"SKIP","floor":24}],"player_experience":495583,"relics_obtained":[{"floor":9,"key":"Nunchaku"},{"floor":11,"key":"Regal Pillow"},{"floor":13,"key":"Ancient Tea Set"},{"floor":24,"key":"Pen Nib"},{"floor":25,"key":"Unceasing Top"},{"floor":26,"key":"CaptainsWheel"}],"event_choices":[{"damage_healed":0,"gold_gain":100,"player_choice":"Pray","damage_taken":0,"max_hp_gain":0,"max_hp_loss":0,"event_name":"Golden Shrine","floor":3,"gold_loss":0},{"damage_healed":0,"gold_gain":175,"player_choice":"AGREE","damage_taken":0,"max_hp_gain":0,"max_hp_loss":0,"event_name":"Liars Game","floor":12,"gold_loss":0,"cards_obtained":["Doubt"]},{"damage_healed":0,"gold_gain":0,"player_choice":"Searched \u00272\u0027 times","damage_taken":0,"max_hp_gain":0,"max_hp_loss":0,"event_name":"Dead Adventurer","floor":13,"gold_loss":0},{"damage_healed":0,"gold_gain":0,"player_choice":"1 cards matched","damage_taken":0,"max_hp_gain":0,"max_hp_loss":0,"event_name":"Match and Keep!","floor":20,"gold_loss":0,"cards_obtained":["Impatience"]}],"is_beta":false,"boss_relics":[{"not_picked":["Coffee Dripper","Astrolabe"],"picked":"Velvet Choker"}],"items_purged_floors":[14],"is_endless":false,"potions_floor_spawned":[1,4,5,16,18,22,24],"killed_by":"Slavers","ascension_level":10}}