{"host":"8eqe2o2g03nh9rfw","time":1612952186,"event":{"mods":["AchievementEnabler","AlwaysNeverKeys","BaseMod","Better Third Choice","Block Reminder","Colored Map","Colored Powertips","GifTheSpireLib","Minty Spire (QoL Compilation)","Permanent Neow","Quick Restart","StSLib","Weighted Paths"],"gold_per_floor":[144,0,0,0,45,135,135,225,225,270,315,360,33,78,78,378,378,423,423,423,468,513,513,513,558,608,302,302,347,392,437,437,437,437],"floor_reached":33,"language":"ENG","playtime":2262,"items_purged":[],"score":336,"play_id":"6540a988-e0c5-4337-9208-4fa8a5843dfd","local_time":"20210210051626","daily_mods":["SealedDeck","Purple Cards","Midas"],"is_ascension_mode":false,"campfire_choices":[{"floor":7,"key":"REST"},{"floor":15,"key":"REST"},{"floor":23,"key":"REST"},{"floor":28,"key":"REST"},{"floor":32,"key":"REST"}],"circlet_count":0,"master_deck":["Backflip","Blade Dance","Vengeance","BattleHymn","InnerPeace","FearNoEvil","Dagger Throw","Bouncing Flask","Backflip","Prepared","EmptyBody","Enlightenment+1","Endless Agony","Protect","Pray","Dash","Outmaneuver","FlurryOfBlows","Halt","Wish","Judgement","EmptyMind","FlurryOfBlows","Endless Agony+1","Consecrate","Transmutation","Sucker Punch","Escape Plan","Concentrate"],"relics":["Ring of the Snake","betterThird:SlimedRelic","Snake Skull","Vajra","Centennial Puzzle","Singing Bowl","Philosopher\u0027s Stone","Enchiridion","NlothsMask","Membership Card"],"acts_visited":["Exordium","TheCity"],"potions_floor_usage":[8,22,33,33],"damage_taken":[{"damage":6,"enemies":"Jaw Worm","floor":1,"turns":2},{"damage":0,"enemies":"Small Slimes","floor":5,"turns":2},{"damage":27,"enemies":"Gremlin Nob","floor":6,"turns":4},{"damage":13,"enemies":"Lagavulin","floor":8,"turns":3},{"damage":1,"enemies":"Cultist","floor":10,"turns":3},{"damage":0,"enemies":"2 Fungi Beasts","floor":11,"turns":2},{"damage":1,"enemies":"Large Slime","floor":12,"turns":2},{"damage":0,"enemies":"3 Louse","floor":14,"turns":2},{"damage":0,"enemies":"Slime Boss","floor":16,"turns":4},{"damage":5,"enemies":"3 Byrds","floor":18,"turns":3},{"damage":14,"enemies":"2 Thieves","floor":21,"turns":2},{"damage":14,"enemies":"Snake Plant","floor":22,"turns":4},{"damage":0,"enemies":"Chosen and Byrds","floor":25,"turns":4},{"damage":12,"enemies":"Shelled Parasite and Fungi","floor":29,"turns":4},{"damage":0,"enemies":"Centurion and Healer","floor":30,"turns":3},{"damage":0,"enemies":"3 Cultists","floor":31,"turns":2},{"damage":87,"enemies":"Collector","floor":33,"turns":8}],"seed_played":"-5810517303651203205","potions_obtained":[{"floor":1,"key":"PowerPotion"},{"floor":4,"key":"Ancient Potion"},{"floor":4,"key":"SkillPotion"},{"floor":11,"key":"Strength Potion"}],"is_trial":false,"path_per_floor":["M","?","?","?","M","E","R","E","T","M","M","M","$","M","R","B",null,"M","?","?","M","M","R","?","M","T","$","R","M","M","M","R","B"],"character_chosen":"THE_SILENT","items_purchased":["Singing Bowl","FlurryOfBlows","Halt","Membership Card","Consecrate","Transmutation","Sucker Punch","Escape Plan"],"campfire_rested":5,"item_purchase_floors":[13,13,13,27,27,27,27,27],"current_hp_per_floor":[64,70,59,59,59,32,54,41,41,40,40,39,39,39,61,61,76,71,71,55,41,29,52,52,52,52,52,75,63,65,67,82,0,0],"gold":437,"neow_bonus":"","is_daily":true,"chose_seed":false,"campfire_upgraded":0,"win_rate":0.0,"timestamp":1612952186,"path_taken":["M","?","?","?","M","E","R","E","T","?","M","M","$","M","R","BOSS","M","?","?","M","M","R","?","?","T","$","R","M","M","M","R","BOSS"],"items_purchased_type":["Relic","Card","Card","Relic","Card","Card","Card","Card"],"build_version":"2020-12-22","purchased_purges":0,"victory":false,"max_hp_per_floor":[70,76,76,76,76,76,76,76,76,76,76,76,76,76,76,76,76,76,76,76,76,78,78,78,78,78,78,78,78,80,82,82,82,82],"card_choices":[{"not_picked":["FollowUp","Dagger Throw"],"picked":"EmptyBody","floor":1},{"not_picked":["Sanctity","Consecrate"],"picked":"Endless Agony","floor":5},{"not_picked":["Sucker Punch","Evaluate"],"picked":"Protect","floor":6},{"not_picked":["CrushJoints","Grand Finale"],"picked":"Pray","floor":8},{"not_picked":["Protect","Sucker Punch","Prepared"],"picked":"SKIP","floor":10},{"not_picked":["Dodge and Roll","MentalFortress"],"picked":"Dash","floor":11},{"not_picked":["FlyingSleeves","EmptyFist"],"picked":"Outmaneuver","floor":12},{"not_picked":["Outmaneuver","Consecrate"],"picked":"Wish","floor":14},{"not_picked":["SpiritShield","Vault"],"picked":"Judgement","floor":16},{"not_picked":["WindmillStrike","FlyingSleeves"],"picked":"EmptyMind","floor":18},{"not_picked":["Reflex","Noxious Fumes+1"],"picked":"FlurryOfBlows","floor":21},{"not_picked":["SandsOfTime+1","BowlingBash","Cloak And Dagger+1"],"picked":"Singing Bowl","floor":22},{"not_picked":["PiercingWail","Blade Dance"],"picked":"Endless Agony+1","floor":25},{"not_picked":["EmptyFist","Outmaneuver"],"picked":"Concentrate","floor":29},{"not_picked":["Slice","Blur","Deadly Poison"],"picked":"Singing Bowl","floor":30},{"not_picked":["FollowUp","Dagger Spray","Choke"],"picked":"Singing Bowl","floor":31}],"player_experience":86237,"relics_obtained":[{"floor":6,"key":"Snake Skull"},{"floor":8,"key":"Vajra"},{"floor":9,"key":"Centennial Puzzle"},{"floor":20,"key":"Enchiridion"}],"event_choices":[{"damage_healed":0,"gold_gain":0,"player_choice":"RENOUNCE","damage_taken":144,"max_hp_gain":0,"max_hp_loss":0,"event_name":"betterThird:BetterSerpent","floor":2,"gold_loss":144,"cards_obtained":["Enlightenment"]},{"damage_healed":0,"gold_gain":0,"player_choice":"Slimed","damage_taken":11,"max_hp_gain":0,"max_hp_loss":0,"event_name":"betterThird:BetterGoop","floor":3,"gold_loss":0},{"damage_healed":0,"gold_gain":0,"player_choice":"Got Potions","damage_taken":0,"max_hp_gain":0,"max_hp_loss":0,"event_name":"Lab","floor":4,"gold_loss":0},{"damage_healed":0,"gold_gain":0,"player_choice":"Serpent","damage_taken":0,"max_hp_gain":0,"max_hp_loss":0,"event_name":"BanditSerpent","floor":19,"gold_loss":0},{"damage_healed":0,"gold_gain":0,"player_choice":"Obtained Book","damage_taken":16,"max_hp_gain":0,"max_hp_loss":0,"event_name":"Cursed Tome","floor":20,"gold_loss":0},{"damage_healed":0,"gold_gain":0,"player_choice":"Trade","damage_taken":0,"relics_obtained":["NlothsMask"],"max_hp_gain":0,"max_hp_loss":0,"event_name":"FaceTrader","floor":24,"gold_loss":0}],"is_beta":false,"boss_relics":[{"not_picked":["Ring of the Serpent","WristBlade"],"picked":"Philosopher\u0027s Stone"}],"items_purged_floors":[],"is_endless":false,"potions_floor_spawned":[1,6,11,14,16,21,22],"killed_by":"Collector","ascension_level":0}}