{"host":"Black","time":1612982466,"event":{"mods":["Act Like it!","Always Whale","AlwaysNeverKeys","Aspiration","BaseMod","Beta Mode","BetterRewards","Colored Map","Colored Powertips","Custom Start","DeckTracker","Downfall","FetchMod","Highlight Path","Hubris","Minty Spire (QoL Compilation)","MoreRelics","Quick Restart","Random Character Button","Shop Mod","StSLib","SuperFastMode","Unceasing Turn Reminder","everything is the same but u backflip on backflip"],"gold_per_floor":[118,128,128,146,146,146,176,176,176,176,1,19,19,49,49,147,147,160,160,160,7,32,32,58,58,84,84,95,120,138,158,158,257,257,273,373,127,140,140,140,15,27,27,27,41,61,15,28,28,28,28,28,28,53,53],"floor_reached":56,"language":"ENG","playtime":3293,"items_purged":["Injury","Defend_R","hubris:Lust"],"score":1910,"play_id":"c9fc42c1-d94b-43e9-9c36-008548b17e7c","local_time":"20210210194106","daily_mods":["Red Cards","Green Cards","Blue Cards","Colorless Cards","downfall:Jewelcrafting"],"is_ascension_mode":true,"campfire_choices":[{"data":"Pommel Strike","floor":13,"key":"SMITH"},{"data":"Shrug It Off","floor":15,"key":"SMITH"},{"data":"Scrape","floor":23,"key":"SMITH"},{"data":"Creative AI","floor":25,"key":"SMITH"},{"data":"Cloak And Dagger","floor":27,"key":"SMITH"},{"data":"Blade Dance","floor":32,"key":"SMITH"},{"data":"Defend_R","floor":40,"key":"SMITH"},{"data":"Ball Lightning","floor":44,"key":"SMITH"},{"data":"Footwork","floor":49,"key":"SMITH"},{"data":"Slice","floor":52,"key":"SMITH"}],"circlet_count":0,"master_deck":["Strike_R","Strike_R","Defend_R+1","Guardian:ExploitGems","Guardian:ExploitGems","Cloak And Dagger+1","Slice+1","Shrug It Off+1","Ball Lightning+1","Pommel Strike+1","Blade Dance+1","Good Instincts+1","Master of Strategy+1","Leap+1","Blade Dance+1","Offering+1","Disarm+1","Go for the Eyes+1","Scrape+1","Creative AI+1","Coolheaded+1","Beam Cell+1","Blind+1","Seeing Red+1","Trip+1","Adrenaline+1","FTL+1","Prepared+1","Calculated Gamble+1","Acrobatics+1","Well Laid Plans+1","Footwork+1","PiercingWail+1","Body Slam+1","Acrobatics+1"],"relics":["Burning Blood","Guardian:PickAxe","Prayer Wheel","hubris:CrystalStatue","Toxic Egg 2","InkBottle","Magic Flower","Boot","aspiration:SilentSkillbook","Akabeko","MealTicket","Vajra","StrikeDummy","Cursed Key","Toolbox","Mummified Hand","Bronze Scales"],"acts_visited":["Exordium","TheCity","TheBeyond","TheEnding"],"potions_floor_usage":[7,55,55,55],"damage_taken":[{"damage":1,"enemies":"Cultist","floor":1,"turns":4},{"damage":2,"enemies":"Jaw Worm","floor":2,"turns":3},{"damage":2,"enemies":"2 Louse","floor":4,"turns":2},{"damage":9,"enemies":"3 Sentries","floor":7,"turns":5},{"damage":5,"enemies":"Red Slaver","floor":12,"turns":2},{"damage":0,"enemies":"Lagavulin","floor":14,"turns":4},{"damage":0,"enemies":"The Guardian","floor":16,"turns":8},{"damage":0,"enemies":"Spheric Guardian","floor":18,"turns":2},{"damage":6,"enemies":"Book of Stabbing","floor":24,"turns":3},{"damage":6,"enemies":"Chosen","floor":28,"turns":2},{"damage":6,"enemies":"Gremlin Leader","floor":29,"turns":3},{"damage":6,"enemies":"Centurion and Healer","floor":30,"turns":3},{"damage":0,"enemies":"Shelled Parasite and Fungi","floor":31,"turns":1},{"damage":14,"enemies":"hubris:MusketHawk","floor":33,"turns":4},{"damage":0,"enemies":"Orb Walker","floor":35,"turns":2},{"damage":0,"enemies":"3 Darklings","floor":38,"turns":3},{"damage":6,"enemies":"Sphere and 2 Shapes","floor":42,"turns":1},{"damage":6,"enemies":"Transient","floor":45,"turns":5},{"damage":0,"enemies":"4 Shapes","floor":46,"turns":1},{"damage":6,"enemies":"Maw","floor":48,"turns":1},{"damage":14,"enemies":"hubris:GrandSnecko","floor":50,"turns":3},{"damage":6,"enemies":"Shield and Spear","floor":54,"turns":2},{"damage":42,"enemies":"The Heart","floor":55,"turns":5}],"seed_played":"4334345022434506604","potions_obtained":[{"floor":2,"key":"Explosive Potion"},{"floor":10,"key":"EssenceOfSteel"},{"floor":10,"key":"CultistPotion"},{"floor":10,"key":"EssenceOfSteel"}],"is_trial":true,"path_per_floor":["M","M","T","M","?","R","E","R","T","?","$","M","R","E","R","B",null,"M","?","?","$","T","R","E","R","T","R","M","E","M","M","R","B",null,"M","?","$","M","T","R","$","M","T","R","M","M","$","M","R","B",null,"R","$","E","B",null],"character_chosen":"IRONCLAD","items_purchased":["Master of Strategy+1","Scrape","Toolbox","PiercingWail+1"],"campfire_rested":0,"item_purchase_floors":[11,21,37,47],"current_hp_per_floor":[77,80,80,80,80,80,77,77,77,77,77,80,80,80,80,80,80,80,65,65,65,65,65,68,68,68,68,71,74,77,85,85,80,84,85,85,85,85,85,85,85,85,85,85,85,85,85,85,85,80,84,84,85,85,52],"gold":53,"neow_bonus":"","is_daily":false,"chose_seed":false,"campfire_upgraded":10,"win_rate":0.0,"timestamp":1612982466,"path_taken":["M","?","?","?","?","R","E","R","T","?","$","?","R","E","R","BOSS","M","?","?","$","?","R","E","R","T","R","M","E","M","M","R","BOSS","M","?","?","M","?","R","?","?","T","R","M","M","$","?","R","BOSS","R","$","E","BOSS"],"items_purchased_type":["Card","Card","Relic","Card"],"build_version":"2020-12-22","purchased_purges":3,"victory":true,"max_hp_per_floor":[80,80,80,80,80,80,80,80,80,80,80,80,80,80,80,80,80,80,85,85,85,85,85,85,85,85,85,85,85,85,85,85,85,85,85,85,85,85,85,85,85,85,85,85,85,85,85,85,85,85,85,85,85,85,85],"card_choices":[{"not_picked":["Turbo","hubris:TrickCloak"],"picked":"Cloak And Dagger","floor":1},{"not_picked":["PiercingWail","Acrobatics"],"picked":"Slice","floor":1},{"not_picked":["Flying Knee","Predator"],"picked":"Shrug It Off","floor":2},{"not_picked":["Dark Shackles","Rebound"],"picked":"Ball Lightning","floor":2},{"not_picked":["Distraction","Secret Weapon"],"picked":"Pommel Strike","floor":4},{"not_picked":["Blizzard","Force Field"],"picked":"Blade Dance","floor":4},{"not_picked":["Fire Breathing","Underhanded Strike"],"picked":"Good Instincts+1","floor":7},{"not_picked":["Hello World","Sweeping Beam"],"picked":"Leap+1","floor":12},{"not_picked":["Flying Knee","Clothesline","Gash"],"picked":"SKIP","floor":12},{"not_picked":["Tempest+1","Heavy Blade"],"picked":"Blade Dance+1","floor":14},{"not_picked":["Master of Strategy+1","Burst+1"],"picked":"Offering+1","floor":16},{"not_picked":["Hologram+1","Ball Lightning","Steam+1"],"picked":"Disarm+1","floor":18},{"not_picked":["hubris:SharpeningStone+1","Barrage","Dual Wield+1"],"picked":"Go for the Eyes+1","floor":18},{"not_picked":["Endless Agony","Calculated Gamble+1","Cleave"],"picked":"Creative AI","floor":24},{"not_picked":["Barrage+1","Cleave+1","Iron Wave"],"picked":"Coolheaded+1","floor":28},{"not_picked":["Headbutt+1","Leap+1","Mind Blast"],"picked":"Beam Cell+1","floor":28},{"not_picked":["Armaments+1","Deadly Poison+1","Anger+1"],"picked":"Blind+1","floor":29},{"not_picked":["Power Through+1","Dagger Throw","Sword Boomerang"],"picked":"Seeing Red+1","floor":30},{"not_picked":["Bludgeon","Compile Driver+1","Dash"],"picked":"hubris:ReadiedAction+1","floor":30},{"not_picked":["Dagger Spray+1","Heavy Blade","Thunderclap+1"],"picked":"Trip+1","floor":31},{"not_picked":["Barrage+1","Darkness+1","Bane+1","Stack+1"],"picked":"SKIP","floor":31},{"not_picked":["Unload","Offering+1","Thunder Strike"],"picked":"Adrenaline+1","floor":33},{"not_picked":["Underhanded Strike","Doom and Gloom+1","Capacitor+1"],"picked":"FTL+1","floor":35},{"not_picked":["Skewer","Redo+1","Conserve Battery+1","Poisoned Stab"],"picked":"SKIP","floor":35},{"not_picked":["Bouncing Flask+1","Power Through+1","Flying Knee"],"picked":"Prepared+1","floor":38},{"not_picked":["Eviscerate","Underhanded Strike+1","Havoc+1","Headbutt+1"],"picked":"SKIP","floor":38},{"not_picked":["Gash+1","Coolheaded+1","Fusion+1"],"picked":"Calculated Gamble+1","floor":42},{"not_picked":["Sweeping Beam","Gash+1","Warcry+1","A Thousand Cuts"],"picked":"SKIP","floor":42},{"not_picked":["Leap+1","Dual Wield+1","Pommel Strike"],"picked":"Acrobatics+1","floor":45},{"not_picked":["Self Repair+1","Iron Wave","Deflect+1","Power Through+1"],"picked":"SKIP","floor":45},{"not_picked":["Headbutt+1","hubris:CleavingFinish","Searing Blow"],"picked":"Well Laid Plans+1","floor":46},{"not_picked":["hubris:TrickCloak+1","Consume+1","Leap+1"],"picked":"Footwork","floor":46},{"not_picked":["hubris:ReadiedAction+1","Shrug It Off+1","hubris:Ssssneak+1"],"picked":"Body Slam+1","floor":48},{"not_picked":["Thunderclap","Beam Cell+1","Shrug It Off+1","Perfected Strike+1"],"picked":"SKIP","floor":48},{"not_picked":["Madness+1","Corpse Explosion+1","Barrage"],"picked":"Acrobatics+1","floor":54}],"player_experience":500622,"relics_obtained":[{"floor":3,"key":"hubris:CrystalStatue"},{"floor":7,"key":"InkBottle"},{"floor":9,"key":"Magic Flower"},{"floor":14,"key":"Boot"},{"floor":22,"key":"Akabeko"},{"floor":24,"key":"MealTicket"},{"floor":26,"key":"Vajra"},{"floor":29,"key":"StrikeDummy"},{"floor":39,"key":"Mummified Hand"},{"floor":54,"key":"Bronze Scales"}],"event_choices":[{"damage_healed":0,"gold_gain":0,"player_choice":"Got Potions","damage_taken":0,"max_hp_gain":0,"max_hp_loss":0,"event_name":"Lab","floor":10,"gold_loss":0},{"damage_healed":0,"gold_gain":0,"player_choice":"Shed Blood","damage_taken":20,"max_hp_gain":5,"max_hp_loss":0,"event_name":"Forgotten Altar","floor":19,"gold_loss":0},{"cards_removed":["Strike_R"],"damage_healed":0,"gold_gain":0,"player_choice":"Elegance","damage_taken":0,"max_hp_gain":0,"max_hp_loss":0,"event_name":"Back to Basics","floor":20,"gold_loss":0},{"damage_healed":0,"gold_gain":100,"player_choice":"Pray","damage_taken":0,"max_hp_gain":0,"max_hp_loss":0,"event_name":"Golden Shrine","floor":36,"gold_loss":0}],"is_beta":true,"boss_relics":[{"not_picked":["hubris:CrackedHourglass","Tiny House"],"picked":"aspiration:SilentSkillbook"},{"not_picked":["aspiration:PoetsPen_weak","hubris:VirtuousBlindfold"],"picked":"Cursed Key"}],"items_purged_floors":[21,37,41],"is_endless":false,"potions_floor_spawned":[2,12,14,24,28,31,38,45],"ascension_level":9}}