{"host":"8fuipfsvjht9cgcs","time":1612922499,"event":{"mods":["AchievementEnabler","BaseMod","Colored Map","Colored Powertips","DeckTracker","Friendly Minions","Kiyohime£¨?ýï£©","Marisa£¨Ùöéë¡¡Øª×âÞÞ£©","Minty Spire (QoL Compilation)","Prisma Mod","StSLib","SuperFastMode","The Cursed","The Gatherer"],"gold_per_floor":[115,115,115,125,137,137,172,192,192,0,14,27,62,162,162,162,162],"floor_reached":16,"language":"KOR","playtime":901,"items_purged":[],"score":146,"play_id":"2a385070-94ca-4233-8ed5-05c51d917c4c","local_time":"20210210150139","is_ascension_mode":true,"campfire_choices":[{"data":"Capacitor","floor":6,"key":"SMITH"},{"floor":15,"key":"REST"}],"circlet_count":0,"master_deck":["Strike_B","Strike_B","Strike_B","Strike_B","Defend_B","Defend_B","Defend_B","Defend_B","Zap","Dualcast","Deep Breath","Capacitor+1","Conserve Battery","Melter","Skim","Doom and Gloom","Conserve Battery","Sunder","Turbo","Capacitor"],"relics":["Cracked Core","Strawberry","Pantograph","Happy Flower","Vajra","Lee\u0027s Waffle","Eternal Feather"],"acts_visited":["Exordium"],"potions_floor_usage":[],"damage_taken":[{"damage":4,"enemies":"2 Louse","floor":1,"turns":3},{"damage":4,"enemies":"Jaw Worm","floor":4,"turns":4},{"damage":0,"enemies":"Cultist","floor":5,"turns":4},{"damage":28,"enemies":"Lagavulin","floor":7,"turns":6},{"damage":26,"enemies":"Gremlin Gang","floor":8,"turns":4},{"damage":10,"enemies":"Looter","floor":11,"turns":3},{"damage":8,"enemies":"Red Slaver","floor":12,"turns":3},{"damage":53,"enemies":"Gremlin Nob","floor":13,"turns":5},{"damage":0,"enemies":"Slime Boss","floor":16,"turns":1}],"seed_played":"8971250750541099624","potions_obtained":[{"floor":1,"key":"PotionOfCapacity"},{"floor":4,"key":"LiquidBronze"},{"floor":11,"key":"ColorlessPotion"}],"is_trial":false,"path_per_floor":["M","?","?","M","M","R","E","M","T","$","M","M","E","?","R","B"],"character_chosen":"DEFECT","items_purchased":["Lee\u0027s Waffle","Conserve Battery"],"campfire_rested":1,"item_purchase_floors":[10,10],"current_hp_per_floor":[64,64,64,60,60,60,32,6,6,89,79,71,18,18,56,81,81],"gold":162,"neow_bonus":"RANDOM_COLORLESS","is_daily":false,"chose_seed":false,"campfire_upgraded":1,"win_rate":0.0,"timestamp":1612922499,"path_taken":["M","?","?","?","M","R","E","M","T","$","?","M","E","?","R","BOSS"],"items_purchased_type":["Relic","Card"],"build_version":"2020-12-22","purchased_purges":0,"victory":false,"max_hp_per_floor":[75,82,82,82,82,82,82,82,82,89,89,89,89,89,89,89,89],"card_choices":[{"not_picked":["Good Instincts","Enlightenment"],"picked":"Deep Breath","floor":0},{"not_picked":["Blizzard","Double Energy"],"picked":"Capacitor","floor":1},{"not_picked":["Stack","Steam"],"picked":"Conserve Battery","floor":4},{"not_picked":["Stack","Leap"],"picked":"Melter","floor":5},{"not_picked":["Go for the Eyes","Steam"],"picked":"Skim","floor":7},{"not_picked":["Sweeping Beam","Rebound"],"picked":"Doom and Gloom","floor":8},{"not_picked":["Beam Cell","Melter"],"picked":"Sunder","floor":11},{"not_picked":["Amplify","Redo"],"picked":"Turbo","floor":12},{"not_picked":["Leap","Redo"],"picked":"Capacitor","floor":13}],"player_experience":484250,"relics_obtained":[{"floor":3,"key":"Pantograph"},{"floor":7,"key":"Happy Flower"},{"floor":9,"key":"Vajra"},{"floor":13,"key":"Eternal Feather"}],"event_choices":[{"damage_healed":0,"gold_gain":0,"player_choice":"Success","damage_taken":7,"relics_obtained":["Strawberry"],"max_hp_gain":0,"max_hp_loss":0,"event_name":"Scrap Ooze","floor":2,"gold_loss":0},{"damage_healed":0,"gold_gain":0,"player_choice":"Relic","damage_taken":0,"max_hp_gain":0,"max_hp_loss":0,"event_name":"Wheel of Change","floor":3,"gold_loss":0},{"damage_healed":0,"gold_gain":100,"player_choice":"Pray","damage_taken":0,"max_hp_gain":0,"max_hp_loss":0,"event_name":"Golden Shrine","floor":14,"gold_loss":0}],"is_beta":false,"boss_relics":[],"items_purged_floors":[],"is_endless":false,"potions_floor_spawned":[1,4,11],"killed_by":"Slime Boss","ascension_level":6}}