{"host":"u2tqs5prbwebzr58","time":1612951567,"event":{"mods":["BaseMod","Better Skull","Hermit","Jorbs\u0027s Wanderer Trilogy","Marisa????????","Minty Spire (QoL Compilation)","Prisma Mod","READ ME - Guardian Mod","Shade Mod","StSLib","The Bug Knight","The Cursed","The Disciple","The Druid","The Hierophant","The Necromancer","The Senshi","The Servant 0.9.4"],"gold_per_floor":[16,91,17,35,85,114,15,15,93,93,93,426,426,440,440,535,535,546,421,421,432,347,347,379,391,442,442,170,170,190,204,204,300,300,300],"floor_reached":34,"language":"ENG","playtime":2142,"items_purged":["Strike_R","Defend_R","Bash"],"score":495,"play_id":"082d8b02-23b7-4c94-997a-04a76584c9c4","local_time":"20210210020607","is_ascension_mode":true,"campfire_choices":[{"floor":8.0,"key":"REST"},{"data":"Armaments","floor":10.0,"key":"SMITH"},{"floor":13.0,"key":"REST"},{"data":"Juggernaut","floor":15.0,"key":"SMITH"},{"floor":23.0,"key":"REST"},{"floor":29.0,"key":"REST"},{"floor":32.0,"key":"REST"}],"circlet_count":0,"master_deck":["Strike_R","Strike_R+1","Strike_R","Defend_R","Defend_R","Defend_R","Juggernaut+1","Metallicize","Armaments+1","Body Slam","Rage","Shrug It Off","Offering","Headbutt+1","Spot Weakness+1","Offering","Metallicize"],"relics":["Black Blood","Akabeko","theSenshi:SailorFukuRelic","Letter Opener","Old Coin","SacredBark","Red Skull","InkBottle","Whetstone","TheAbacus"],"acts_visited":["Exordium","TheCity"],"potions_floor_usage":[],"damage_taken":[{"damage":8.0,"enemies":"Jaw Worm","floor":1.0,"turns":4.0},{"damage":0.0,"enemies":"Cultist","floor":4.0,"turns":4.0},{"damage":46.0,"enemies":"3 Sentries","floor":6.0,"turns":11.0},{"damage":16.0,"enemies":"HollowMod:MossKnight","floor":12.0,"turns":5.0},{"damage":0.0,"enemies":"2 Louse","floor":14.0,"turns":3.0},{"damage":24.0,"enemies":"Slime Boss","floor":16.0,"turns":11.0},{"damage":34.0,"enemies":"2 Thieves","floor":18.0,"turns":3.0},{"damage":13.0,"enemies":"3 Byrds","floor":21.0,"turns":3.0},{"damage":15.0,"enemies":"Gremlin Leader","floor":24.0,"turns":6.0},{"damage":17.0,"enemies":"Snecko","floor":25.0,"turns":5.0},{"damage":17.0,"enemies":"Shelled Parasite and Fungi","floor":30.0,"turns":4.0},{"damage":12.0,"enemies":"Centurion and Healer","floor":31.0,"turns":3.0},{"damage":44.0,"enemies":"Collector","floor":33.0,"turns":5.0}],"seed_played":"4721762731169731828","potions_obtained":[{"floor":12.0,"key":"SpeedPotion"},{"floor":14.0,"key":"GamblersBrew"},{"floor":21.0,"key":"Strength Potion"},{"floor":30.0,"key":"AttackPotion"}],"is_trial":false,"path_per_floor":["M","?","$","M","T","E","$","R","T","R","?","E","R","M","R","B",null,"M","$","?","M","?","R","E","M","T","?","$","R","M","M","R","B",null],"character_chosen":"IRONCLAD","items_purchased":["Metallicize","Body Slam","Headbutt","TheAbacus"],"campfire_rested":5,"item_purchase_floors":[3,7,19,28],"current_hp_per_floor":[78,70,70,76,76,36,36,60,60,60,53,43,67,73,73,55,74,46,46,46,39,39,63,54,43,43,43,43,67,56,50,74,36,36,36],"gold":300,"neow_bonus":"THREE_RARE_CARDS","is_daily":false,"chose_seed":false,"campfire_upgraded":2,"win_rate":0.0,"timestamp":1612951567,"path_taken":["M","?","$","?","?","E","$","R","T","R","?","E","R","M","R","BOSS","M","$","?","M","?","R","E","M","T","?","$","R","?","M","R","BOSS"],"items_purchased_type":["Card","Card","Card","Relic"],"build_version":"2020-12-22","purchased_purges":3,"victory":false,"max_hp_per_floor":[80,80,80,80,80,80,80,80,80,80,80,80,80,80,80,80,80,80,80,80,80,80,80,80,80,80,80,80,80,80,80,80,80,80,80],"card_choices":[{"not_picked":["Impervious","Corruption"],"picked":"Juggernaut","floor":0.0},{"not_picked":["Sword Boomerang","Twin Strike","Clothesline"],"picked":"SKIP","floor":1.0},{"not_picked":["Havoc","Whirlwind","Wild Strike"],"picked":"SKIP","floor":4.0},{"not_picked":["Seeing Red","True Grit"],"picked":"Armaments","floor":6.0},{"not_picked":["Searing Blow","Evolve"],"picked":"Rage","floor":12.0},{"not_picked":["Berserk","Fire Breathing"],"picked":"Shrug It Off","floor":14.0},{"not_picked":["Demon Form","Corruption"],"picked":"Offering","floor":16.0},{"not_picked":["Warcry+1","Battle Trance","Pommel Strike"],"picked":"SKIP","floor":18.0},{"not_picked":["Thunderclap","Body Slam+1","Whirlwind"],"picked":"SKIP","floor":21.0},{"not_picked":["Disarm","Thunderclap"],"picked":"Spot Weakness+1","floor":24.0},{"not_picked":["Headbutt","Cleave","Shrug It Off"],"picked":"SKIP","floor":25.0},{"not_picked":["Perfected Strike","Evolve"],"picked":"Metallicize","floor":30.0},{"not_picked":["Sentinel","Pommel Strike+1","Hemokinesis"],"picked":"SKIP","floor":31.0}],"player_experience":517352,"relics_obtained":[{"floor":5.0,"key":"Akabeko"},{"floor":6.0,"key":"theSenshi:SailorFukuRelic"},{"floor":9.0,"key":"Letter Opener"},{"floor":12.0,"key":"Old Coin"},{"floor":24.0,"key":"InkBottle"},{"floor":26.0,"key":"Whetstone"}],"event_choices":[{"damage_healed":0.0,"max_hp_gain":0.0,"max_hp_loss":0.0,"gold_gain":75.0,"event_name":"FaceTrader","player_choice":"Touch","floor":2.0,"gold_loss":0.0,"damage_taken":8.0},{"cards_removed":["Strike_R"],"damage_healed":0.0,"max_hp_gain":0.0,"max_hp_loss":0.0,"gold_gain":0.0,"event_name":"Golden Wing","player_choice":"Card Removal","floor":11.0,"gold_loss":0.0,"damage_taken":7.0},{"damage_healed":0.0,"max_hp_gain":0.0,"max_hp_loss":0.0,"gold_gain":0.0,"event_name":"Vampires","player_choice":"Ignored","floor":20.0,"gold_loss":0.0,"damage_taken":0.0},{"damage_healed":0.0,"max_hp_gain":0.0,"max_hp_loss":0.0,"gold_gain":0.0,"event_name":"Addict","player_choice":"Obtained Relic","floor":22.0,"gold_loss":85.0,"damage_taken":0.0,"relics_obtained":["Red Skull"]},{"damage_healed":0.0,"max_hp_gain":0.0,"max_hp_loss":0.0,"gold_gain":0.0,"event_name":"Duplicator","player_choice":"Copied","floor":27.0,"gold_loss":0.0,"damage_taken":0.0,"cards_obtained":["Offering"]}],"is_beta":false,"boss_relics":[{"not_picked":["Astrolabe","Snecko Eye"],"picked":"SacredBark"},{"not_picked":["Velvet Choker","Tiny House"],"picked":"Black Blood"}],"items_purged_floors":[7,19,28],"is_endless":false,"potions_floor_spawned":[12,14,21,30,31],"ascension_level":5}}