{"host":"sc0o2qwpf9j16a4i","time":1612977173,"event":{"mods":["AchievementEnabler","BaseMod","BetterRewards","Block Reminder","Colored Map","Colored Powertips","Custom Start","Highlight Path","Minty Spire (QoL Compilation)","Relic Stats"],"gold_per_floor":[159,195,370,70,109,214,406,406,406,439,141,141,141,219,219,507,507,519,579,19,55,91,196,196,301,301,301,388,448,502,502,502,814,814,850,907,1069,1069,1105,1180,1180,1282,1309,1309,1405,1444,1492,992,992,992],"floor_reached":51,"language":"ENG","playtime":2193,"items_purged":[],"score":1330,"play_id":"53eb3d8f-e511-479c-801c-b67d237b8de7","local_time":"20210210191253","daily_mods":["SealedDeck","Hoarder","Midas"],"is_ascension_mode":false,"campfire_choices":[{"floor":12,"key":"REST"},{"floor":15,"key":"REST"},{"floor":24,"key":"REST"},{"floor":32,"key":"REST"},{"floor":41,"key":"REST"},{"floor":49,"key":"REST"}],"circlet_count":0,"master_deck":["Pommel Strike","Pommel Strike","Pommel Strike","Flex","Flex","Flex","Pommel Strike","Pommel Strike+1","Pommel Strike","Iron Wave","Iron Wave+1","Iron Wave","Shrug It Off","Shrug It Off","Shrug It Off","Heavy Blade","Heavy Blade","Heavy Blade","Ghostly Armor","Ghostly Armor","Ghostly Armor","Headbutt","Headbutt","Headbutt","Spot Weakness","Spot Weakness","Spot Weakness","Disarm","Disarm","Disarm","Shockwave","Shockwave","Shockwave","Power Through","Power Through","Power Through","Doubt","Thunderclap","Thunderclap","Thunderclap","Clothesline","Clothesline","Clothesline","Offering","Offering","Offering","Reaper","Reaper","Reaper","Feed","Feed","Feed","Battle Trance","Battle Trance","Battle Trance","Burning Pact","Burning Pact","Burning Pact","Inflame","Inflame","Inflame","Armaments+1","Armaments+1","Armaments+1","Flame Barrier+1","Flame Barrier+1","Flame Barrier+1","Reaper","Reaper","Reaper","Bloodletting+1","Bloodletting+1","Bloodletting+1","Mind Blast","Mind Blast","Mind Blast","Seeing Red","Seeing Red","Seeing Red","True Grit+1","True Grit+1","True Grit+1","Feel No Pain","Feel No Pain","Feel No Pain","Master of Strategy","Master of Strategy","Master of Strategy"],"relics":["Burning Blood","ClockworkSouvenir","Art of War","Potion Belt","Whetstone","Gremlin Horn","Red Skull","Bag of Preparation","Empty Cage","Oddly Smooth Stone","White Beast Statue","Toolbox","Happy Flower","Nunchaku","Meat on the Bone","HornCleat","Mark of Pain","Pocketwatch","Toy Ornithopter","Blood Vial","Bag of Marbles","Kunai","Membership Card","Akabeko","Magic Flower"],"acts_visited":["Exordium","TheCity","TheBeyond"],"potions_floor_usage":[6,7,14,16,16,16,22,23,23,29,30,33,33,33,33,33,35,35,37,42,50,50,50,50],"damage_taken":[{"damage":0,"enemies":"Cultist","floor":1,"turns":3},{"damage":8,"enemies":"Jaw Worm","floor":2,"turns":2},{"damage":0,"enemies":"Small Slimes","floor":5,"turns":3},{"damage":0,"enemies":"3 Sentries","floor":6,"turns":6},{"damage":8,"enemies":"Lagavulin Event","floor":7,"turns":6},{"damage":0,"enemies":"3 Louse","floor":10,"turns":3},{"damage":18,"enemies":"Lagavulin","floor":14,"turns":5},{"damage":18,"enemies":"Hexaghost","floor":16,"turns":7},{"damage":6,"enemies":"2 Thieves","floor":18,"turns":5},{"damage":27,"enemies":"Shell Parasite","floor":19,"turns":9},{"damage":25,"enemies":"Centurion and Healer","floor":21,"turns":11},{"damage":24,"enemies":"Shelled Parasite and Fungi","floor":22,"turns":4},{"damage":0,"enemies":"Gremlin Leader","floor":23,"turns":3},{"damage":21,"enemies":"Slavers","floor":25,"turns":5},{"damage":22,"enemies":"Book of Stabbing","floor":28,"turns":5},{"damage":10,"enemies":"Cultist and Chosen","floor":29,"turns":4},{"damage":25,"enemies":"Centurion and Healer","floor":30,"turns":15},{"damage":18,"enemies":"Automaton","floor":33,"turns":12},{"damage":12,"enemies":"3 Darklings","floor":35,"turns":3},{"damage":16,"enemies":"Orb Walker","floor":36,"turns":5},{"damage":42,"enemies":"2 Orb Walkers","floor":37,"turns":8},{"damage":0,"enemies":"Jaw Worm Horde","floor":39,"turns":1},{"damage":0,"enemies":"Nemesis","floor":40,"turns":1},{"damage":0,"enemies":"Reptomancer","floor":42,"turns":1},{"damage":0,"enemies":"Nemesis","floor":45,"turns":1},{"damage":22,"enemies":"Transient","floor":46,"turns":5},{"damage":0,"enemies":"Maw","floor":47,"turns":2},{"damage":0,"enemies":"Time Eater","floor":50,"turns":1}],"seed_played":"764354905465005784","potions_obtained":[{"floor":1,"key":"Block Potion"},{"floor":5,"key":"Ancient Potion"},{"floor":10,"key":"Block Potion"},{"floor":14,"key":"PowerPotion"},{"floor":18,"key":"Energy Potion"},{"floor":19,"key":"ColorlessPotion"},{"floor":21,"key":"BloodPotion"},{"floor":22,"key":"AttackPotion"},{"floor":23,"key":"Ancient Potion"},{"floor":25,"key":"Swift Potion"},{"floor":28,"key":"EntropicBrew"},{"floor":29,"key":"GamblersBrew"},{"floor":30,"key":"BloodPotion"},{"floor":33,"key":"SkillPotion"},{"floor":35,"key":"Swift Potion"},{"floor":36,"key":"ColorlessPotion"},{"floor":37,"key":"SteroidPotion"},{"floor":39,"key":"Dexterity Potion"},{"floor":40,"key":"LiquidMemories"},{"floor":42,"key":"AttackPotion"},{"floor":45,"key":"SteroidPotion"}],"is_trial":true,"path_per_floor":["M","M","?","$","M","E","?","?","T","M","$","R","?","E","R","B",null,"M","M","$","M","M","E","R","E","T","?","E","M","M","?","R","B",null,"M","M","?","?","M","E","R","E","T","?","E","M","M","$","R","B",null],"character_chosen":"IRONCLAD","items_purchased":["ClockworkSouvenir","Art of War","Red Skull","AttackPotion","Block Potion","Clothesline","Oddly Smooth Stone","White Beast Statue","Toolbox","Membership Card","Akabeko","Magic Flower","Feel No Pain","Master of Strategy"],"campfire_rested":6,"item_purchase_floors":[4,4,11,11,11,11,20,20,20,48,48,48,48,48],"current_hp_per_floor":[80,78,78,78,80,80,78,78,78,80,80,80,80,68,80,68,80,83,75,75,62,50,69,99,103,103,103,90,106,107,104,117,120,120,123,122,99,89,95,101,129,129,129,129,129,113,121,121,129,129],"gold":992,"neow_bonus":"","is_daily":false,"chose_seed":false,"campfire_upgraded":0,"win_rate":0.0,"timestamp":1612977173,"path_taken":["M","M","?","$","M","E","?","?","T","M","$","R","?","E","R","BOSS","M","M","$","?","M","E","R","E","T","?","E","M","?","?","R","BOSS","M","?","?","?","M","E","R","E","T","?","E","M","?","?","R","BOSS"],"items_purchased_type":["Relic","Relic","Relic","Potion","Potion","Card","Relic","Relic","Relic","Relic","Relic","Relic","Card","Card"],"build_version":"2020-12-22","purchased_purges":0,"victory":true,"max_hp_per_floor":[80,80,80,80,80,80,80,80,80,80,80,80,80,80,80,80,80,83,86,86,92,98,101,101,104,104,104,107,110,117,117,117,120,120,123,126,129,129,129,129,129,129,129,129,129,129,129,129,129,129],"relic_stats":{"Gremlin Horn":[20,21],"Happy Flower":[23],"counters":[28,136],"Magic Flower":[0],"Bag of Preparation":[42],"Whetstone":["Pommel Strike","Iron Wave"],"Burning Blood":116,"Blood Vial":2,"Nunchaku":[9],"Art of War":[27],"Kunai":[6],"obtain_stats":[{"Gremlin Horn":9,"Magic Flower":48,"Bag of Preparation":14,"Whetstone":7,"Empty Cage":17,"Burning Blood":0,"ClockworkSouvenir":4,"Blood Vial":42,"Nunchaku":25,"HornCleat":28,"Toolbox":20,"Kunai":45,"Red Skull":11,"Potion Belt":6,"Happy Flower":23,"Oddly Smooth Stone":20,"White Beast Statue":20,"Akabeko":48,"Mark of Pain":34,"Art of War":4,"Bag of Marbles":43,"Membership Card":48,"Toy Ornithopter":40,"Meat on the Bone":26,"Pocketwatch":37},{"Gremlin Horn":5,"Magic Flower":27,"Bag of Preparation":7,"Whetstone":5,"Empty Cage":8,"Burning Blood":0,"ClockworkSouvenir":2,"Blood Vial":24,"Nunchaku":14,"HornCleat":15,"Toolbox":10,"Kunai":25,"Red Skull":6,"Potion Belt":4,"Happy Flower":13,"Oddly Smooth Stone":10,"White Beast Statue":10,"Akabeko":27,"Mark of Pain":18,"Art of War":2,"Bag of Marbles":24,"Membership Card":27,"Toy Ornithopter":23,"Meat on the Bone":14,"Pocketwatch":21},{"Gremlin Horn":20,"Magic Flower":135,"Bag of Preparation":28,"Whetstone":20,"Empty Cage":35,"Burning Blood":0,"ClockworkSouvenir":5,"Blood Vial":127,"Nunchaku":72,"HornCleat":77,"Toolbox":49,"Kunai":128,"Red Skull":23,"Potion Belt":14,"Happy Flower":67,"Oddly Smooth Stone":49,"White Beast Statue":49,"Akabeko":135,"Mark of Pain":108,"Art of War":5,"Bag of Marbles":127,"Membership Card":135,"Toy Ornithopter":126,"Meat on the Bone":72,"Pocketwatch":124}],"Toy Ornithopter":0,"Meat on the Bone":0,"Pocketwatch":[9]},"card_choices":[{"not_picked":["Second Wind","Sword Boomerang"],"picked":"Shockwave","floor":1},{"not_picked":["Armaments","Twin Strike"],"picked":"Power Through","floor":2},{"not_picked":["Armaments","Barricade","Clash"],"picked":"SKIP","floor":5},{"not_picked":["Headbutt","Iron Wave","Twin Strike"],"picked":"SKIP","floor":6},{"not_picked":["Iron Wave","Bloodletting"],"picked":"Thunderclap","floor":10},{"not_picked":["Searing Blow","True Grit"],"picked":"Reaper","floor":14},{"not_picked":["Brutality","Fiend Fire"],"picked":"Feed","floor":16},{"not_picked":["Pommel Strike","Havoc","True Grit"],"picked":"SKIP","floor":18},{"not_picked":["Sever Soul+1","Seeing Red"],"picked":"Battle Trance","floor":19},{"not_picked":["Blood for Blood+1","Metallicize+1"],"picked":"Burning Pact","floor":21},{"not_picked":["Flex+1","Perfected Strike","Carnage"],"picked":"SKIP","floor":22},{"not_picked":["Rage","Pommel Strike"],"picked":"Inflame","floor":23},{"not_picked":["Flex+1","Wild Strike","Infernal Blade"],"picked":"SKIP","floor":25},{"not_picked":["True Grit+1","Dual Wield"],"picked":"Armaments+1","floor":28},{"not_picked":["Perfected Strike","Blood for Blood"],"picked":"Flame Barrier+1","floor":29},{"not_picked":["Hemokinesis","True Grit","Spot Weakness+1"],"picked":"SKIP","floor":30},{"not_picked":["Brutality","Berserk"],"picked":"Reaper","floor":33},{"not_picked":["Bloodletting+1","Reckless Charge","Headbutt+1"],"picked":"SKIP","floor":35},{"not_picked":["Reckless Charge","Headbutt+1"],"picked":"Bloodletting+1","floor":35},{"not_picked":["Headbutt+1","Havoc","Combust+1"],"picked":"SKIP","floor":36},{"not_picked":["Deep Breath","Bandage Up"],"picked":"Mind Blast","floor":38},{"not_picked":["Clash+1","Dropkick+1"],"picked":"Seeing Red","floor":39},{"not_picked":["Rage+1","Thunderclap","Clash+1"],"picked":"SKIP","floor":40},{"not_picked":["Havoc+1","Flex+1","Perfected Strike+1"],"picked":"SKIP","floor":42},{"not_picked":["Exhume","Anger+1","Armaments"],"picked":"SKIP","floor":45},{"not_picked":["Burning Pact","Pummel"],"picked":"True Grit+1","floor":46},{"not_picked":["Anger","True Grit","Power Through+1"],"picked":"SKIP","floor":47}],"player_experience":1318339,"relics_obtained":[{"floor":6,"key":"Potion Belt"},{"floor":7,"key":"Whetstone"},{"floor":9,"key":"Gremlin Horn"},{"floor":14,"key":"Bag of Preparation"},{"floor":23,"key":"Happy Flower"},{"floor":25,"key":"Nunchaku"},{"floor":26,"key":"Meat on the Bone"},{"floor":28,"key":"HornCleat"},{"floor":37,"key":"Pocketwatch"},{"floor":40,"key":"Toy Ornithopter"},{"floor":42,"key":"Blood Vial"},{"floor":43,"key":"Bag of Marbles"},{"floor":45,"key":"Kunai"}],"event_choices":[{"damage_healed":0,"gold_gain":175,"player_choice":"AGREE","damage_taken":0,"max_hp_gain":0,"max_hp_loss":0,"event_name":"Liars Game","floor":3,"gold_loss":0,"cards_obtained":["Doubt"]},{"damage_healed":0,"gold_gain":0,"player_choice":"Searched \u00271\u0027 times","damage_taken":0,"max_hp_gain":0,"max_hp_loss":0,"event_name":"Dead Adventurer","floor":7,"gold_loss":0},{"damage_healed":0,"gold_gain":0,"player_choice":"Leave","damage_taken":0,"max_hp_gain":0,"max_hp_loss":0,"event_name":"The Cleric","floor":8,"gold_loss":0},{"damage_healed":0,"gold_gain":0,"player_choice":"1 cards matched","damage_taken":0,"max_hp_gain":0,"max_hp_loss":0,"event_name":"Match and Keep!","floor":13,"gold_loss":0,"cards_obtained":["Offering"]},{"damage_healed":0,"gold_gain":0,"player_choice":"Ignored","damage_taken":0,"max_hp_gain":0,"max_hp_loss":0,"event_name":"Transmorgrifier","floor":27,"gold_loss":0},{"damage_healed":0,"gold_gain":0,"player_choice":"Punched","damage_taken":3,"max_hp_gain":0,"max_hp_loss":0,"event_name":"Designer","floor":31,"gold_loss":0},{"damage_healed":0,"gold_gain":0,"player_choice":"Fight","damage_taken":0,"max_hp_gain":0,"max_hp_loss":0,"event_name":"Mysterious Sphere","floor":37,"gold_loss":0},{"damage_healed":0,"gold_gain":0,"player_choice":"Memory 3","damage_taken":10,"max_hp_gain":0,"max_hp_loss":0,"event_name":"SensoryStone","floor":38,"gold_loss":0},{"damage_healed":0,"gold_gain":0,"player_choice":"Ignored","damage_taken":0,"max_hp_gain":0,"max_hp_loss":0,"event_name":"Transmorgrifier","floor":44,"gold_loss":0}],"is_beta":false,"boss_relics":[{"not_picked":["Sozu","Black Star"],"picked":"Empty Cage"},{"not_picked":["Philosopher\u0027s Stone","Cursed Key"],"picked":"Mark of Pain"}],"items_purged_floors":[],"is_endless":false,"potions_floor_spawned":[1,5,10,14,18,19,21,22,23,25,28,29,30,33,35,36,37,39,40,42,45,46,47],"ascension_level":0}}