{"host":"rxqgn04mcfja67mv","time":1612954524,"event":{"mods":["2.2 Compatiblity","AchievementEnabler","BaseMod","Better Match","Better Note","Better Third Choice","Better Vampires","BetterRewards","Duelist Mod","Grow up Mod","Hermit","Hubris","Marisa????????","Minty Spire (QoL Compilation)","Quick Restart","Rare Cards Sparkle","Replay The Spire","Robot Space Explorer","Shop Mod","Spicy Shops","StSLib","Synergy Search","The Bug Knight"],"gold_per_floor":[119,163,175,175,124,154,154,187,212,230,258,269,11,27,27,130,130,148,148,158,71,71,101,101,101,150,150,181,195,195,209,209,313,313,329,339,368,386,83,83,116,169,169,169,169,200,200,234,234,234,234,234,29,56,56],"floor_reached":56,"language":"ENG","playtime":2551,"items_purged":["ReplayTheSpireMod:Restless Dread","Decay","Amnesia"],"score":1393,"play_id":"ef3d5bca-c544-43c3-b162-326145e74b56","local_time":"20210210105524","is_ascension_mode":true,"campfire_choices":[{"data":"Storm","floor":7,"key":"SMITH"},{"floor":15,"key":"RECALL"},{"data":"White Noise","floor":24,"key":"SMITH"},{"data":"Static Discharge","floor":27,"key":"SMITH"},{"floor":32,"key":"REST"},{"data":"Chrysalis","floor":40,"key":"SMITH"},{"data":"Creative AI","floor":44,"key":"SMITH"},{"floor":47,"key":"REST"},{"floor":49,"key":"REST"},{"data":"hubris:PowerSurge","floor":52,"key":"SMITH"}],"circlet_count":0,"master_deck":["Strike_B","Strike_B","Strike_B","Strike_B","Defend_B","Defend_B","Defend_B","Defend_B","Zap","Dualcast","Static Discharge","Storm+1","Turbo","hubris:PowerSurge+1","White Noise+1","Amplify","hubris:Ukulele","Tempest","Capacitor","Echo Form+1","Static Discharge+1","Tempest","Echo Form+1","Defragment","BasicCrystalCard","Coolheaded+1","Echo Form+1","Sickly","CurseOfTheBell","Lockon","Turbo+1","Panic Button+1","Loop","Noxious Fumes","hubris:PowerSurge+1","Chrysalis+1","Creative AI+1","Conserve Battery+1","Steam","Capacitor"],"relics":["Inserter","ReplayTheSpireMod:CursedCoin","Pear","MerchantsRug","hubris:CrackedHourglass","hubris:Potato","Akabeko","hubris:TenFootPole","hubris:DisguiseKit","Nloth\u0027s Gift","Cables","Replay:Towering Pillar of Hats","Prayer Wheel","Membership Card","hubris:RGBLights","Prayer Wheel","Replay:Ringing Soul","Ring of Panic","Ring of Hypnosis","Replay:Bottled Eggs","Lantern","Replay:Rubber Ducky","Eternal Feather"],"acts_visited":["Exordium","TheCity","TheBeyond","TheEnding"],"potions_floor_usage":[16,16,36,38,38,55,55],"damage_taken":[{"damage":7,"enemies":"Small Slimes","floor":1,"turns":4},{"damage":7,"enemies":"2 Louse","floor":3,"turns":3},{"damage":26,"enemies":"Gremlin Nob","floor":6,"turns":4},{"damage":24,"enemies":"3 Sentries","floor":8,"turns":4},{"damage":13,"enemies":"Jaw Worm","floor":10,"turns":3},{"damage":22,"enemies":"Lagavulin","floor":11,"turns":5},{"damage":11,"enemies":"Blue Slaver","floor":12,"turns":3},{"damage":19,"enemies":"Lots of Slimes","floor":14,"turns":2},{"damage":26,"enemies":"The Guardian","floor":16,"turns":5},{"damage":9,"enemies":"Chosen","floor":18,"turns":2},{"damage":4,"enemies":"3 Byrds","floor":20,"turns":2},{"damage":13,"enemies":"theDuelist:KaibaA2","floor":23,"turns":2},{"damage":15,"enemies":"Gremlin Leader","floor":28,"turns":3},{"damage":21,"enemies":"Centurion and Healer","floor":29,"turns":3},{"damage":22,"enemies":"3 Cultists","floor":31,"turns":4},{"damage":28,"enemies":"Pondfish","floor":33,"turns":4},{"damage":24,"enemies":"Orb Walker","floor":35,"turns":3},{"damage":20,"enemies":"3 Shapes","floor":36,"turns":3},{"damage":33,"enemies":"Writhing Mass","floor":38,"turns":3},{"damage":12,"enemies":"R_Hoarder","floor":41,"turns":4},{"damage":58,"enemies":"2 Orb Walkers","floor":42,"turns":2},{"damage":63,"enemies":"Nemesis","floor":46,"turns":5},{"damage":114,"enemies":"Reptomancer","floor":48,"turns":4},{"damage":106,"enemies":"Replay:Hell Engine","floor":50,"turns":6},{"damage":28,"enemies":"Shield and Spear","floor":54,"turns":4},{"damage":138,"enemies":"The Heart","floor":55,"turns":5}],"seed_played":"3334558185242814200","potions_obtained":[{"floor":2,"key":"SteroidPotion"},{"floor":2,"key":"Energy Potion"},{"floor":2,"key":"Toxic Potion"},{"floor":11,"key":"AttackPotion"},{"floor":16,"key":"ColorlessPotion"},{"floor":18,"key":"SpeedPotion"},{"floor":23,"key":"EntropicBrew"},{"floor":36,"key":"Regen Potion"},{"floor":41,"key":"Milkshake"},{"floor":48,"key":"Toxic Potion"}],"is_trial":false,"path_per_floor":["M","?","M","?","$","E","R","E","T","M","E","M","$","M","R","B",null,"M","?","M","$","?","E","R","$","T","R","E","M","?","M","R","B",null,"M","M","$","M","$","R","E","?","T","R","?","E","R","E","R","B",null,"R","$","E","B",null],"character_chosen":"DEFECT","items_purchased":["hubris:PowerSurge+1","White Noise","ReplayTheSpireMod:CursedCoin","Static Discharge","MerchantsRug","hubris:Potato","Loop","Membership Card","hubris:PowerSurge","Chrysalis","Steam","Capacitor","Replay:Rubber Ducky"],"campfire_rested":3,"item_purchase_floors":[5,5,5,13,13,21,37,39,39,39,53,53,53],"current_hp_per_floor":[81,53,56,104,114,98,108,104,114,111,99,98,108,99,109,93,225,226,236,242,252,262,259,269,279,289,299,294,283,293,281,412,394,427,413,403,413,390,400,410,408,360,370,380,393,340,517,413,588,492,582,592,605,587,459],"gold":56,"neow_bonus":"BOSS_RELIC","is_daily":false,"chose_seed":false,"campfire_upgraded":6,"win_rate":0.0,"timestamp":1612954524,"path_taken":["M","?","M","?","$","E","R","E","T","M","E","M","$","M","R","BOSS","M","?","M","$","?","E","R","$","T","R","E","?","?","M","R","BOSS","M","M","?","M","$","R","E","?","T","R","?","E","R","E","R","BOSS","R","$","E","BOSS"],"items_purchased_type":["Card","Card","Relic","Card","Relic","Relic","Card","Relic","Card","Card","Card","Card","Relic"],"build_version":"2020-12-22","purchased_purges":3,"victory":true,"max_hp_per_floor":[95,105,115,125,135,145,155,175,185,195,205,215,225,235,245,255,265,275,285,295,305,315,325,335,345,355,365,375,385,395,405,415,425,435,445,455,465,475,485,495,505,515,525,535,548,558,568,578,588,598,608,618,631,641,651],"card_choices":[{"not_picked":["Cold Snap","ReplaySolidLightProjector"],"picked":"Static Discharge","floor":1},{"not_picked":["ReplayTheSpireMod:Repulse","Chill"],"picked":"Storm","floor":2},{"not_picked":["Streamline","Reinforced Body"],"picked":"Turbo","floor":3},{"not_picked":["Streamline","Go for the Eyes"],"picked":"Amplify","floor":6},{"not_picked":["Leap","Stack"],"picked":"hubris:Ukulele","floor":8},{"not_picked":["Stack","BasicCrystalCard"],"picked":"Tempest","floor":10},{"not_picked":["Go for the Eyes","Redo"],"picked":"Capacitor","floor":11},{"not_picked":["Redo","Panic Button"],"picked":"Echo Form","floor":12},{"not_picked":["Ball Lightning","Coolheaded"],"picked":"Tempest","floor":14},{"not_picked":["All For One","Multi-Cast"],"picked":"Echo Form","floor":16},{"not_picked":["ReplayTheSpireMod:GoodbyeWorld","Beam Cell+1","Cold Snap"],"picked":"SKIP","floor":18},{"not_picked":["Steam+1","Steam Power"],"picked":"BasicCrystalCard","floor":20},{"not_picked":["Leap","Cold Snap+1"],"picked":"Coolheaded+1","floor":23},{"not_picked":["Genetic Algorithm","Loop"],"picked":"Echo Form","floor":28},{"not_picked":["BasicCrystalCard+1","Barrage+1","Redo","Underhanded Strike"],"picked":"SKIP","floor":29},{"not_picked":["Beam Cell","Coolheaded","Ball Lightning","Predator"],"picked":"SKIP","floor":31},{"not_picked":["Fission","Amplify","Unload"],"picked":"ReplayTheSpireMod:Fabricate Wheel","floor":33},{"not_picked":["theDuelist:PsiCurse","hubris:Wrath","Languid"],"picked":"Sickly","floor":34},{"not_picked":["Replay:Hysterical Blindness","hubris:Lust","hubris:Sloth"],"picked":"Decay","floor":34},{"not_picked":["Spreading Infection","ReplayTheSpireMod:Restless Dread","Voices"],"picked":"CurseOfTheBell","floor":34},{"not_picked":["Streamline+1","ReplayTheSpireMod:GoodbyeWorld+1","Bane"],"picked":"Lockon","floor":35},{"not_picked":["Ball Lightning","Coolheaded+1","Cold Snap","Deflect"],"picked":"SKIP","floor":35},{"not_picked":["Compile Driver+1","hubris:Prefetch","Flying Knee"],"picked":"Turbo+1","floor":36},{"not_picked":["Aggregate","Force Field","Endless Agony"],"picked":"Panic Button+1","floor":36},{"not_picked":["Sweeping Beam+1","Streamline","Leap+1"],"picked":"Noxious Fumes","floor":38},{"not_picked":["ReplayGash","Coolheaded+1","Barrage","Bullet Time"],"picked":"SKIP","floor":38},{"not_picked":["Rebound+1","BasicCrystalCard+1","Phantasmal Killer"],"picked":"Creative AI","floor":41},{"not_picked":["Streamline+1","Gash+1","Hidden Blade"],"picked":"Conserve Battery+1","floor":42},{"not_picked":["Gash","Amplify","FTL+1","A Thousand Cuts"],"picked":"SKIP","floor":46},{"not_picked":["Reprogram","Undo","Hyperbeam","Tactician"],"picked":"SKIP","floor":48},{"not_picked":["Rebound+1","Streamline+1","Reboot","Sneak Up"],"picked":"SKIP","floor":54}],"player_experience":432253,"relics_obtained":[{"floor":6,"key":"Oddly Smooth Stone"},{"floor":8,"key":"Pear"},{"floor":11,"key":"ReplayTheSpireMod:Shallot"},{"floor":23,"key":"Akabeko"},{"floor":26,"key":"hubris:TenFootPole"},{"floor":28,"key":"hubris:DisguiseKit"},{"floor":41,"key":"hubris:RGBLights"},{"floor":42,"key":"Prayer Wheel"},{"floor":43,"key":"Replay:Ringing Soul"},{"floor":45,"key":"Ring of Panic"},{"floor":45,"key":"Ring of Hypnosis"},{"floor":46,"key":"Replay:Bottled Eggs"},{"floor":48,"key":"Lantern"},{"floor":54,"key":"Eternal Feather"}],"event_choices":[{"damage_healed":38,"gold_gain":0,"player_choice":"Banana","damage_taken":0,"max_hp_gain":0,"max_hp_loss":0,"event_name":"Big Fish","floor":4,"gold_loss":0},{"damage_healed":0,"gold_gain":0,"player_choice":"Ignored","damage_taken":0,"max_hp_gain":0,"max_hp_loss":0,"event_name":"Purifier","floor":22,"gold_loss":0},{"damage_healed":0,"gold_gain":0,"player_choice":"Traded Relic","damage_taken":0,"relics_obtained":["Nloth\u0027s Gift"],"max_hp_gain":0,"max_hp_loss":0,"event_name":"N\u0027loth","floor":30,"relics_lost":["ReplayTheSpireMod:Shallot"],"gold_loss":0},{"damage_healed":0,"gold_gain":0,"player_choice":"Fight","damage_taken":0,"max_hp_gain":0,"max_hp_loss":0,"event_name":"Mysterious Sphere","floor":42,"gold_loss":0}],"is_beta":false,"boss_relics":[{"not_picked":["hubris:HollowSoul","Kintsugi"],"picked":"hubris:CrackedHourglass"},{"not_picked":["Abe\u0027s Treasure","hubris:TerracottaHorce"],"picked":"Replay:Ancient Bell"},{"not_picked":["Blood Vial","hubris:ToyBattleship"],"picked":"Vajra"},{"not_picked":["ReplayTheSpireMod:Ninjato","Pantograph"],"picked":"Cables"},{"not_picked":["hubris:GlazedTorus","Incense Burner"],"picked":"Replay:Towering Pillar of Hats"}],"items_purged_floors":[5,37,53],"is_endless":false,"potions_floor_spawned":[3,10,11,14,16,18,23,28,31,36,41,48,54],"ascension_level":6}}