{"host":"soyfmymeou4emntr","time":1612930337,"event":{"mods":["BaseMod","Minty Spire (QoL Compilation)","Permanent Neow","Relic Sorter","Relic Stats","StSLib"],"gold_per_floor":[118,130,146,163,181,181,210,228,228,263,40,40,68,82,82,153,153,173,199,199,213,20,20,20,20,91,91,91],"floor_reached":27,"language":"ENG","playtime":2985,"items_purged":["Strike_R"],"score":466,"play_id":"41b7ca5d-7965-414d-adff-a825bcbe9a45","local_time":"20210209211217","is_ascension_mode":true,"campfire_choices":[{"data":"Hemokinesis","floor":6.0,"key":"SMITH"},{"floor":12.0,"key":"REST"},{"floor":15.0,"key":"REST"},{"data":"Barricade","floor":23.0,"key":"SMITH"}],"circlet_count":0,"master_deck":["AscendersBane","Strike_R","Strike_R","Strike_R","Strike_R","Defend_R","Defend_R","Defend_R","Defend_R","Bash","Pain","Pommel Strike","Hemokinesis+1","Reaper","Pummel","Metallicize","Second Wind","Reaper","True Grit","Armaments","Cleave","Flex","Carnage","Barricade+1","Impervious","Entrench","Entrench","Battle Trance","True Grit"],"relics":["Burning Blood","Prayer Wheel","Smiling Mask","Self Forming Clay","Art of War","PreservedInsect","Shuriken","Coffee Dripper","Red Mask","OrangePellets","Enchiridion","InkBottle"],"acts_visited":["Exordium","TheCity"],"potions_floor_usage":[],"damage_taken":[{"damage":13.0,"enemies":"Cultist","floor":1.0,"turns":4.0},{"damage":22.0,"enemies":"Jaw Worm","floor":2.0,"turns":4.0},{"damage":9.0,"enemies":"Small Slimes","floor":3.0,"turns":3.0},{"damage":25.0,"enemies":"Exordium Wildlife","floor":4.0,"turns":7.0},{"damage":9.0,"enemies":"2 Fungi Beasts","floor":5.0,"turns":4.0},{"damage":51.0,"enemies":"Lagavulin","floor":7.0,"turns":8.0},{"damage":23.0,"enemies":"Large Slime","floor":8.0,"turns":7.0},{"damage":14.0,"enemies":"Gremlin Nob","floor":10.0,"turns":3.0},{"damage":18.0,"enemies":"Lagavulin","floor":13.0,"turns":5.0},{"damage":12.0,"enemies":"3 Louse","floor":14.0,"turns":6.0},{"damage":43.0,"enemies":"Hexaghost","floor":16.0,"turns":14.0},{"damage":15.0,"enemies":"Spheric Guardian","floor":18.0,"turns":5.0},{"damage":20.0,"enemies":"Masked Bandits","floor":19.0,"turns":3.0},{"damage":33.0,"enemies":"Shell Parasite","floor":21.0,"turns":8.0},{"damage":47,"enemies":"Gremlin Leader","floor":27,"turns":6}],"seed_played":"6094209054852012428","potions_obtained":[{"floor":4.0,"key":"FairyPotion"},{"floor":7.0,"key":"DistilledChaos"},{"floor":8.0,"key":"DistilledChaos"},{"floor":13.0,"key":"ColorlessPotion"},{"floor":16.0,"key":"HeartOfIron"},{"floor":18.0,"key":"Fire Potion"}],"is_trial":false,"path_per_floor":["M","M","M","M","M","R","E","M","T","E","$","R","E","M","R","B",null,"M","?","T","M","$","R","?","?","T","E"],"character_chosen":"IRONCLAD","items_purchased":["PreservedInsect","True Grit","OrangePellets"],"campfire_rested":2,"item_purchase_floors":[11,22,22],"current_hp_per_floor":[61,45,42,28,41,41,26,18,18,18,18,40,28,31,53,21,62,55,60,60,40,40,40,19,34,34,0,0],"gold":91,"neow_bonus":"ONE_RARE_RELIC","is_daily":false,"chose_seed":false,"campfire_upgraded":2,"win_rate":0.0,"timestamp":1612930337,"path_taken":["M","M","M","M","M","R","E","?","T","E","$","R","E","M","R","BOSS","M","?","?","M","$","R","?","?","T","E"],"items_purchased_type":["Relic","Card","Relic"],"build_version":"2020-12-22","purchased_purges":1,"victory":false,"max_hp_per_floor":[75,75,75,75,75,75,75,75,75,75,75,75,75,75,75,75,75,75,75,75,75,75,75,75,75,75,75,75],"relic_stats":{"OrangePellets":[3],"counters":[15,87],"Self Forming Clay":[153],"Shuriken":[6],"Prayer Wheel":9,"PreservedInsect":79,"Art of War":[4],"Smiling Mask":25,"obtain_stats":[{"OrangePellets":22,"Self Forming Clay":9,"Shuriken":13,"Enchiridion":24,"Prayer Wheel":0,"PreservedInsect":11,"Art of War":10,"Coffee Dripper":17,"Red Mask":19,"Smiling Mask":7,"Burning Blood":0,"InkBottle":26},{"OrangePellets":14,"Self Forming Clay":7,"Shuriken":9,"Enchiridion":14,"Prayer Wheel":0,"PreservedInsect":8,"Art of War":8,"Coffee Dripper":11,"Red Mask":13,"Smiling Mask":6,"Burning Blood":0,"InkBottle":14},{"OrangePellets":81,"Self Forming Clay":37,"Shuriken":45,"Enchiridion":81,"Prayer Wheel":0,"PreservedInsect":40,"Art of War":40,"Coffee Dripper":65,"Red Mask":73,"Smiling Mask":30,"Burning Blood":0,"InkBottle":81}],"Burning Blood":84,"InkBottle":[2]},"card_choices":[{"not_picked":["Thunderclap","Body Slam"],"picked":"Pommel Strike","floor":1.0},{"not_picked":["Perfected Strike","Havoc"],"picked":"Hemokinesis","floor":1.0},{"not_picked":["Flex","Dropkick"],"picked":"Reaper","floor":2.0},{"not_picked":["Twin Strike","Searing Blow"],"picked":"Pummel","floor":2.0},{"not_picked":["Clash","Sword Boomerang"],"picked":"Metallicize","floor":3.0},{"not_picked":["Flex","Clothesline"],"picked":"Second Wind","floor":3.0},{"not_picked":["Headbutt","Rampage"],"picked":"Reaper","floor":4.0},{"not_picked":["Searing Blow","Havoc"],"picked":"True Grit","floor":4.0},{"not_picked":["Hemokinesis","Iron Wave","Armaments"],"picked":"SKIP","floor":5.0},{"not_picked":["Headbutt","Iron Wave","Warcry"],"picked":"SKIP","floor":5.0},{"not_picked":["True Grit","Headbutt"],"picked":"Armaments","floor":7.0},{"not_picked":["Armaments","Shrug It Off"],"picked":"Cleave","floor":8.0},{"not_picked":["Armaments","Sword Boomerang"],"picked":"Flex","floor":8.0},{"not_picked":["Dual Wield","Pommel Strike"],"picked":"Carnage","floor":10.0},{"not_picked":["Cleave","Shockwave"],"picked":"Barricade","floor":13.0},{"not_picked":["Pommel Strike","Wild Strike","Rampage"],"picked":"SKIP","floor":14.0},{"not_picked":["Iron Wave","Sword Boomerang","Pommel Strike"],"picked":"SKIP","floor":14.0},{"not_picked":["Exhume","Feed"],"picked":"Impervious","floor":16.0},{"not_picked":["Warcry","Havoc"],"picked":"Entrench","floor":18.0},{"not_picked":["Flex","Rampage","Sword Boomerang"],"picked":"SKIP","floor":18.0},{"not_picked":["Perfected Strike+1","Headbutt"],"picked":"Entrench","floor":19.0},{"not_picked":["Entrench","Armaments"],"picked":"Battle Trance","floor":21.0},{"not_picked":["Sword Boomerang","Armaments","Body Slam"],"picked":"SKIP","floor":21.0}],"player_experience":3176430,"relics_obtained":[{"floor":7.0,"key":"Smiling Mask"},{"floor":9.0,"key":"Self Forming Clay"},{"floor":10.0,"key":"Art of War"},{"floor":13.0,"key":"Shuriken"},{"floor":19.0,"key":"Red Mask"},{"floor":24.0,"key":"Enchiridion"},{"floor":26.0,"key":"InkBottle"}],"event_choices":[{"damage_healed":0.0,"max_hp_gain":0.0,"max_hp_loss":0.0,"gold_gain":0.0,"event_name":"Masked Bandits","player_choice":"Fought Bandits","floor":19.0,"gold_loss":0.0,"damage_taken":0.0},{"damage_healed":0.0,"max_hp_gain":0.0,"max_hp_loss":0.0,"gold_gain":0.0,"event_name":"Cursed Tome","player_choice":"Obtained Book","floor":24.0,"gold_loss":0.0,"damage_taken":21.0},{"damage_healed":15.0,"max_hp_gain":0.0,"max_hp_loss":0.0,"gold_gain":0.0,"event_name":"The Library","player_choice":"Heal","floor":25.0,"gold_loss":0.0,"damage_taken":0.0}],"is_beta":false,"boss_relics":[{"not_picked":["Sozu","Black Blood"],"picked":"Coffee Dripper"}],"items_purged_floors":[11],"is_endless":false,"potions_floor_spawned":[4,7,8,13,16,18],"killed_by":"Gremlin Leader","ascension_level":20}}