{"host":"ktoxvvst1mwxww91","time":1612943733,"event":{"mods":["BaseMod","Downfall","Hermit","Minty Spire (QoL Compilation)","StSLib","The Hierophant"],"gold_per_floor":[110,122,133,151,151,185,185,213,213,213,243,262,116,127,127,224,224,239,239,106,106,106,137,137,168,220,263,263,296,313,325,325,379,379,379,379],"floor_reached":35,"language":"ENG","playtime":1433,"items_purged":["Defend_P","Defend_P"],"score":738,"play_id":"185614f9-12ea-42bd-885d-8f294220747b","local_time":"20210210085533","is_ascension_mode":true,"campfire_choices":[{"data":"Vigilance","floor":7,"key":"SMITH"},{"data":"Protect","floor":10,"key":"SMITH"},{"data":"MentalFortress","floor":15,"key":"SMITH"},{"data":"Establishment","floor":24,"key":"SMITH"},{"floor":28,"key":"REST"},{"floor":32,"key":"REST"}],"circlet_count":0,"master_deck":["Strike_P+1","Strike_P+1","Strike_P+1","Strike_P+1","Defend_P+1","Eruption","Vigilance+1","Sanctity","Protect+1","FlurryOfBlows","EmptyFist","EmptyBody","EmptyFist","DeceiveReality","BowlingBash","MentalFortress+1","FlurryOfBlows","Establishment+1","CrushJoints","Perseverance","CutThroughFate+1","ThirdEye","Judgement"],"relics":["expansioncontent:StudyCardRelic","hexamod:BolsterEngine","Slimebound:PreparedRelic","StrikeDummy","Toy Ornithopter","Runic Pyramid","Strawberry","Bag of Marbles","CeramicFish","Pen Nib","Singing Bowl","Snecko Eye"],"acts_visited":["Exordium","TheCity","TheBeyond"],"potions_floor_usage":[6,8,14,23,23,25,29,33,33],"damage_taken":[{"damage":0,"enemies":"Cultist","floor":1,"turns":2},{"damage":2,"enemies":"Small Slimes","floor":2,"turns":4},{"damage":0,"enemies":"2 Louse","floor":3,"turns":2},{"damage":0,"enemies":"Blue Slaver","floor":4,"turns":2},{"damage":10,"enemies":"3 Sentries","floor":6,"turns":6},{"damage":12,"enemies":"Gremlin Nob","floor":8,"turns":3},{"damage":1,"enemies":"Lagavulin","floor":11,"turns":3},{"damage":0,"enemies":"Looter","floor":12,"turns":4},{"damage":0,"enemies":"Lots of Slimes","floor":14,"turns":3},{"damage":0,"enemies":"Slime Boss","floor":16,"turns":2},{"damage":0,"enemies":"Chosen","floor":18,"turns":4},{"damage":0,"enemies":"Gremlin Leader","floor":23,"turns":5},{"damage":2,"enemies":"Book of Stabbing","floor":25,"turns":3},{"damage":39,"enemies":"Slavers","floor":27,"turns":4},{"damage":52,"enemies":"Gremlin Leader","floor":29,"turns":8},{"damage":0,"enemies":"3 Byrds","floor":30,"turns":3},{"damage":0,"enemies":"Centurion and Healer","floor":31,"turns":3},{"damage":23,"enemies":"Automaton","floor":33,"turns":9},{"damage":2,"enemies":"Orb Walker","floor":35,"turns":3}],"seed_played":"-8594874129516995273","potions_obtained":[{"floor":2,"key":"Block Potion"},{"floor":4,"key":"champ:CounterPotion"},{"floor":11,"key":"EssenceOfSteel"},{"floor":12,"key":"SkillPotion"},{"floor":16,"key":"BottledMiracle"},{"floor":18,"key":"SkillPotion"},{"floor":27,"key":"SpeedPotion"},{"floor":31,"key":"Slimebound:ThreeZeroPotion"},{"floor":33,"key":"Fruit Juice"}],"is_trial":false,"path_per_floor":["M","M","M","M","?","E","R","E","T","R","E","M","$","M","R","B",null,"M","?","$","?","?","E","R","E","T","E","R","E","M","M","R","B",null,"M"],"character_chosen":"WATCHER","items_purchased":["MentalFortress","Perseverance"],"campfire_rested":2,"item_purchase_floors":[13,20],"current_hp_per_floor":[65,63,63,63,63,53,53,41,41,41,40,40,40,45,45,45,65,65,65,65,52,52,69,69,72,72,33,58,13,15,17,44,36,80,78,78],"gold":379,"neow_bonus":"BOSS_RELIC","is_daily":false,"chose_seed":false,"campfire_upgraded":4,"win_rate":0.0,"timestamp":1612943733,"path_taken":["M","?","M","M","?","E","R","E","T","R","E","?","$","M","R","BOSS","M","?","?","?","?","E","R","E","T","E","R","E","M","M","R","BOSS","M"],"items_purchased_type":["Card","Card"],"build_version":"2020-12-22","purchased_purges":2,"victory":false,"max_hp_per_floor":[72,72,72,72,72,72,72,72,72,72,72,72,72,72,72,72,72,72,72,72,77,77,84,84,84,84,84,84,86,88,90,90,95,95,95,95],"card_choices":[{"not_picked":["Collect","Pray"],"picked":"Sanctity","floor":1},{"not_picked":["Halt","WaveOfTheHand"],"picked":"Protect","floor":2},{"not_picked":["Evaluate","Vengeance"],"picked":"FlurryOfBlows","floor":3},{"not_picked":["ThirdEye","MentalFortress"],"picked":"EmptyFist","floor":4},{"not_picked":["Sanctity","Tantrum"],"picked":"EmptyBody","floor":6},{"not_picked":["FlurryOfBlows","SashWhip"],"picked":"EmptyFist","floor":8},{"not_picked":["Crescendo","Prostrate"],"picked":"DeceiveReality","floor":11},{"not_picked":["InnerPeace","ClearTheMind"],"picked":"BowlingBash","floor":12},{"not_picked":["CrushJoints","Evaluate"],"picked":"FlurryOfBlows","floor":14},{"not_picked":["MasterReality","SpiritShield"],"picked":"Establishment","floor":16},{"not_picked":["EmptyFist","ClearTheMind"],"picked":"CrushJoints","floor":18},{"not_picked":["EmptyFist","InnerPeace"],"picked":"CutThroughFate+1","floor":23},{"not_picked":["FollowUp+1","JustLucky","PathToVictory"],"picked":"SKIP","floor":25},{"not_picked":["Prostrate","Evaluate"],"picked":"ThirdEye","floor":27},{"not_picked":["WreathOfFlame","Swivel","BowlingBash"],"picked":"Singing Bowl","floor":29},{"not_picked":["ThirdEye","FlyingSleeves","Prostrate"],"picked":"Singing Bowl","floor":30},{"not_picked":["CrushJoints","Alpha","Protect"],"picked":"Singing Bowl","floor":31},{"not_picked":["ConjureBlade","Omniscience"],"picked":"Judgement","floor":33}],"player_experience":1105137,"relics_obtained":[{"floor":6,"key":"hexamod:BolsterEngine"},{"floor":8,"key":"Slimebound:PreparedRelic"},{"floor":9,"key":"StrikeDummy"},{"floor":11,"key":"Toy Ornithopter"},{"floor":23,"key":"Strawberry"},{"floor":25,"key":"Bag of Marbles"},{"floor":26,"key":"CeramicFish"},{"floor":27,"key":"Pen Nib"},{"floor":29,"key":"Singing Bowl"}],"event_choices":[{"cards_removed":["Defend_P"],"damage_healed":0,"gold_gain":0,"player_choice":"Offered Basic","damage_taken":0,"max_hp_gain":0,"max_hp_loss":0,"event_name":"Bonfire Elementals","floor":5,"gold_loss":0},{"damage_healed":0,"gold_gain":0,"player_choice":"Ignored","damage_taken":0,"max_hp_gain":0,"max_hp_loss":0,"event_name":"N\u0027loth","floor":19,"gold_loss":0},{"damage_healed":0,"gold_gain":0,"player_choice":"Shed Blood","damage_taken":18,"max_hp_gain":5,"max_hp_loss":0,"event_name":"Forgotten Altar","floor":21,"gold_loss":0},{"damage_healed":0,"gold_gain":0,"player_choice":"Simplicity","damage_taken":0,"max_hp_gain":0,"max_hp_loss":0,"event_name":"Back to Basics","floor":22,"gold_loss":0,"cards_upgraded":["Strike_P","Strike_P","Strike_P","Strike_P","Defend_P"]}],"is_beta":false,"boss_relics":[{"not_picked":["Astrolabe","Black Star"],"picked":"Runic Pyramid"},{"not_picked":["Fusion Hammer","Coffee Dripper"],"picked":"Snecko Eye"}],"items_purged_floors":[13,20],"is_endless":false,"potions_floor_spawned":[2,4,11,12,16,18,27,31,33],"killed_by":"Orb Walker","ascension_level":7}}