{"host":"xwgrz7y3g1a3iikb","time":1612995374,"event":{"mods":["BaseMod","Bestiary","Minty Spire (QoL Compilation)","Permanent Neow","Quick Restart","Relic Stats","StSLib","ojb\u0027s Info Mod"],"gold_per_floor":[112,112,123,133,150,179,179,212,289,259,271,271,1,76,76,175,175,213,40,76,115,115,115,172,172,172,197,197],"floor_reached":27,"language":"ENG","playtime":934,"items_purged":["Strike_R"],"score":532,"play_id":"249768e8-744b-4cb5-be2c-1a9d03ac736d","local_time":"20210210141614","is_ascension_mode":true,"campfire_choices":[{"floor":7,"key":"REST"},{"floor":12,"key":"REST"},{"data":"Anger","floor":15,"key":"SMITH"},{"data":"HandOfGreed","floor":23,"key":"SMITH"},{"data":"Corruption","floor":25,"key":"SMITH"}],"circlet_count":0,"master_deck":["AscendersBane","Strike_R","Strike_R","Strike_R","Defend_R","Defend_R","Defend_R","Defend_R","Bash","Headbutt","Bloodletting","Anger+1","Twin Strike","Feel No Pain","HandOfGreed+1","Corruption+1","Flame Barrier+1","Dark Embrace","PanicButton","Battle Trance","Disarm","Seeing Red"],"relics":["Runic Pyramid","Singing Bowl","Thread and Needle","The Courier","Membership Card","Toy Ornithopter","Coffee Dripper","Regal Pillow","Ancient Tea Set"],"acts_visited":["Exordium","TheCity"],"potions_floor_usage":[6,11,16,19,20,24],"damage_taken":[{"damage":2,"enemies":"Small Slimes","floor":1,"turns":8},{"damage":12,"enemies":"2 Louse","floor":3,"turns":2},{"damage":3,"enemies":"Cultist","floor":4,"turns":3},{"damage":16,"enemies":"Blue Slaver","floor":5,"turns":3},{"damage":13,"enemies":"3 Sentries","floor":6,"turns":7},{"damage":32,"enemies":"Gremlin Nob","floor":8,"turns":4},{"damage":0,"enemies":"3 Louse","floor":11,"turns":1},{"damage":19,"enemies":"Hexaghost","floor":16,"turns":8},{"damage":9,"enemies":"Chosen","floor":18,"turns":4},{"damage":7,"enemies":"Shell Parasite","floor":20,"turns":5},{"damage":9,"enemies":"Cultist and Chosen","floor":21,"turns":7},{"damage":3,"enemies":"Gremlin Leader","floor":24,"turns":5},{"damage":55,"enemies":"Slavers","floor":27,"turns":6}],"seed_played":"-6251299938812695574","potions_obtained":[{"floor":4,"key":"LiquidMemories"},{"floor":8,"key":"Strength Potion"},{"floor":10,"key":"Explosive Potion"},{"floor":16,"key":"Block Potion"},{"floor":24,"key":"Energy Potion"}],"is_trial":false,"path_per_floor":["M","?","M","M","M","E","R","E","T","?","M","R","$","?","R","B",null,"M","$","M","M","?","R","E","R","T","E"],"character_chosen":"IRONCLAD","items_purchased":["Membership Card","HandOfGreed","Toy Ornithopter","Dark Embrace","PanicButton","Fruit Juice","AttackPotion"],"campfire_rested":2,"item_purchase_floors":[13,13,13,19,19,19,19],"current_hp_per_floor":[66,59,47,44,28,17,40,8,8,8,10,33,33,22,22,8,61,52,62,60,51,51,51,53,53,53,0,0],"gold":197,"neow_bonus":"BOSS_RELIC","is_daily":false,"chose_seed":false,"campfire_upgraded":3,"win_rate":0.0,"timestamp":1612995374,"path_taken":["M","?","M","M","M","E","R","E","T","?","?","R","$","?","R","BOSS","M","$","M","M","?","R","E","R","T","E"],"items_purchased_type":["Relic","Card","Relic","Card","Card","Potion","Potion"],"build_version":"2020-12-22","purchased_purges":1,"victory":false,"max_hp_per_floor":[75,75,75,75,75,77,77,77,77,77,79,79,79,79,79,79,79,79,84,84,84,84,84,84,84,84,84,84],"relic_stats":{"Regal Pillow":0,"Singing Bowl":4,"counters":[13,63],"obtain_stats":[{"Regal Pillow":24,"Singing Bowl":6,"Thread and Needle":8,"The Courier":9,"Coffee Dripper":17,"Membership Card":13,"Ancient Tea Set":26,"Burning Blood":0,"Toy Ornithopter":13,"Runic Pyramid":0},{"Regal Pillow":12,"Singing Bowl":5,"Thread and Needle":6,"The Courier":6,"Coffee Dripper":8,"Membership Card":7,"Ancient Tea Set":12,"Burning Blood":0,"Toy Ornithopter":7,"Runic Pyramid":0},{"Regal Pillow":57,"Singing Bowl":23,"Thread and Needle":27,"The Courier":27,"Coffee Dripper":36,"Membership Card":28,"Ancient Tea Set":57,"Burning Blood":0,"Toy Ornithopter":28,"Runic Pyramid":0}],"Toy Ornithopter":20},"card_choices":[{"not_picked":["Thunderclap","Clothesline"],"picked":"Headbutt","floor":1},{"not_picked":["Twin Strike","Sword Boomerang"],"picked":"Bloodletting","floor":3},{"not_picked":["Clothesline","Havoc"],"picked":"Anger","floor":4},{"not_picked":["Iron Wave","Wild Strike"],"picked":"Twin Strike","floor":5},{"not_picked":["Clash","Exhume","Fire Breathing"],"picked":"Singing Bowl","floor":6},{"not_picked":["Perfected Strike","Clash"],"picked":"Feel No Pain","floor":8},{"not_picked":["Havoc","Infernal Blade","Twin Strike"],"picked":"Singing Bowl","floor":11},{"not_picked":["Limit Break","Bludgeon"],"picked":"Corruption","floor":16},{"not_picked":["Shockwave+1","Sever Soul"],"picked":"Flame Barrier+1","floor":18},{"not_picked":["Heavy Blade+1","Hemokinesis"],"picked":"Battle Trance","floor":20},{"not_picked":["Perfected Strike","Sword Boomerang+1"],"picked":"Disarm","floor":21},{"not_picked":["Burning Pact","Rupture"],"picked":"Seeing Red","floor":24}],"player_experience":329915,"relics_obtained":[{"floor":6,"key":"Singing Bowl"},{"floor":8,"key":"Thread and Needle"},{"floor":9,"key":"The Courier"},{"floor":24,"key":"Regal Pillow"},{"floor":26,"key":"Ancient Tea Set"}],"event_choices":[{"cards_removed":["Strike_R"],"damage_healed":0,"gold_gain":0,"player_choice":"Card Removal","damage_taken":7,"max_hp_gain":0,"max_hp_loss":0,"event_name":"Golden Wing","floor":2,"gold_loss":0},{"damage_healed":0,"gold_gain":0,"player_choice":"Bought 2 Potions","damage_taken":0,"max_hp_gain":0,"max_hp_loss":0,"event_name":"The Woman in Blue","floor":10,"gold_loss":0},{"damage_healed":0,"gold_gain":75,"player_choice":"Gather Gold","damage_taken":11,"max_hp_gain":0,"max_hp_loss":0,"event_name":"World of Goop","floor":14,"gold_loss":0},{"damage_healed":0,"gold_gain":0,"player_choice":"Ignored","damage_taken":0,"max_hp_gain":0,"max_hp_loss":0,"event_name":"Ghosts","floor":22,"gold_loss":0}],"is_beta":false,"boss_relics":[{"not_picked":["Cursed Key","Philosopher\u0027s Stone"],"picked":"Coffee Dripper"}],"items_purged_floors":[19],"is_endless":false,"potions_floor_spawned":[4,8,16,24],"killed_by":"Slavers","ascension_level":20}}