{"host":"i9h64q9gphvrup4n","time":1612928778,"event":{"mods":["2.2 Compatiblity","AchievementEnabler","Aspiration","Astrologer","Bard","BaseMod","Beaked The Cultist","BetterRewards","Colored Powertips","Conspire","Downfall","Gremlin Mod","Hermit","Hubris","Infinite Spire","Jorbs\u0027s Wanderer Trilogy","Minty Spire (QoL Compilation)","Replay The Spire","Shop Mod","StSLib","SuperFastMode","The Blackbeard","The Bladedancer","The Bug Knight","The Construct","The Cursed","The Disciple","The Hierophant","The Jungle","The Necromancer","The Runesmith","The Wild Card","slay the spire mod where everything is the same but ironclad has a cowboy hat"],"gold_per_floor":[119,119,134,154,164,179,213,213,213,238,238,255,16,45,45,122,122,136,115,133,70,81,113,124,149,225,241,191,205,399,399,399,472,472,490,590,601,612,11,11,11],"floor_reached":40,"language":"ENG","playtime":1977,"items_purged":[],"score":1056,"play_id":"b98ced90-fa99-49f8-aa5b-6ff5f17fd8c9","local_time":"20210209214618","is_ascension_mode":true,"campfire_choices":[{"floor":8,"key":"REST"},{"floor":11,"key":"REST"},{"floor":32,"key":"REST"}],"circlet_count":0,"master_deck":["AscendersBane","Strike_W","Strike_W","Strike_W","Strike_W","Defend_W","Defend_W","Defend_W","Defend_W","Negative_Energy_Arrows","Bone_Wall","Finger_Of_Death","Summon_Undead_Army","Epidemic","Negative_Energy_Javelin","Negative_Energy_Burst+1","Stop_Heart","Negative_Energy_Burst","Negative_Energy_Sphere","Strike_from_Beyond","Negative_Energy_Mist","PanicButton","Stop_Heart","Summon_Death_Knight","Summon_Undead_Army","Negative_Energy_Javelin","Requiem","Summon_Lich","Skeleton_Dragon","Bone_Armory","Summon_Death_Knight","Spectral_Walk","Bone_Bullets","Bone_Armor","Death_Knell+1","downfall:Haunted","downfall:Haunted","ReplayTheSpireMod:Compounding Headache","downfall:Bewildered","Death_Knell+1","Corrupt","Vampiric_Strike"],"relics":["Vampire_Amulet","Art of War","Regal Pillow","infinitespire:CursedDice","aspiration:ChemicalBlood","aspiration:HatOfInfinitePower","Black Star","Replay:Kaleidoscope","hubris:SlimyHat","aspiration:Stabinomicon","Ancient Tea Set","infinitespire:FocusingShard","hubris:HollowSoul","Du-Vu Doll","aspiration:HummingbirdHeart","Chameleon Ring"],"acts_visited":["Exordium","TheCity","TheBeyond"],"potions_floor_usage":[12,14,14,16,16,18,18,18,18,20,20,22,23,24,25,25,27,29,33,35,35,35,37,38,40,40,40],"damage_taken":[{"damage":12,"enemies":"Jaw Worm","floor":1,"turns":5},{"damage":3,"enemies":"Cultist","floor":3,"turns":5},{"damage":5,"enemies":"2 Louse","floor":4,"turns":4},{"damage":18,"enemies":"Blue Slaver","floor":5,"turns":5},{"damage":20,"enemies":"Red Slaver","floor":6,"turns":4},{"damage":21,"enemies":"HollowMod:MossKnight","floor":7,"turns":11},{"damage":24,"enemies":"3 Sentries","floor":10,"turns":5},{"damage":26,"enemies":"Exordium Wildlife","floor":12,"turns":4},{"damage":16,"enemies":"Lagavulin","floor":14,"turns":5},{"damage":37,"enemies":"Fading Forest","floor":16,"turns":11},{"damage":8,"enemies":"Spheric Guardian","floor":18,"turns":4},{"damage":16,"enemies":"2 Thieves","floor":19,"turns":4},{"damage":14,"enemies":"conspire:HollyBat","floor":20,"turns":8},{"damage":9,"enemies":"Snake Plant","floor":22,"turns":4},{"damage":17,"enemies":"Replay:Snechameleon","floor":23,"turns":6},{"damage":14,"enemies":"3 Cultists","floor":24,"turns":5},{"damage":19,"enemies":"Book of Stabbing","floor":25,"turns":4},{"damage":15,"enemies":"Centurion and Healer","floor":27,"turns":7},{"damage":14,"enemies":"conspire:HollyBat","floor":29,"turns":8},{"damage":8,"enemies":"conspire:MysteriousRune","floor":33,"turns":4},{"damage":58,"enemies":"3 Darklings","floor":35,"turns":4},{"damage":9,"enemies":"Orb Walker","floor":37,"turns":3},{"damage":4,"enemies":"Jaw Worm Horde","floor":38,"turns":4},{"damage":29,"enemies":"Reptomancer","floor":40,"turns":3}],"seed_played":"5755744567150840201","potions_obtained":[{"floor":1,"key":"sneckomod:MuddlingPotion"},{"floor":12,"key":"champ:CounterPotion"},{"floor":14,"key":"EntropicBrew"},{"floor":16,"key":"Swift Potion"},{"floor":19,"key":"SkillPotion"},{"floor":20,"key":"Weak Potion"},{"floor":23,"key":"LiquidMemories"},{"floor":24,"key":"AttackPotion"},{"floor":27,"key":"Block Potion"},{"floor":33,"key":"infinitespire:BlackPotion"},{"floor":37,"key":"Ancient Potion"}],"is_trial":false,"path_per_floor":["M","?","M","M","M","M","E","R","T","E","R","M","$","E","R","B",null,"M","M","M","?","M","E","M","E","T","M","?","M","?","?","R","B",null,"M","?","M","M","$","E"],"character_chosen":"NECROMANCER","items_purchased":["Strike_from_Beyond","Negative_Energy_Mist","PanicButton","aspiration:HummingbirdHeart","Chameleon Ring","Vampiric_Strike"],"campfire_rested":3,"item_purchase_floors":[13,13,13,39,39,39],"current_hp_per_floor":[54,54,53,52,36,18,3,39,39,21,57,35,35,21,57,30,61,55,41,29,49,42,27,19,44,44,48,48,36,8,4,40,34,62,6,11,4,12,12,0,0],"gold":11,"neow_bonus":"RANDOM_COMMON_RELIC","is_daily":false,"chose_seed":false,"campfire_upgraded":0,"win_rate":0.0,"timestamp":1612928778,"path_taken":["M","?","M","M","?","M","E","R","T","E","R","M","$","E","R","BOSS","M","M","M","?","M","E","M","E","T","M","?","?","?","?","R","BOSS","M","?","M","M","$","E"],"items_purchased_type":["Card","Card","Card","Relic","Relic","Card"],"build_version":"2020-12-22","purchased_purges":0,"victory":false,"max_hp_per_floor":[71,71,71,71,71,71,71,71,71,71,71,71,71,71,71,71,71,71,71,71,71,71,71,71,71,71,71,71,71,71,71,71,71,71,71,76,76,76,76,76,76],"card_choices":[{"not_picked":["Negative_Energy_Shield","Slay_Living"],"picked":"Finger_Of_Death","floor":1},{"not_picked":["Bone_Bullets","Consume_Illness"],"picked":"Summon_Undead_Army","floor":3},{"not_picked":["Bones_to_Steel","Flesh_Made_Foul"],"picked":"Epidemic","floor":4},{"not_picked":["Requiem","Shackles_Of_Pain"],"picked":"Negative_Energy_Javelin","floor":5},{"not_picked":["Vampiric_Strike","Negative_Energy_Mist"],"picked":"Negative_Energy_Burst","floor":6},{"not_picked":["Chill_Blood","Bone_Prison"],"picked":"Stop_Heart","floor":7},{"not_picked":["Deaths_Shadow","Shackles_Of_Pain"],"picked":"Negative_Energy_Burst","floor":10},{"not_picked":["Shackles_Of_Pain","Death_March_Dance"],"picked":"Negative_Energy_Sphere","floor":12},{"not_picked":["Summon_Undead","Negative_Energy_Burst"],"picked":"Stop_Heart","floor":14},{"not_picked":["Blood_Wake","Requiem"],"picked":"Summon_Death_Knight","floor":16},{"not_picked":["Uncharnel","Finger_Of_Death"],"picked":"Summon_Undead_Army","floor":18},{"not_picked":["Toxic_Smoke_Screen","Death_Coil"],"picked":"Negative_Energy_Javelin","floor":19},{"not_picked":["Death_March_Dance","Bone_Armor"],"picked":"Requiem","floor":20},{"not_picked":["Bones_to_Steel","Chill_Blood"],"picked":"Summon_Lich","floor":22},{"not_picked":["Life_Tap","Toxic_Smoke_Screen"],"picked":"Skeleton_Dragon","floor":23},{"not_picked":["Shackles_Of_Pain","Death_March_Dance"],"picked":"Bone_Armory","floor":24},{"not_picked":["Summon_Undead_Army","Toxic_Smoke_Screen+1"],"picked":"Summon_Death_Knight","floor":25},{"not_picked":["Bone_Shift+1","Vampiric_Strike"],"picked":"Spectral_Walk","floor":27},{"not_picked":["Consume_Illness","Bone_Spikes+1"],"picked":"Bone_Bullets","floor":29},{"not_picked":["Bones_to_Steel","Negative_Energy_Shield"],"picked":"Bone_Armor","floor":30},{"not_picked":["Corrupt+1","Death_Coil"],"picked":"Death_Knell+1","floor":35},{"not_picked":["Exploit","Slay_Living"],"picked":"Death_Knell+1","floor":37},{"not_picked":["Necromantic_Selection","Scare"],"picked":"Corrupt","floor":38}],"player_experience":745152,"relics_obtained":[{"floor":7,"key":"Regal Pillow"},{"floor":9,"key":"infinitespire:CursedDice"},{"floor":10,"key":"aspiration:ChemicalBlood"},{"floor":14,"key":"aspiration:HatOfInfinitePower"},{"floor":23,"key":"Replay:Kaleidoscope"},{"floor":23,"key":"hubris:SlimyHat"},{"floor":25,"key":"aspiration:Stabinomicon"},{"floor":25,"key":"Ancient Tea Set"},{"floor":26,"key":"infinitespire:FocusingShard"}],"event_choices":[{"damage_healed":0,"gold_gain":0,"player_choice":"0 cards matched","damage_taken":0,"max_hp_gain":0,"max_hp_loss":0,"event_name":"Match and Keep!","floor":2,"gold_loss":0,"cards_obtained":[]},{"damage_healed":0,"gold_gain":0,"player_choice":"Bet on Murderer","damage_taken":0,"max_hp_gain":0,"max_hp_loss":0,"event_name":"The Joust","floor":28,"gold_loss":50},{"damage_healed":0,"gold_gain":0,"player_choice":"Leave","damage_taken":0,"max_hp_gain":0,"max_hp_loss":0,"event_name":"conspire:Investor","floor":31,"gold_loss":0}],"is_beta":false,"boss_relics":[{"not_picked":["Coffee Dripper","conspire:SlowCooker"],"picked":"Black Star"},{"not_picked":["Replay:Fungal Core","Runesmith:UraniumAnvil"],"picked":"hubris:HollowSoul"}],"items_purged_floors":[],"is_endless":false,"potions_floor_spawned":[1,12,14,16,19,20,23,24,27,37],"killed_by":"Reptomancer","ascension_level":18}}