{"host":"36qke0usa4c48kdx","time":1612998805,"event":{"mods":["AchievementEnabler","BaseMod","Colored Map","Downfall","Hermit","Marisa????????","Minty Spire (QoL Compilation)","READ ME - Guardian Mod","Replay The Spire","StSLib","The Bug Knight","The Cursed","The Disciple","The Jungle","The Servant 0.9.4"],"gold_per_floor":[114,114,114,133,233,233,263,263,286,286,286,9,37,52,52,147,147,165,40,42,57,57,92,92,92,115,115,115,132,152,172,172,267,367,386,386,386,386,402,402,430,430,430,447,447,467,43,60,60,60,60],"floor_reached":50,"language":"ENG","playtime":5049,"items_purged":["Normality","Writhe"],"score":773,"play_id":"b81ef220-c23a-4dcd-a191-75c9704196cb","local_time":"20210211001325","is_ascension_mode":false,"campfire_choices":[{"data":"LockedCalendar","floor":6,"key":"SMITH"},{"floor":8,"key":"REST"},{"floor":11,"key":"REST"},{"data":"Keepsakes","floor":15,"key":"SMITH"},{"data":"RageCommand","floor":24,"key":"SMITH"},{"floor":28,"key":"REST"},{"floor":32,"key":"REST"},{"data":"LockedLightning","floor":40,"key":"SMITH"},{"floor":42,"key":"RECALL"},{"floor":49,"key":"REST"}],"circlet_count":0,"master_deck":["Allargando+1","Misterioso","Rallentando","Allegro","Strike_Br+1","Strike_Br+1","Strike_Br+1","Strike_Br+1","Defend_Br+1","Defend_Br+1","Defend_Br+1","SecondHand+1","PatternShift","Dramatic Entrance+1","DaylightSavings","Keepsakes+1","CurseOfTheBell","CurseOfTheBell","TheCursedMod:Dregs","LockedCalendar+1","Flay+1","BeatsPerMinute","RageCommand+1","CrunchTime+1","Analog","Backlash","LockedLightning+1","EscortCommand+1","LockedBell+1","Goo","Panacea","SlimeSpray+1"],"relics":["Chronograph","downfall:ExtraCursedBell","War Paint","The Courier","Incense Burner","Omamori","Replay:Baseball","Membership Card","Whetstone","Quantum Egg","Metronome","Thread and Needle","Akabeko","MutagenicStrength","Replay:Grab Bag","Philosopher\u0027s Stone","Replay:Wanted Poster","ReplayTheSpireMod:Ring of Addiction","SacredBark","Chameleon Ring","Letter Opener","Bottled Lightning","Regal Pillow","BargainBundle","Snack Pack","ReplayTheSpireMod:TigerMarble","Lantern","Gremlin Food"],"acts_visited":["Exordium","TheCity","TheBeyond"],"potions_floor_usage":[20,41,44,44,46,50,50,50],"damage_taken":[{"damage":2,"enemies":"Jaw Worm","floor":1,"turns":4},{"damage":1,"enemies":"Cultist","floor":4,"turns":4},{"damage":29,"enemies":"3 Sentries","floor":7,"turns":5},{"damage":6,"enemies":"Replay:BlueRogue","floor":13,"turns":5},{"damage":6,"enemies":"2 Louse","floor":14,"turns":4},{"damage":11,"enemies":"The Guardian","floor":16,"turns":15},{"damage":14,"enemies":"Spheric Guardian","floor":18,"turns":5},{"damage":4,"enemies":"2 Thieves","floor":20,"turns":4},{"damage":0,"enemies":"Centurion and Healer","floor":21,"turns":3},{"damage":20,"enemies":"HollowMod:Nosk","floor":23,"turns":9},{"damage":0,"enemies":"Sentry and Sphere","floor":29,"turns":2},{"damage":0,"enemies":"Snake Plant","floor":30,"turns":4},{"damage":8,"enemies":"Centurion and Healer","floor":31,"turns":4},{"damage":27,"enemies":"Pondfish","floor":33,"turns":10},{"damage":32,"enemies":"3 Shapes","floor":35,"turns":3},{"damage":4,"enemies":"Orb Walker","floor":39,"turns":1},{"damage":0,"enemies":"HollowMod:StalkingDevout","floor":41,"turns":5},{"damage":25,"enemies":"Maw","floor":44,"turns":7},{"damage":7,"enemies":"Spire Growth","floor":46,"turns":3},{"damage":22,"enemies":"Transient","floor":48,"turns":5},{"damage":57,"enemies":"Awakened One","floor":50,"turns":7}],"seed_played":"6544378526381789669","potions_obtained":[{"floor":7,"key":"Block Potion"},{"floor":18,"key":"SneckoOil"},{"floor":23,"key":"SpeedPotion"},{"floor":29,"key":"Fire Potion"},{"floor":36,"key":"Strength Potion"},{"floor":36,"key":"Swift Potion"},{"floor":41,"key":"Block Potion"},{"floor":44,"key":"DistilledChaos"},{"floor":46,"key":"SpeedPotion"},{"floor":48,"key":"Elixir"}],"is_trial":false,"path_per_floor":["M","?","?","M","?","R","E","R","T","?","R","$","E","M","R","B",null,"M","$","M","M","?","E","R","?","T","?","R","M","M","M","R","B",null,"M","?","?","?","M","R","E","R","T","M","?","M","$","M","R","B"],"character_chosen":"CHRONO_CLASS","items_purchased":["Membership Card","Flay","Whetstone","Thread and Needle","Regal Pillow","BargainBundle","LockedBell","Snack Pack","ReplayTheSpireMod:TigerMarble","Lantern","Gremlin Food","Goo","Panacea"],"campfire_rested":5,"item_purchase_floors":[12,12,12,19,47,47,47,47,47,47,47,47,47],"current_hp_per_floor":[63,50,50,49,49,49,20,39,39,39,58,58,52,46,46,35,65,51,51,47,47,47,27,27,16,16,16,37,37,37,29,50,23,70,38,38,56,56,52,52,52,52,52,27,27,20,20,2,37,0,0],"gold":60,"neow_bonus":"RANDOM_COLORLESS","is_daily":false,"chose_seed":false,"campfire_upgraded":4,"win_rate":0.0,"timestamp":1612998805,"path_taken":["M","?","?","?","?","R","E","R","T","?","R","$","E","M","R","BOSS","M","$","M","?","?","E","R","?","T","?","R","M","?","M","R","BOSS","M","?","?","?","M","R","E","R","T","M","?","?","$","M","R","BOSS"],"items_purchased_type":["Relic","Card","Relic","Relic","Relic","Relic","Card","Relic","Relic","Relic","Relic","Card","Card"],"build_version":"2020-12-22","purchased_purges":2,"victory":false,"max_hp_per_floor":[65,65,65,65,65,65,65,65,65,65,65,65,65,65,65,65,65,65,65,65,65,65,65,65,70,70,70,70,70,70,70,70,70,70,70,70,70,70,70,68,68,68,68,68,68,68,68,68,68,66,66],"card_choices":[{"not_picked":["Enlightenment","ReplayTheSpireMod:Private Reserves"],"picked":"Dramatic Entrance","floor":0},{"not_picked":["ResonantCall","BlueShift"],"picked":"DaylightSavings","floor":1},{"not_picked":["TiringSlam","LockedBlood"],"picked":"Keepsakes","floor":4},{"not_picked":["DaylightSavings","BiteCommand","HandsUpC"],"picked":"SKIP","floor":7},{"not_picked":["LockedMedicine","LockedTurtyl"],"picked":"BeatsPerMinute","floor":13},{"not_picked":["LockedScales","LockedWarPaint","ReapSow"],"picked":"SKIP","floor":14},{"not_picked":["Echonomics","BackFourSeconds"],"picked":"RageCommand","floor":16},{"not_picked":["ExoVibe","PrimeTime","Facsimile"],"picked":"SKIP","floor":18},{"not_picked":["LockedMercury","ExoVibe"],"picked":"CrunchTime+1","floor":20},{"not_picked":["HandsUpB","LockedAnchor"],"picked":"Analog","floor":21},{"not_picked":["HandsUpC+1","LockedUrn+1","CrunchTime"],"picked":"SKIP","floor":23},{"not_picked":["LockedScales+1","WakeUpCall+1","Tempo"],"picked":"SKIP","floor":29},{"not_picked":["LockedBlood","BlueShift","LockedScales"],"picked":"SKIP","floor":30},{"not_picked":["LockedScales","LockedUrn"],"picked":"Backlash","floor":31},{"not_picked":["LockedAstrolabe","BackFourSeconds"],"picked":"LockedLightning","floor":33},{"not_picked":["CrunchTime","HandsUpB","ExoVibe"],"picked":"SKIP","floor":35},{"not_picked":["CrunchTime+1","OracleForm"],"picked":"EscortCommand+1","floor":39},{"not_picked":["WatchCommand","LockedLightning","FormalWear+1"],"picked":"SKIP","floor":41},{"not_picked":["BeatsPerMinute","BiteCommand+1","LockedMedicine+1"],"picked":"SKIP","floor":44},{"not_picked":["LockedUrn+1","WatchCommand+1","PrimeTime+1"],"picked":"SKIP","floor":46},{"not_picked":["BiteCommand+1","BlueShift"],"picked":"SlimeSpray+1","floor":48}],"player_experience":757256,"relics_obtained":[{"floor":5,"key":"War Paint"},{"floor":5,"key":"The Courier"},{"floor":5,"key":"Incense Burner"},{"floor":7,"key":"Omamori"},{"floor":9,"key":"Replay:Baseball"},{"floor":13,"key":"Quantum Egg"},{"floor":23,"key":"Akabeko"},{"floor":36,"key":"ReplayTheSpireMod:Ring of Addiction"},{"floor":36,"key":"SacredBark"},{"floor":36,"key":"Chameleon Ring"},{"floor":41,"key":"Letter Opener"},{"floor":43,"key":"Bottled Lightning"}],"event_choices":[{"damage_healed":0,"gold_gain":0,"player_choice":"Entered Light","damage_taken":13,"max_hp_gain":0,"max_hp_loss":0,"event_name":"Shining Light","floor":2,"gold_loss":0,"cards_upgraded":["Strike_Br","Defend_Br"]},{"damage_healed":0,"gold_gain":0,"player_choice":"Forge","damage_taken":0,"max_hp_gain":0,"max_hp_loss":0,"event_name":"Accursed Blacksmith","floor":3,"gold_loss":0,"cards_upgraded":["Dramatic Entrance"]},{"damage_healed":0,"gold_gain":0,"player_choice":"Cursed","damage_taken":0,"max_hp_gain":0,"max_hp_loss":0,"event_name":"Wheel of Change","floor":10,"gold_loss":0,"cards_obtained":["Decay"]},{"damage_healed":0,"gold_gain":0,"player_choice":"Simplicity","damage_taken":0,"max_hp_gain":0,"max_hp_loss":0,"event_name":"Back to Basics","floor":22,"gold_loss":0,"cards_upgraded":["Strike_Br","Strike_Br","Defend_Br","Defend_Br"]},{"damage_healed":0,"gold_gain":0,"player_choice":"Shed Blood","damage_taken":16,"max_hp_gain":5,"max_hp_loss":0,"event_name":"Forgotten Altar","floor":25,"gold_loss":0},{"damage_healed":0,"gold_gain":0,"player_choice":"Inject Mutagens","damage_taken":0,"relics_obtained":["MutagenicStrength"],"max_hp_gain":0,"max_hp_loss":0,"event_name":"Drug Dealer","floor":27,"gold_loss":0},{"damage_healed":18,"gold_gain":0,"player_choice":"Writhe","damage_taken":0,"max_hp_gain":0,"max_hp_loss":0,"event_name":"Winding Halls","floor":37,"gold_loss":0,"cards_obtained":["Writhe"]},{"cards_removed":["Defend_Br"],"damage_healed":0,"gold_gain":0,"player_choice":"Removed Skill","damage_taken":0,"max_hp_gain":0,"max_hp_loss":0,"event_name":"Falling","floor":38,"gold_loss":0},{"damage_healed":0,"gold_gain":0,"player_choice":"Ignored","damage_taken":0,"max_hp_gain":0,"max_hp_loss":0,"event_name":"SecretPortal","floor":45,"gold_loss":0}],"is_beta":false,"boss_relics":[{"not_picked":["Astrolabe","Tiny House"],"picked":"Metronome"},{"not_picked":["ChewingGum","Black Star"],"picked":"Replay:Grab Bag"},{"not_picked":["Fusion Hammer","Busted Crown"],"picked":"Philosopher\u0027s Stone"},{"not_picked":["Replay:Fungal Core","Coffee Dripper"],"picked":"Replay:Wanted Poster"},{"not_picked":["Replay:Drink Me","SlaversCollar"],"picked":"Chronograph"}],"items_purged_floors":[12,47],"is_endless":false,"potions_floor_spawned":[7,18,23,29,31,41,44,46,48],"killed_by":"Awakened One","ascension_level":0}}