{"host":"sav7uxregyirlf69","time":1612937248,"event":{"mods":["AchievementEnabler","BaseMod","Colored Map","DeckTracker","Keyboard Shortcuts","Minty Spire (QoL Compilation)","READ ME - Guardian Mod","StSLib","SuperFastMode"],"gold_per_floor":[118,133,133,145,158,158,183,183,252,252,252,252,252,265,265,342,342,362,380,74,74,124,124,143,186,186,204,204,104,104,120,120,208,235,248,268,35,319,101,101,119,119,119,136,136,154,191,213,213,213,213],"floor_reached":50,"language":"KOR","playtime":931,"items_purged":["Strike_G","Strike_G","Infinite Blades+1","Regret"],"score":1009,"play_id":"09b350d4-2f85-4def-8a15-7c94a70fdf3c","local_time":"20210210150728","is_ascension_mode":true,"campfire_choices":[{"data":"Dash","floor":6,"key":"SMITH"},{"data":"Neutralize","floor":8,"key":"SMITH"},{"floor":10,"key":"REST"},{"data":"Noxious Fumes","floor":15,"key":"SMITH"},{"floor":23,"key":"REST"},{"floor":28,"key":"REST"},{"floor":32,"key":"REST"},{"floor":40,"key":"REST"},{"floor":42,"key":"REST"},{"floor":45,"key":"RECALL"},{"floor":49,"key":"REST"}],"circlet_count":0,"master_deck":["AscendersBane","Defend_G","Defend_G","Survivor+1","Neutralize+1","Predator+1","Flying Knee","Dash+1","Noxious Fumes+1","Adrenaline","Crippling Poison","Backflip","Footwork","A Thousand Cuts","Caltrops+1","Blade Dance+1","Well Laid Plans","Footwork","Distraction+1","Parasite"],"relics":["Ring of the Snake","NeowsBlessing","Calipers","Shuriken","Fusion Hammer","Anchor","CeramicFish","Bottled Tornado","Astrolabe","Membership Card","Snake Skull","CaptainsWheel"],"acts_visited":["Exordium","TheCity","TheBeyond"],"potions_floor_usage":[16,27,33,41,44,47,50],"damage_taken":[{"damage":0,"enemies":"Small Slimes","floor":1,"turns":1},{"damage":0,"enemies":"Cultist","floor":2,"turns":1},{"damage":0,"enemies":"2 Louse","floor":4,"turns":1},{"damage":2,"enemies":"2 Fungi Beasts","floor":5,"turns":3},{"damage":40,"enemies":"3 Sentries","floor":7,"turns":9},{"damage":1,"enemies":"Lots of Slimes","floor":14,"turns":4},{"damage":27,"enemies":"Slime Boss","floor":16,"turns":7},{"damage":2,"enemies":"Spheric Guardian","floor":18,"turns":3},{"damage":5,"enemies":"Shell Parasite","floor":19,"turns":4},{"damage":3,"enemies":"Snake Plant","floor":24,"turns":5},{"damage":24,"enemies":"Book of Stabbing","floor":25,"turns":6},{"damage":9,"enemies":"Centurion and Healer","floor":27,"turns":5},{"damage":12,"enemies":"Sentry and Sphere","floor":31,"turns":6},{"damage":57,"enemies":"Collector","floor":33,"turns":9},{"damage":11,"enemies":"Orb Walker","floor":35,"turns":4},{"damage":0,"enemies":"3 Shapes","floor":36,"turns":6},{"damage":34,"enemies":"Jaw Worm Horde","floor":41,"turns":4},{"damage":18,"enemies":"Transient","floor":44,"turns":6},{"damage":16,"enemies":"Spire Growth","floor":46,"turns":5},{"damage":24,"enemies":"Giant Head","floor":47,"turns":7},{"damage":14,"enemies":"Writhing Mass","floor":48,"turns":6},{"damage":23,"enemies":"Time Eater","floor":50,"turns":6}],"seed_played":"-6690648266242989337","potions_obtained":[{"floor":4,"key":"Poison Potion"},{"floor":7,"key":"LiquidBronze"},{"floor":14,"key":"FairyPotion"},{"floor":18,"key":"Regen Potion"},{"floor":19,"key":"Fruit Juice"},{"floor":27,"key":"CunningPotion"},{"floor":41,"key":"Explosive Potion"},{"floor":44,"key":"LiquidMemories"},{"floor":48,"key":"Fire Potion"}],"is_trial":false,"path_per_floor":["M","M","?","M","M","R","E","R","T","R","?","?","?","M","R","B",null,"M","M","$","?","?","R","M","E","T","M","R","$","?","M","R","B",null,"M","M","$","?","$","R","M","R","T","M","R","M","E","M","R","B"],"character_chosen":"THE_SILENT","items_purchased":["Anchor","Backflip","Membership Card","Well Laid Plans","Snake Skull","Footwork","Strength Potion"],"campfire_rested":7,"item_purchase_floors":[20,20,37,37,39,39,39],"current_hp_per_floor":[59,59,59,59,57,57,17,17,17,36,41,34,13,12,12,12,56,54,49,49,49,49,70,67,43,43,39,61,61,61,49,71,14,61,50,50,50,50,50,72,51,73,73,55,55,39,15,1,23,0,0],"gold":213,"neow_bonus":"THREE_ENEMY_KILL","is_daily":false,"chose_seed":false,"campfire_upgraded":3,"win_rate":0.0,"timestamp":1612937248,"path_taken":["M","M","?","M","?","R","E","R","T","R","?","?","?","M","R","BOSS","M","M","$","?","?","R","?","E","T","M","R","$","?","M","R","BOSS","M","M","$","?","$","R","M","R","T","?","R","M","E","M","R","BOSS"],"items_purchased_type":["Relic","Card","Relic","Card","Relic","Card","Potion"],"build_version":"2020-12-22","purchased_purges":4,"victory":false,"max_hp_per_floor":[66,66,66,66,66,66,66,66,66,66,71,71,71,71,71,71,71,71,71,71,71,71,71,71,71,71,76,76,76,76,76,76,76,76,76,76,76,76,76,76,76,76,76,76,76,76,76,76,76,76,76],"card_choices":[{"not_picked":["Dodge and Roll","Tactician"],"picked":"Predator","floor":1},{"not_picked":["Outmaneuver","Deadly Poison"],"picked":"Flying Knee","floor":2},{"not_picked":["Prepared","Caltrops","Setup"],"picked":"SKIP","floor":4},{"not_picked":["Quick Slash","Endless Agony"],"picked":"Dash","floor":5},{"not_picked":["Dodge and Roll","Unload","Acrobatics"],"picked":"SKIP","floor":7},{"not_picked":["Deadly Poison","Distraction"],"picked":"Noxious Fumes","floor":14},{"not_picked":["Die Die Die","Unload"],"picked":"Adrenaline","floor":16},{"not_picked":["Predator","Finisher+1","Dagger Throw"],"picked":"SKIP","floor":18},{"not_picked":["PiercingWail+1","Heel Hook"],"picked":"Crippling Poison","floor":19},{"not_picked":["Bane","Dagger Throw","Sucker Punch"],"picked":"SKIP","floor":24},{"not_picked":["Calculated Gamble","Envenom"],"picked":"Footwork","floor":25},{"not_picked":["Underhanded Strike+1","All Out Attack","Deadly Poison"],"picked":"SKIP","floor":27},{"not_picked":["Finisher","Flechettes+1","Concentrate"],"picked":"SKIP","floor":31},{"not_picked":["Wraith Form v2","Storm of Steel"],"picked":"A Thousand Cuts","floor":33},{"not_picked":["Bouncing Flask","Predator","Sucker Punch"],"picked":"SKIP","floor":35},{"not_picked":["Prepared","Outmaneuver","Quick Slash"],"picked":"SKIP","floor":36},{"not_picked":["Tactician","Riddle With Holes","Concentrate"],"picked":"SKIP","floor":41},{"not_picked":["Prepared","Dagger Throw+1","Tactician"],"picked":"SKIP","floor":44},{"not_picked":["Flechettes","Quick Slash","Deadly Poison"],"picked":"SKIP","floor":46},{"not_picked":["Flechettes+1","Deflect+1"],"picked":"Distraction+1","floor":47},{"not_picked":["Eviscerate","Terror","Dagger Spray+1"],"picked":"SKIP","floor":48}],"player_experience":1549004,"relics_obtained":[{"floor":7,"key":"Calipers"},{"floor":9,"key":"Shuriken"},{"floor":25,"key":"CeramicFish"},{"floor":26,"key":"Bottled Tornado"},{"floor":47,"key":"CaptainsWheel"}],"event_choices":[{"cards_removed":["Strike_G"],"damage_healed":0,"gold_gain":0,"player_choice":"Offered Basic","damage_taken":0,"max_hp_gain":0,"max_hp_loss":0,"event_name":"Bonfire Elementals","floor":3,"gold_loss":0},{"damage_healed":0,"gold_gain":0,"player_choice":"Donut","damage_taken":0,"max_hp_gain":5,"max_hp_loss":0,"event_name":"Big Fish","floor":11,"gold_loss":0},{"cards_removed":["Defend_G"],"damage_healed":0,"gold_gain":0,"player_choice":"Card Removal","damage_taken":7,"max_hp_gain":0,"max_hp_loss":0,"event_name":"Golden Wing","floor":12,"gold_loss":0},{"damage_healed":0,"gold_gain":0,"player_choice":"Entered Light","damage_taken":21,"max_hp_gain":0,"max_hp_loss":0,"event_name":"Shining Light","floor":13,"gold_loss":0,"cards_upgraded":["Predator","Survivor"]},{"damage_healed":0,"gold_gain":0,"player_choice":"Ignored","damage_taken":0,"max_hp_gain":0,"max_hp_loss":0,"event_name":"Vampires","floor":21,"gold_loss":0},{"damage_healed":0,"gold_gain":100,"player_choice":"Bet on Murderer","damage_taken":0,"max_hp_gain":0,"max_hp_loss":0,"event_name":"The Joust","floor":22,"gold_loss":50},{"cards_removed":["Defend_G"],"damage_healed":0,"gold_gain":0,"player_choice":"Elegance","damage_taken":0,"max_hp_gain":0,"max_hp_loss":0,"event_name":"Back to Basics","floor":30,"gold_loss":0},{"damage_healed":0,"gold_gain":275,"player_choice":"Desecrate","damage_taken":0,"max_hp_gain":0,"max_hp_loss":0,"event_name":"Golden Shrine","floor":38,"gold_loss":0,"cards_obtained":["Regret"]}],"is_beta":false,"boss_relics":[{"not_picked":["Calling Bell","Black Star"],"picked":"Fusion Hammer"},{"not_picked":["Empty Cage","Velvet Choker"],"picked":"Astrolabe"}],"items_purged_floors":[20,29,37,39],"is_endless":false,"potions_floor_spawned":[4,7,14,18,19,27,41,44,48],"killed_by":"Time Eater","ascension_level":20}}