{"host":"raai0vtvcfkt8csp","time":1612997573,"event":{"mods":["2.2 Compatiblity","BaseMod","Beaked The Cultist","Block Reminder","Booster Modes","Clockwork Mod","Custom Start","DeckTracker","Defective Defect","Defuse TimeMaze Blight","Dio Mod","GifTheSpireLib","Infinite Spire","Minty Spire (QoL Compilation)","Quick Restart","Random Character Button","Rare Cards Sparkle","StSLib","The Marked","Unceasing Turn Reminder"],"gold_per_floor":[116,13,13,26,41,41,70,70,119,135,160,228,261,279,279,376,376,388,378,152,171,182,213,128,128,153,153,153,186,199,227,227,332,332,352,365,379,379,396,396,422,448,460,472,500,524,565,590,602,614,614],"floor_reached":50,"language":"ENG","playtime":4634,"items_purged":[],"score":767,"play_id":"90029abe-e670-4061-a2f2-c880d5ac0b8c","local_time":"20210210235253","daily_mods":["Specialized"],"is_ascension_mode":true,"campfire_choices":[{"data":"Footwork","floor":6.0,"key":"SMITH"},{"floor":8.0,"key":"REST"},{"floor":15.0,"key":"REST"},{"data":"Noxious Fumes","floor":27.0,"key":"SMITH"},{"floor":32.0,"key":"REST"},{"data":"Noxious Fumes","floor":40.0,"key":"SMITH"},{"data":"A Thousand Cuts","floor":49,"key":"SMITH"}],"circlet_count":0,"master_deck":["Defend_G","Defend_G","Defend_G","Defend_G","Defend_G","Survivor","Neutralize","Footwork+1","Footwork+1","Footwork","Footwork","Footwork","Deadly Poison","Deadly Poison","Storm of Steel","A Thousand Cuts","Noxious Fumes+1","Cloak And Dagger","Envenom","Deflect","Deadly Poison","Catalyst","Poisoned Stab","Setup+1","Noxious Fumes","Bite","Bite","Bite","Bite","Bite","Infinite Blades+1","Noxious Fumes+1","Calculated Gamble","A Thousand Cuts+1","Catalyst","Escape Plan","Footwork+1","infinitespire:NeuralNetwork","Deflect","Deadly Poison+1","Deadly Poison","Noxious Fumes+1","Bouncing Flask","Caltrops","Escape Plan"],"relics":["Ring of the Snake","Orichalcum","Bronze Scales","infinitespire:Satchel","Pantograph","Snake Skull","Sozu","ClockworkSouvenir","Lizard Tail","Tingsha","Anchor","infinitespire:Lucky Rock","Art of War","SlaversCollar","Lee\u0027s Waffle","Ring of the Serpent","MawBank","Question Card","Du-Vu Doll"],"acts_visited":["Exordium","TheCity","TheBeyond"],"potions_floor_usage":[],"damage_taken":[{"damage":0.0,"enemies":"Small Slimes","floor":1.0,"turns":6.0},{"damage":0.0,"enemies":"Cultist","floor":4.0,"turns":5.0},{"damage":1.0,"enemies":"Jaw Worm","floor":5.0,"turns":5.0},{"damage":34.0,"enemies":"Gremlin Nob","floor":7.0,"turns":8.0},{"damage":0.0,"enemies":"Blue Slaver","floor":10.0,"turns":5.0},{"damage":2.0,"enemies":"Lagavulin","floor":11.0,"turns":9.0},{"damage":12.0,"enemies":"3 Sentries","floor":13.0,"turns":7.0},{"damage":8.0,"enemies":"3 Louse","floor":14.0,"turns":4.0},{"damage":18.0,"enemies":"The Guardian","floor":16.0,"turns":9.0},{"damage":0.0,"enemies":"Chosen","floor":18.0,"turns":6.0},{"damage":7.0,"enemies":"2 Thieves","floor":19.0,"turns":4.0},{"damage":11.0,"enemies":"Centurion and Healer","floor":21.0,"turns":7.0},{"damage":0.0,"enemies":"Snake Plant","floor":22.0,"turns":4.0},{"damage":27.0,"enemies":"Book of Stabbing","floor":23.0,"turns":5.0},{"damage":16.0,"enemies":"Gremlin Leader","floor":29.0,"turns":4.0},{"damage":4.0,"enemies":"Shelled Parasite and Fungi","floor":30.0,"turns":4.0},{"damage":29.0,"enemies":"Book of Stabbing","floor":31.0,"turns":5.0},{"damage":5.0,"enemies":"Champ","floor":33.0,"turns":7.0},{"damage":15.0,"enemies":"Orb Walker","floor":35.0,"turns":5.0},{"damage":0.0,"enemies":"3 Shapes","floor":36.0,"turns":5.0},{"damage":35.0,"enemies":"Sphere and 2 Shapes","floor":37.0,"turns":7.0},{"damage":15.0,"enemies":"Transient","floor":39.0,"turns":5.0},{"damage":5.0,"enemies":"Giant Head","floor":41.0,"turns":7.0},{"damage":4.0,"enemies":"4 Shapes","floor":42.0,"turns":5.0},{"damage":23.0,"enemies":"Spire Growth","floor":45.0,"turns":6.0},{"damage":12.0,"enemies":"Sphere and 2 Shapes","floor":46.0,"turns":5.0},{"damage":19.0,"enemies":"Nightmare","floor":47.0,"turns":6.0},{"damage":21,"enemies":"3 Darklings","floor":48,"turns":5},{"damage":112,"enemies":"Awakened One","floor":50,"turns":10}],"seed_played":"-2667993642658063858","potions_obtained":[{"floor":4.0,"key":"SmokeBomb"},{"floor":5.0,"key":"FearPotion"},{"floor":14.0,"key":"CunningPotion"}],"is_trial":true,"path_per_floor":["M","$","?","M","M","R","E","R","T","M","E","T","E","M","R","B",null,"M","M","$","M","M","E","?","?","T","R","?","E","M","E","R","B",null,"M","M","M","AVR","M","R","E","M","T","?","M","M","NM","M","R","B"],"character_chosen":"THE_SILENT","items_purchased":["FairyPotion","Catalyst","ClockworkSouvenir"],"campfire_rested":3,"item_purchase_floors":[2,20,20],"current_hp_per_floor":[70,70,70,70,69,69,35,56,56,56,54,54,42,34,55,52,70,70,63,63,52,52,25,25,25,25,25,41,29,29,8,22,48,49,36,40,13,56,51,51,53,53,53,53,32,26,13,32,32,0,0],"gold":614,"neow_bonus":"","is_daily":false,"chose_seed":false,"campfire_upgraded":4,"win_rate":0.0,"timestamp":1612997573,"path_taken":["M","$","?","M","M","R","E","R","T","?","E","?","E","M","R","BOSS","M","M","$","M","M","E","?","?","T","R","?","E","M","E","R","BOSS","M","M","M","AVR","M","R","E","M","T","?","M","M","NM","M","R","BOSS"],"items_purchased_type":["Potion","Card","Relic"],"build_version":"2020-12-22","purchased_purges":0,"victory":false,"max_hp_per_floor":[70,70,70,70,70,70,70,70,70,70,70,70,70,70,70,70,70,70,70,70,70,70,70,70,49,49,49,49,49,49,49,49,49,49,49,49,49,56,56,56,56,56,56,56,56,56,56,56,56,56,56],"card_choices":[{"not_picked":["Acrobatics","Catalyst"],"picked":"Deadly Poison","floor":1.0},{"not_picked":["Flying Knee","Backstab"],"picked":"Deadly Poison","floor":4.0},{"not_picked":["Predator","Tactician","Skewer"],"picked":"SKIP","floor":5.0},{"not_picked":["Well Laid Plans","Heel Hook"],"picked":"Storm of Steel","floor":7.0},{"not_picked":["Acrobatics","Skewer","Concentrate"],"picked":"SKIP","floor":10.0},{"not_picked":["Outmaneuver","Accuracy"],"picked":"A Thousand Cuts","floor":11.0},{"not_picked":["PiercingWail","Dash"],"picked":"Noxious Fumes","floor":13.0},{"not_picked":["Finisher","Dagger Throw"],"picked":"Cloak And Dagger","floor":14.0},{"not_picked":["After Image","Glass Knife"],"picked":"Envenom","floor":16.0},{"not_picked":["Cloak And Dagger","Leg Sweep"],"picked":"Deflect","floor":18.0},{"not_picked":["Dagger Throw+1","Cloak And Dagger"],"picked":"Deadly Poison","floor":19.0},{"not_picked":["Caltrops","Choke+1"],"picked":"Poisoned Stab","floor":21.0},{"not_picked":["Outmaneuver","Dagger Throw"],"picked":"Setup+1","floor":22.0},{"not_picked":["Skewer","Acrobatics"],"picked":"Noxious Fumes","floor":23.0},{"not_picked":["Masterful Stab+1","Sucker Punch"],"picked":"Infinite Blades+1","floor":29.0},{"not_picked":["Underhanded Strike","Leg Sweep"],"picked":"Noxious Fumes","floor":30.0},{"not_picked":["Underhanded Strike","Dagger Spray"],"picked":"Calculated Gamble","floor":31.0},{"not_picked":["Adrenaline","Glass Knife"],"picked":"A Thousand Cuts","floor":33.0},{"not_picked":["Deflect+1","Riddle With Holes+1"],"picked":"Catalyst","floor":35.0},{"not_picked":["Outmaneuver+1","Masterful Stab"],"picked":"Escape Plan","floor":36.0},{"not_picked":["Cloak And Dagger","Eviscerate+1"],"picked":"Footwork+1","floor":37.0},{"not_picked":["Backstab+1","Outmaneuver+1"],"picked":"Deflect","floor":39.0},{"not_picked":["Well Laid Plans+1","Tactician+1"],"picked":"Deadly Poison+1","floor":41.0},{"not_picked":["Dagger Throw+1","Slice+1"],"picked":"Deadly Poison","floor":42.0},{"not_picked":["Riddle With Holes+1","Tactician","Dagger Spray"],"picked":"Noxious Fumes+1","floor":45.0},{"not_picked":["Well Laid Plans+1","Underhanded Strike+1","Blade Dance+1"],"picked":"Bouncing Flask","floor":46.0},{"not_picked":["Dagger Spray","Masterful Stab+1","Poisoned Stab"],"picked":"Caltrops","floor":47.0},{"not_picked":["Dagger Throw+1","Glass Knife","Deadly Poison"],"picked":"Escape Plan","floor":48}],"player_experience":956161,"relics_obtained":[{"floor":7.0,"key":"Orichalcum"},{"floor":9.0,"key":"Bronze Scales"},{"floor":11.0,"key":"infinitespire:Satchel"},{"floor":12.0,"key":"Pantograph"},{"floor":13.0,"key":"Snake Skull"},{"floor":23.0,"key":"Lizard Tail"},{"floor":26.0,"key":"Anchor"},{"floor":29.0,"key":"infinitespire:Lucky Rock"},{"floor":31.0,"key":"Art of War"},{"floor":41.0,"key":"MawBank"},{"floor":43.0,"key":"Question Card"},{"floor":47.0,"key":"Du-Vu Doll"}],"event_choices":[{"damage_healed":0.0,"max_hp_gain":0.0,"max_hp_loss":0.0,"gold_gain":0.0,"event_name":"Accursed Blacksmith","player_choice":"Forge","floor":3.0,"gold_loss":0.0,"damage_taken":0.0,"cards_upgraded":["Footwork"]},{"damage_healed":0.0,"max_hp_gain":0.0,"max_hp_loss":0.0,"gold_gain":0.0,"event_name":"Addict","player_choice":"Obtained Relic","floor":24.0,"gold_loss":85.0,"damage_taken":0.0,"relics_obtained":["Tingsha"]},{"damage_healed":0.0,"max_hp_gain":0.0,"max_hp_loss":21.0,"gold_gain":0.0,"event_name":"Vampires","player_choice":"Became a vampire","floor":25.0,"gold_loss":0.0,"damage_taken":0.0,"cards_obtained":["Bite","Bite","Bite","Bite","Bite"]},{"damage_healed":16.0,"max_hp_gain":0.0,"max_hp_loss":0.0,"gold_gain":0.0,"event_name":"The Library","player_choice":"Heal","floor":28.0,"gold_loss":0.0,"damage_taken":0.0},{"damage_healed":0.0,"max_hp_gain":0.0,"max_hp_loss":0.0,"gold_gain":0.0,"event_name":"Tomb of Lord Red Mask","player_choice":"Ignored","floor":44.0,"gold_loss":0.0,"damage_taken":0.0}],"is_beta":false,"boss_relics":[{"not_picked":["Astrolabe","Tiny House"],"picked":"Sozu"},{"not_picked":["WristBlade","Runic Pyramid"],"picked":"SlaversCollar"}],"items_purged_floors":[],"is_endless":false,"potions_floor_spawned":[4,5,10,14,18,22,23,31,36,39,45,46],"killed_by":"Awakened One","ascension_level":1}}