{"host":"a5lz0e76zb3fcwkm","time":1612951960,"event":{"mods":["AchievementEnabler","BaseMod","Colored Map","Colored Powertips","Minty Spire (QoL Compilation)","StSLib","SuperFastMode"],"gold_per_floor":[109,109,34,34,53,53,93,93,120,120,120],"floor_reached":10,"language":"KOR","playtime":399,"items_purged":["Strike_G"],"score":128,"play_id":"a6208061-cdf0-4ae9-881a-4aa6a059a78e","local_time":"20210210191240","is_ascension_mode":true,"campfire_choices":[{"data":"Noxious Fumes","floor":6,"key":"SMITH"},{"data":"Cloak And Dagger","floor":8,"key":"SMITH"}],"circlet_count":0,"master_deck":["AscendersBane","Strike_G","Strike_G","Strike_G","Strike_G","Defend_G","Defend_G","Defend_G","Defend_G","Defend_G","Survivor","Neutralize","Sadistic Nature","Cloak And Dagger+1","Noxious Fumes+1","Infinite Blades"],"relics":["Ring of the Snake","Golden Idol","Pocketwatch","Omamori"],"acts_visited":["Exordium"],"potions_floor_usage":[7],"damage_taken":[{"damage":0,"enemies":"2 Louse","floor":1,"turns":3},{"damage":5,"enemies":"Small Slimes","floor":5,"turns":5},{"damage":31,"enemies":"Lagavulin","floor":7,"turns":9},{"damage":43,"enemies":"Gremlin Nob","floor":10,"turns":4}],"seed_played":"4550915240047347754","potions_obtained":[{"floor":1,"key":"Regen Potion"}],"is_trial":false,"path_per_floor":["M","?","$","?","M","R","E","R","T","E"],"character_chosen":"THE_SILENT","items_purchased":[],"campfire_rested":0,"item_purchase_floors":[],"current_hp_per_floor":[44,49,49,49,44,44,28,28,28,0,0],"gold":120,"neow_bonus":"RANDOM_COLORLESS_2","is_daily":false,"chose_seed":false,"campfire_upgraded":2,"win_rate":0.0,"timestamp":1612951960,"path_taken":["M","?","$","?","M","R","E","R","T","E"],"items_purchased_type":[],"build_version":"2020-12-22","purchased_purges":1,"victory":false,"max_hp_per_floor":[66,71,71,64,64,64,64,64,64,64,64],"card_choices":[{"not_picked":["Magnetism","Secret Technique"],"picked":"Sadistic Nature","floor":0},{"not_picked":["Infinite Blades","Escape Plan"],"picked":"Cloak And Dagger","floor":1},{"not_picked":["Heel Hook","Acrobatics"],"picked":"Noxious Fumes","floor":5},{"not_picked":["Dodge and Roll","Doppelganger"],"picked":"Infinite Blades","floor":7}],"player_experience":1855215,"relics_obtained":[{"floor":7,"key":"Pocketwatch"},{"floor":9,"key":"Omamori"}],"event_choices":[{"damage_healed":0,"gold_gain":0,"player_choice":"Donut","damage_taken":0,"max_hp_gain":5,"max_hp_loss":0,"event_name":"Big Fish","floor":2,"gold_loss":0},{"damage_healed":0,"gold_gain":0,"player_choice":"Lose Max HP","damage_taken":0,"relics_obtained":["Golden Idol"],"max_hp_gain":0,"max_hp_loss":7,"event_name":"Golden Idol","floor":4,"gold_loss":0}],"is_beta":false,"boss_relics":[],"items_purged_floors":[3],"is_endless":false,"potions_floor_spawned":[1],"killed_by":"Gremlin Nob","ascension_level":20}}