{"host":"zgbhbccg3hs73yp6","time":1612945742,"event":{"mods":["ATMod(°¢èªMod)","AchievementEnabler","BaseMod","Colored Powertips","Minty Spire (QoL Compilation)","StSLib","The Bug Knight","The Servant 0.9.4"],"gold_per_floor":[218,242,242,261,278,308,326,326,326,103,184,184,240,279,279,400,400,465,93,93,133,133,133,188,232,232,232,232,323,1,65,65,194,194,285,285,285,285,1284,1284,404,404,404,404,404,443,484,616,616,741,741,741,53,137,162],"floor_reached":56,"language":"ZHS","playtime":4142,"items_purged":["Strike_B","Defend_B+1","AT_WarpDrive"],"score":1461,"play_id":"b1afe775-87f9-49cd-b69d-e263cd097de7","local_time":"20210210162902","is_ascension_mode":false,"campfire_choices":[{"data":"AT_ThunderBolt","floor":15,"key":"SMITH"},{"data":"AT_FamilyPortrait","floor":23,"key":"SMITH"},{"floor":32,"key":"REST"},{"floor":40,"key":"RECALL"},{"data":"Loop","floor":45,"key":"SMITH"},{"data":"Conserve Battery","floor":49,"key":"SMITH"},{"data":"Madness","floor":52,"key":"SMITH"}],"circlet_count":0,"master_deck":["Zap","Dualcast","AT_FamilyPortrait+1","AT_ThunderBolt+1","BootSequence","Coolheaded","Ball Lightning","Ball Lightning","All For One","Beam Cell+1","Rebound+1","Thunder Strike+1","AT_ThreeBodyProblem+1","Redo","Beam Cell+1","AT_DarkMatter","Chill+1","Rip and Tear+1","Sweeping Beam+1","Blizzard+1","Stack","Scrape+1","Sweeping Beam+1","Rainbow","White Noise+1","Conserve Battery+1","Ball Lightning+1","Compile Driver+1","Melter+1","AT_HeatAcrobatics","Loop+1","Good Instincts","Master of Strategy","Madness","Madness+1","AT_ThunderBolt+1","Conserve Battery+1","Defragment+1","Go for the Eyes+1","AT_DarkMatter","Hologram","White Noise"],"relics":["Cracked Core","AT_ATBox","Omamori","Darkstone Periapt","Ice Cream","AT_MibuBalloonWealth","AT_Manta","Molten Egg 2","Kunai","Inserter","Thread and Needle","Calipers","Lizard Tail","InkBottle","Sundial","Astrolabe","Pear","Anchor","Potion Belt","Toy Ornithopter","Dream Catcher","Gambling Chip","Cauldron","Letter Opener","AT_SunfireAegis"],"acts_visited":["Exordium","TheCity","TheBeyond","TheEnding"],"potions_floor_usage":[6,11,13,16,24,29,33,48,50,50,54,54,55,55,55],"damage_taken":[{"damage":1,"enemies":"Cultist","floor":1,"turns":4},{"damage":5,"enemies":"Jaw Worm","floor":4,"turns":4},{"damage":16,"enemies":"Small Slimes","floor":5,"turns":4},{"damage":13,"enemies":"Lagavulin","floor":6,"turns":7},{"damage":0,"enemies":"3 Louse","floor":7,"turns":3},{"damage":0,"enemies":"HollowMod:MossKnight","floor":11,"turns":8},{"damage":11,"enemies":"Gremlin Nob","floor":13,"turns":3},{"damage":2,"enemies":"Blue Slaver","floor":14,"turns":2},{"damage":12,"enemies":"The Guardian","floor":16,"turns":5},{"damage":32,"enemies":"2 Thieves","floor":18,"turns":4},{"damage":7,"enemies":"Spheric Guardian","floor":21,"turns":3},{"damage":17,"enemies":"Book of Stabbing","floor":24,"turns":7},{"damage":12,"enemies":"Snecko","floor":25,"turns":7},{"damage":0,"enemies":"3 Cultists","floor":29,"turns":3},{"damage":0,"enemies":"Cultist and Chosen","floor":31,"turns":4},{"damage":0,"enemies":"Champ","floor":33,"turns":9},{"damage":0,"enemies":"3 Shapes","floor":35,"turns":3},{"damage":0,"enemies":"Orb Walker","floor":46,"turns":3},{"damage":0,"enemies":"Transient","floor":47,"turns":5},{"damage":0,"enemies":"Reptomancer","floor":48,"turns":5},{"damage":7,"enemies":"Awakened One","floor":50,"turns":10},{"damage":19,"enemies":"Shield and Spear","floor":54,"turns":7},{"damage":0,"enemies":"The Heart","floor":55,"turns":6}],"seed_played":"3198620717663344842","potions_obtained":[{"floor":4,"key":"Dexterity Potion"},{"floor":5,"key":"Regen Potion"},{"floor":11,"key":"Fruit Juice"},{"floor":13,"key":"LiquidMemories"},{"floor":21,"key":"SpeedPotion"},{"floor":25,"key":"FocusPotion"},{"floor":29,"key":"Block Potion"},{"floor":31,"key":"FearPotion"},{"floor":47,"key":"Weak Potion"},{"floor":48,"key":"Energy Potion"},{"floor":53,"key":"Explosive Potion"},{"floor":53,"key":"Swift Potion"},{"floor":53,"key":"ColorlessPotion"},{"floor":53,"key":"Weak Potion"},{"floor":53,"key":"BlessingOfTheForge"}],"is_trial":false,"path_per_floor":["M","T","?","M","M","E","M","?","T","$","E","T","E","M","R","B",null,"M","$","?","M","T","R","E","M","T","?","T","M","$","M","R","B",null,"M","?","?","T","?","R","$","?","T","T","R","M","M","E","R","B",null,"R","$","E","B",null],"character_chosen":"DEFECT","items_purchased":["AT_MibuBalloonWealth","Thread and Needle","Redo","Beam Cell+1","Sundial","Scrape+1","Anchor","Compile Driver+1","Melter+1","AT_HeatAcrobatics","Loop","Potion Belt","Good Instincts","Master of Strategy","Cauldron","Letter Opener","Go for the Eyes+1","AT_DarkMatter","Hologram"],"campfire_rested":1,"item_purchase_floors":[10,19,19,19,30,30,41,41,41,41,41,41,41,41,53,53,53,53,53],"current_hp_per_floor":[74,74,74,69,53,55,55,55,55,55,60,60,49,47,47,35,80,48,48,48,41,41,41,24,12,12,12,12,12,12,12,36,36,80,80,80,80,90,90,90,90,79,79,79,79,79,79,84,84,87,90,90,90,76,90],"gold":162,"neow_bonus":"HUNDRED_GOLD","is_daily":false,"chose_seed":false,"campfire_upgraded":5,"win_rate":0.0,"timestamp":1612945742,"path_taken":["M","?","?","?","M","E","M","?","T","$","E","?","E","?","R","BOSS","M","$","?","M","?","R","E","?","T","?","?","M","?","M","R","BOSS","M","?","?","?","?","R","$","?","T","?","R","M","M","E","R","BOSS","R","$","E","BOSS"],"items_purchased_type":["Relic","Relic","Card","Card","Relic","Card","Relic","Card","Card","Card","Card","Relic","Card","Card","Relic","Relic","Card","Card","Card"],"build_version":"2020-12-22","purchased_purges":3,"victory":true,"max_hp_per_floor":[75,75,75,75,75,75,75,75,75,75,80,80,80,80,80,80,80,80,80,80,80,80,80,80,80,80,80,80,80,80,80,80,80,80,80,80,80,90,90,90,90,90,90,90,90,90,90,90,90,90,90,90,90,90,90],"card_choices":[{"not_picked":["Hologram","Steam"],"picked":"AT_ThunderBolt","floor":1},{"not_picked":["Streamline","Gash"],"picked":"BootSequence","floor":4},{"not_picked":["Leap","Consume"],"picked":"Coolheaded","floor":5},{"not_picked":["Redo","Turbo"],"picked":"Ball Lightning","floor":6},{"not_picked":["Streamline","Barrage"],"picked":"Ball Lightning","floor":7},{"not_picked":["Steam Power","Heatsinks"],"picked":"All For One","floor":11},{"not_picked":["Steam","Cold Snap+1"],"picked":"Beam Cell+1","floor":13},{"not_picked":["Streamline+1","Hyperbeam+1"],"picked":"Rebound+1","floor":14},{"not_picked":["Meteor Strike+1","Reboot"],"picked":"Thunder Strike+1","floor":16},{"not_picked":["Barrage+1","AT_HeatAcrobatics+1"],"picked":"AT_ThreeBodyProblem+1","floor":18},{"not_picked":["Cold Snap+1","FTL+1"],"picked":"AT_DarkMatter","floor":21},{"not_picked":["Skim+1","Multi-Cast"],"picked":"Chill+1","floor":24},{"not_picked":["Reinforced Body","Gash+1"],"picked":"Rip and Tear+1","floor":25},{"not_picked":["Redo","Compile Driver+1"],"picked":"Stack","floor":29},{"not_picked":["AT_WarpDrive","Capacitor"],"picked":"Sweeping Beam+1","floor":31},{"not_picked":["Multi-Cast","AT_WaterDrop"],"picked":"Rainbow","floor":33},{"not_picked":["Turbo+1","Steam Power+1"],"picked":"Ball Lightning+1","floor":35},{"not_picked":["Stack","Steam"],"picked":"AT_ThunderBolt+1","floor":46},{"not_picked":["Rebound+1","Gash+1"],"picked":"Conserve Battery","floor":47},{"not_picked":["AT_DarkMatter","AT_EMC2+1"],"picked":"Defragment+1","floor":48},{"not_picked":["Fusion+1","Rebound+1"],"picked":"White Noise","floor":54}],"player_experience":69230,"relics_obtained":[{"floor":2,"key":"Omamori"},{"floor":6,"key":"Darkstone Periapt"},{"floor":9,"key":"Ice Cream"},{"floor":11,"key":"AT_Manta"},{"floor":12,"key":"Molten Egg 2"},{"floor":13,"key":"Kunai"},{"floor":24,"key":"Calipers"},{"floor":26,"key":"Lizard Tail"},{"floor":28,"key":"InkBottle"},{"floor":38,"key":"Pear"},{"floor":43,"key":"Toy Ornithopter"},{"floor":44,"key":"Dream Catcher"},{"floor":48,"key":"Gambling Chip"},{"floor":54,"key":"AT_SunfireAegis"}],"event_choices":[{"damage_healed":0,"gold_gain":0,"player_choice":"Bought 0 Potions","damage_taken":0,"max_hp_gain":0,"max_hp_loss":0,"event_name":"The Woman in Blue","floor":3,"gold_loss":0},{"damage_healed":0,"gold_gain":0,"cards_transformed":["Strike_B"],"player_choice":"Change","damage_taken":0,"max_hp_gain":0,"max_hp_loss":0,"event_name":"Living Wall","floor":8,"gold_loss":0,"cards_obtained":["AT_WarpDrive"]},{"damage_healed":0,"gold_gain":0,"player_choice":"Simplicity","damage_taken":0,"max_hp_gain":0,"max_hp_loss":0,"event_name":"Back to Basics","floor":20,"gold_loss":0,"cards_upgraded":["Strike_B","Strike_B","Defend_B","Defend_B","Defend_B","Defend_B"]},{"damage_healed":0,"gold_gain":0,"cards_transformed":["Strike_B","Strike_B"],"player_choice":"Became Test Subject","damage_taken":0,"max_hp_gain":0,"max_hp_loss":0,"event_name":"Drug Dealer","floor":27,"gold_loss":0,"cards_obtained":["Sweeping Beam","Blizzard"]},{"cards_removed":["Heatsinks"],"damage_healed":0,"gold_gain":0,"player_choice":"Removed Power","damage_taken":0,"max_hp_gain":0,"max_hp_loss":0,"event_name":"Falling","floor":36,"gold_loss":0},{"damage_healed":0,"gold_gain":0,"player_choice":"Ignored","damage_taken":0,"max_hp_gain":0,"max_hp_loss":0,"event_name":"Tomb of Lord Red Mask","floor":37,"gold_loss":0},{"damage_healed":0,"gold_gain":999,"player_choice":"Gold","damage_taken":0,"max_hp_gain":0,"max_hp_loss":0,"event_name":"MindBloom","floor":39,"gold_loss":0,"cards_obtained":["Normality","Normality"]},{"damage_healed":0,"gold_gain":0,"player_choice":"Embrace Madness","damage_taken":11,"max_hp_gain":0,"max_hp_loss":0,"event_name":"Winding Halls","floor":42,"gold_loss":0,"cards_obtained":["Madness","Madness"]}],"is_beta":false,"boss_relics":[{"not_picked":["Coffee Dripper","Nuclear Battery"],"picked":"Inserter"},{"not_picked":["Busted Crown","Sozu"],"picked":"Astrolabe"}],"items_purged_floors":[10,41,53],"is_endless":false,"potions_floor_spawned":[4,5,11,13,21,25,29,31,47,48],"ascension_level":0}}