{"host":"n9lc5i44t98l6pio","time":1612921636,"event":{"mods":["BaseMod","Curses Come First","Downfall","Minty Spire (QoL Compilation)","Replay The Spire","Say the Spire","StSLib"],"gold_per_floor":[13,26,45,61,74,102,115,115,115,115,115,115,127,160,160,260,260,277,293,293,293],"floor_reached":20,"language":"ENG","playtime":893,"items_purged":[],"score":250,"play_id":"e60405ee-68ee-45c3-9152-3c9f3a44a28f","local_time":"20210210024716","is_ascension_mode":true,"campfire_choices":[{"floor":10,"key":"REST"},{"data":"Inflame","floor":15,"key":"SMITH"},{"data":"Heavy Blade","floor":15,"key":"SMITH"}],"circlet_count":0,"master_deck":["Strike_R","Strike_R","Strike_R","Strike_R","Strike_R","Defend_R","Defend_R","Defend_R","Defend_R","Bash","Limit Break+1","Pommel Strike","Heavy Blade+1","Inflame+1","Run Through","Shrug It Off","Clash","Feed+1","Anger","Replay:Many Hands","Limit Break","Writhe","Injury","Sickly","Seeing Red","Cleave"],"relics":["Burning Blood","Replay:Arrowhead","PreservedInsect","Bottled Flame","Replay:Ancient Bell","Smiling Mask","Replay:Bottled Snecko","TungstenRod"],"acts_visited":["Exordium","TheCity"],"potions_floor_usage":[6,14,16,20,20],"damage_taken":[{"damage":4,"enemies":"Cultist","floor":1,"turns":4},{"damage":8,"enemies":"2 Louse","floor":2,"turns":3},{"damage":22,"enemies":"Jaw Worm","floor":3,"turns":4},{"damage":0,"enemies":"Large Slime","floor":4,"turns":5},{"damage":17,"enemies":"Looter","floor":5,"turns":4},{"damage":30,"enemies":"Gremlin Nob","floor":6,"turns":4},{"damage":0,"enemies":"Blue Slaver","floor":7,"turns":6},{"damage":16,"enemies":"Large Slime","floor":13,"turns":6},{"damage":0,"enemies":"Replay:BlueRogue","floor":14,"turns":4},{"damage":26,"enemies":"Fading Forest","floor":16,"turns":11},{"damage":41,"enemies":"Chosen","floor":18,"turns":6},{"damage":36,"enemies":"Spheric Guardian","floor":19,"turns":6},{"damage":36,"enemies":"Snake Plant","floor":20,"turns":2}],"seed_played":"-2835769846494228845","potions_obtained":[{"floor":2,"key":"Strength Potion"},{"floor":4,"key":"SkillPotion"},{"floor":14,"key":"Ancient Potion"},{"floor":18,"key":"champ:CounterPotion"},{"floor":19,"key":"Regen Potion"}],"is_trial":false,"path_per_floor":["M","M","M","M","M","E","M","?","T","R","$","?","M","E","R","B",null,"M","M","M"],"character_chosen":"IRONCLAD","items_purchased":[],"campfire_rested":1,"item_purchase_floors":[],"current_hp_per_floor":[80,78,62,68,57,33,39,39,39,63,63,63,57,63,63,53,84,53,27,0,0],"gold":293,"neow_bonus":"THREE_RARE_CARDS","is_daily":false,"chose_seed":false,"campfire_upgraded":2,"win_rate":0.0,"timestamp":1612921636,"path_taken":["M","?","M","M","M","E","?","?","T","R","?","?","M","E","R","BOSS","M","M","M"],"items_purchased_type":[],"build_version":"2020-12-22","purchased_purges":0,"victory":false,"max_hp_per_floor":[80,80,80,80,80,80,80,80,80,80,80,80,84,84,84,84,84,88,92,92,92],"card_choices":[{"not_picked":["Reaper","Hemogenesis"],"picked":"Limit Break","floor":0},{"not_picked":["Havoc","ReplayTheSpireMod:Corrosion Curse"],"picked":"Pommel Strike","floor":1},{"not_picked":["Body Slam","Rage"],"picked":"Heavy Blade","floor":2},{"not_picked":["Ghostly Armor","Replay:Undeath\u0027s Touch"],"picked":"Inflame","floor":3},{"not_picked":["Eclipse","Rage"],"picked":"Run Through","floor":4},{"not_picked":["Entrench","Clash"],"picked":"Shrug It Off","floor":5},{"not_picked":["ReplayTheSpireMod:Limb From Limb","Life Link"],"picked":"Metallicize","floor":6},{"not_picked":["Anger","Evolve"],"picked":"Clash","floor":7},{"not_picked":["Battle Trance","ReplayReversal"],"picked":"Anger","floor":13},{"not_picked":["Wild Strike","Sever Soul"],"picked":"Replay:Many Hands","floor":14},{"not_picked":["Brutality","Berserk"],"picked":"Limit Break","floor":16},{"not_picked":["CommonCold","Clumsy"],"picked":"Writhe","floor":17},{"not_picked":["Languid","CommonCold"],"picked":"Injury","floor":17},{"not_picked":["Decay","ReplayTheSpireMod:Splinters"],"picked":"Sickly","floor":17},{"not_picked":["Body Slam","Clash"],"picked":"Seeing Red","floor":18},{"not_picked":["Body Slam","ReplayTheSpireMod:Strike From Hell+1"],"picked":"Cleave","floor":19}],"player_experience":261422,"relics_obtained":[{"floor":6,"key":"Replay:Arrowhead"},{"floor":9,"key":"PreservedInsect"},{"floor":14,"key":"Bottled Flame"}],"event_choices":[{"damage_healed":0,"gold_gain":0,"player_choice":"Grow","damage_taken":0,"max_hp_gain":0,"max_hp_loss":0,"event_name":"Living Wall","floor":12,"gold_loss":0,"cards_upgraded":["Limit Break"]}],"is_beta":false,"boss_relics":[{"not_picked":["Ring of Chaos","Runic Pyramid"],"picked":"Replay:Ancient Bell"},{"not_picked":["Potion Belt","Dream Catcher"],"picked":"Smiling Mask"},{"not_picked":["Ornamental Fan","Gremlin Horn"],"picked":"Replay:Bottled Snecko"},{"not_picked":["FossilizedHelix","Gambling Chip"],"picked":"TungstenRod"}],"items_purged_floors":[],"is_endless":false,"potions_floor_spawned":[2,4,14,18,19],"killed_by":"Snake Plant","ascension_level":1}}