{"host":"85rg8sallz0lemh6","time":1612993190,"event":{"mods":["BaseMod","Bestiary","Colored Powertips","Highlight Path","Minty Spire (QoL Compilation)","Quick Restart"],"gold_per_floor":[115,115,128,203,213,213,242,242,242,274,286,286,305,336,336,433,433,443,462,462,462,23,55,71,88,141,141,167,180,192,206,206,309,309,329,329,329,67,67,97,111,111,161,180,206,206,223,223,223,223],"floor_reached":51,"language":"ENG","playtime":1407,"items_purged":[],"score":932,"play_id":"c466fa7b-b80c-4e4e-9d8c-a12544423702","local_time":"20210210153950","is_ascension_mode":true,"campfire_choices":[{"data":"Flex","floor":6.0,"key":"SMITH"},{"data":"Pommel Strike","floor":12.0,"key":"SMITH"},{"data":"Offering","floor":15.0,"key":"SMITH"},{"data":"Battle Trance","floor":32.0,"key":"SMITH"},{"floor":42.0,"key":"RECALL"},{"data":"Offering","floor":49.0,"key":"SMITH"}],"circlet_count":0,"master_deck":["Strike_R+1","Strike_R+1","Strike_R+1","Strike_R+1","Strike_R+1","Defend_R+1","Defend_R+1","Defend_R+1","Defend_R+1","Bash+1","Whirlwind+1","Pommel Strike+1","Flex+1","Flame Barrier+1","Sword Boomerang+1","Offering+1","Limit Break+1","Battle Trance+1","Shrug It Off+1","Reaper","Offering+1"],"relics":["Burning Blood","NeowsBlessing","Eternal Feather","Red Skull","Bronze Scales","Coffee Dripper","Nloth\u0027s Gift","Chemical X","Mango","Whetstone","War Paint","Pocketwatch","Runic Dome","Kunai","Incense Burner","Vajra","Strawberry"],"acts_visited":["Exordium","TheCity","TheBeyond"],"potions_floor_usage":[50,50],"damage_taken":[{"damage":0.0,"enemies":"Jaw Worm","floor":1.0,"turns":1.0},{"damage":0.0,"enemies":"Cultist","floor":3.0,"turns":1.0},{"damage":0.0,"enemies":"Small Slimes","floor":5.0,"turns":1.0},{"damage":15.0,"enemies":"3 Sentries","floor":7.0,"turns":4.0},{"damage":23.0,"enemies":"Gremlin Nob","floor":10.0,"turns":4.0},{"damage":9.0,"enemies":"Red Slaver","floor":11.0,"turns":3.0},{"damage":1.0,"enemies":"2 Fungi Beasts","floor":13.0,"turns":2.0},{"damage":20.0,"enemies":"3 Sentries","floor":14.0,"turns":8.0},{"damage":27.0,"enemies":"Slime Boss","floor":16.0,"turns":7.0},{"damage":6.0,"enemies":"Chosen","floor":18.0,"turns":3.0},{"damage":13.0,"enemies":"Shell Parasite","floor":19.0,"turns":3.0},{"damage":6.0,"enemies":"Gremlin Leader","floor":23.0,"turns":3.0},{"damage":6.0,"enemies":"Chosen and Byrds","floor":24.0,"turns":1.0},{"damage":6.0,"enemies":"Sentry and Sphere","floor":25.0,"turns":3.0},{"damage":35.0,"enemies":"Slavers","floor":28.0,"turns":2.0},{"damage":6.0,"enemies":"3 Cultists","floor":29.0,"turns":2.0},{"damage":6.0,"enemies":"Cultist and Chosen","floor":30.0,"turns":2.0},{"damage":6.0,"enemies":"Sentry and Sphere","floor":31.0,"turns":2.0},{"damage":38.0,"enemies":"Collector","floor":33.0,"turns":7.0},{"damage":0.0,"enemies":"Orb Walker","floor":35.0,"turns":2.0},{"damage":70.0,"enemies":"Nemesis","floor":40.0,"turns":7.0},{"damage":6.0,"enemies":"3 Shapes","floor":41.0,"turns":1.0},{"damage":13.0,"enemies":"Jaw Worm Horde","floor":44.0,"turns":2.0},{"damage":6.0,"enemies":"Reptomancer","floor":45.0,"turns":2.0},{"damage":0.0,"enemies":"4 Shapes","floor":47.0,"turns":2.0},{"damage":81,"enemies":"Time Eater","floor":50,"turns":4}],"seed_played":"-1332172362256719004","potions_obtained":[{"floor":3.0,"key":"Dexterity Potion"},{"floor":5.0,"key":"SkillPotion"},{"floor":13.0,"key":"DistilledChaos"},{"floor":14.0,"key":"GamblersBrew"},{"floor":16.0,"key":"Dexterity Potion"},{"floor":18.0,"key":"FearPotion"},{"floor":24.0,"key":"Block Potion"},{"floor":25.0,"key":"CultistPotion"},{"floor":40.0,"key":"Regen Potion"}],"is_trial":false,"path_per_floor":["M","?","M","?","M","R","E","?","T","E","M","R","M","E","R","B",null,"M","M","?","?","$","E","M","M","T","$","E","M","M","M","R","B",null,"M","?","?","$","?","E","M","R","T","M","E","$","M","?","R","B",null],"character_chosen":"IRONCLAD","items_purchased":["Chemical X","Mango","Kunai"],"campfire_rested":0,"item_purchase_floors":[22,22,38],"current_hp_per_floor":[80,80,80,72,78,78,69,69,69,57,54,63,68,54,63,52,80,80,73,73,73,87,87,87,90,90,90,61,73,89,89,94,66,94,94,94,94,94,94,30,30,39,39,32,44,44,50,88,88,37],"gold":223,"neow_bonus":"THREE_ENEMY_KILL","is_daily":false,"chose_seed":false,"campfire_upgraded":5,"win_rate":0.0,"timestamp":1612993190,"path_taken":["M","?","?","?","?","R","E","?","T","E","M","R","M","E","R","BOSS","M","M","?","?","$","E","M","?","T","$","E","M","M","M","R","BOSS","M","?","?","$","?","E","M","R","T","?","E","$","M","?","R","BOSS"],"items_purchased_type":["Relic","Relic","Relic"],"build_version":"2020-12-22","purchased_purges":0,"victory":true,"max_hp_per_floor":[80,80,80,80,80,80,80,80,80,80,80,80,80,80,80,80,80,80,80,80,80,94,94,94,94,94,94,94,94,94,94,94,94,94,94,94,94,94,94,94,94,94,94,94,101,101,101,88,88,88],"card_choices":[{"not_picked":["Wild Strike","Sword Boomerang"],"picked":"Whirlwind","floor":1.0},{"not_picked":["Shockwave","Anger"],"picked":"Pommel Strike","floor":3.0},{"not_picked":["Armaments","Power Through","Flex"],"picked":"SKIP","floor":5.0},{"not_picked":["Armaments","Power Through"],"picked":"Flex","floor":5.0},{"not_picked":["Searing Blow","Dual Wield"],"picked":"Flame Barrier","floor":7.0},{"not_picked":["Reckless Charge","Uppercut"],"picked":"Sword Boomerang","floor":10.0},{"not_picked":["True Grit","Second Wind","Armaments"],"picked":"SKIP","floor":11.0},{"not_picked":["Dark Embrace","Warcry","Clash"],"picked":"SKIP","floor":13.0},{"not_picked":["Perfected Strike","Sever Soul"],"picked":"Offering","floor":14.0},{"not_picked":["Brutality","Berserk"],"picked":"Limit Break","floor":16.0},{"not_picked":["Searing Blow","Blood for Blood","Heavy Blade"],"picked":"SKIP","floor":18.0},{"not_picked":["Uppercut","Pommel Strike+1","True Grit"],"picked":"SKIP","floor":19.0},{"not_picked":["Twin Strike","Perfected Strike","Rage"],"picked":"SKIP","floor":23.0},{"not_picked":["Fire Breathing","Shrug It Off"],"picked":"Reaper","floor":24.0},{"not_picked":["Second Wind","Fire Breathing","Rage+1"],"picked":"SKIP","floor":25.0},{"not_picked":["Armaments","Wild Strike","Rage"],"picked":"SKIP","floor":28.0},{"not_picked":["Headbutt","Twin Strike","Clash+1"],"picked":"SKIP","floor":29.0},{"not_picked":["Sentinel","Sword Boomerang"],"picked":"Battle Trance","floor":30.0},{"not_picked":["Burning Pact","Corruption","Shrug It Off"],"picked":"SKIP","floor":31.0},{"not_picked":["Reckless Charge+1","Headbutt+1","Dark Embrace+1"],"picked":"SKIP","floor":35.0},{"not_picked":["Pommel Strike","Blood for Blood"],"picked":"Shrug It Off+1","floor":40.0},{"not_picked":["Twin Strike","Perfected Strike+1","Sever Soul+1"],"picked":"SKIP","floor":41.0},{"not_picked":["Anger+1","Metallicize","True Grit"],"picked":"SKIP","floor":44.0},{"not_picked":["Immolate","Armaments"],"picked":"Reaper","floor":45.0},{"not_picked":["Twin Strike","Clash"],"picked":"Offering","floor":47.0}],"player_experience":92441,"relics_obtained":[{"floor":7.0,"key":"Eternal Feather"},{"floor":9.0,"key":"Toy Ornithopter"},{"floor":10.0,"key":"Red Skull"},{"floor":14.0,"key":"Bronze Scales"},{"floor":23.0,"key":"Whetstone"},{"floor":26.0,"key":"War Paint"},{"floor":28.0,"key":"Pocketwatch"},{"floor":40.0,"key":"Incense Burner"},{"floor":43.0,"key":"Vajra"},{"floor":45.0,"key":"Strawberry"}],"event_choices":[{"damage_healed":0.0,"max_hp_gain":0.0,"max_hp_loss":0.0,"gold_gain":0.0,"event_name":"Accursed Blacksmith","player_choice":"Forge","floor":2.0,"gold_loss":0.0,"damage_taken":0.0,"cards_upgraded":["Whirlwind"]},{"damage_healed":0.0,"max_hp_gain":0.0,"max_hp_loss":0.0,"gold_gain":75.0,"event_name":"FaceTrader","player_choice":"Touch","floor":4.0,"gold_loss":0.0,"damage_taken":8.0},{"damage_healed":0.0,"max_hp_gain":0.0,"max_hp_loss":0.0,"gold_gain":0.0,"event_name":"Living Wall","player_choice":"Grow","floor":8.0,"gold_loss":0.0,"damage_taken":0.0,"cards_upgraded":["Flame Barrier"]},{"damage_healed":0.0,"max_hp_gain":0.0,"max_hp_loss":0.0,"gold_gain":0.0,"event_name":"Back to Basics","player_choice":"Simplicity","floor":20.0,"gold_loss":0.0,"damage_taken":0.0,"cards_upgraded":["Strike_R","Strike_R","Strike_R","Strike_R","Strike_R","Defend_R","Defend_R","Defend_R","Defend_R"]},{"damage_healed":0.0,"max_hp_gain":0.0,"max_hp_loss":0.0,"gold_gain":0.0,"event_name":"N\u0027loth","player_choice":"Traded Relic","floor":21.0,"relics_lost":["Toy Ornithopter"],"gold_loss":0.0,"damage_taken":0.0,"relics_obtained":["Nloth\u0027s Gift"]},{"damage_healed":0.0,"max_hp_gain":0.0,"max_hp_loss":0.0,"gold_gain":0.0,"event_name":"SensoryStone","player_choice":"Memory 1","floor":36.0,"gold_loss":0.0,"damage_taken":0.0},{"cards_removed":["Reaper"],"damage_healed":0.0,"max_hp_gain":0.0,"max_hp_loss":0.0,"gold_gain":0.0,"event_name":"Falling","player_choice":"Removed Attack","floor":37.0,"gold_loss":0.0,"damage_taken":0.0},{"damage_healed":0.0,"max_hp_gain":0.0,"max_hp_loss":0.0,"gold_gain":0.0,"event_name":"Lab","player_choice":"Got Potions","floor":39.0,"gold_loss":0.0,"damage_taken":0.0},{"damage_healed":88.0,"max_hp_gain":0.0,"max_hp_loss":13.0,"gold_gain":0.0,"event_name":"The Moai Head","player_choice":"Heal","floor":48.0,"gold_loss":0.0,"damage_taken":0.0}],"is_beta":false,"boss_relics":[{"not_picked":["Mark of Pain","Tiny House"],"picked":"Coffee Dripper"},{"not_picked":["Empty Cage","Philosopher\u0027s Stone"],"picked":"Runic Dome"}],"items_purged_floors":[],"is_endless":false,"potions_floor_spawned":[3,5,13,14,16,18,24,25,28,33,40,41],"ascension_level":3}}