{"host":"avfk0uqadyfnr875","time":1612964268,"event":{"mods":["2.2 Compatiblity","Act Like it!","BaseMod","Chen","Colored Powertips","Downfall","Gensokyo","Koishi","KomeijiMod","Marisa£®ÏF”Í°°ƒß¿Ì…≥£©","Minty Spire (QoL Compilation)","Pale of the Ancients","Quick Restart","READ ME - Guardian Mod","Reimu£®≤©¿ˆ¡È√Œ£©","Shop Mod","StSLib","The Administrix","The Animator"],"gold_per_floor":[273,273,28,14,14,45,80,80,80,108,108,153,18,18,18,141,141,161,161,93,93,44,95,95,126,152,152,152,483,483,523,523,633,633,658,878,905,919,829,829,829,829,907,26,26,26,26,62,62,72,72,72,520,520,520],"floor_reached":54,"language":"ZHS","playtime":3009,"items_purged":["Injury","Clumsy"],"score":1007,"play_id":"ed0a1ad5-dba1-4d34-82ae-3e38794355a9","local_time":"20210210213748","is_ascension_mode":true,"campfire_choices":[{"floor":8.0,"key":"RECALL"},{"data":"animator:Patchouli","floor":15.0,"key":"SMITH"},{"floor":27.0,"key":"REST"},{"floor":32.0,"key":"REST"},{"floor":40,"key":"REST"},{"floor":42,"key":"REST"},{"data":"animator:LeleiLaLalena","floor":46,"key":"SMITH"},{"data":"Gensokyo:GapWoman","floor":49,"key":"SMITH"},{"data":"animator:FeridBathory","floor":52,"key":"SMITH"}],"circlet_count":0,"master_deck":["animator:Strike_Kancolle","animator:Defend_Kancolle","animator:Strike","animator:Defend","animator:Defend","animator:Defend","animator:Shimakaze","animator:Tatsumaki","animator:Patchouli","animator:DolaSchwi","animator:LeleiLaLalena","animator:Geryuganshoop","animator:KrulTepes","animator:NarberalGamma","animator:Wiz","animator:Shizu","animator:SilverFang","animator:Hakurou","Writhe","animator:Saitama","animator:FeridBathory","animator:Arpeggio","animator:Sonic","Gensokyo:CustomPotion","Gensokyo:BlemishedSteel","Gensokyo:ScrapIron","animator:HigakiRinne","Gensokyo:RustyChest","Gensokyo:DepletedGenerator","animator:Benimaru","animator:Vesta","animator:Boros+1","animator:Shiro+1"],"relics":["animator:TheWolleyCore"],"acts_visited":["Gensokyo:Gensokyo","Gensokyo:Gensokyoer","Gensokyo:Gensokyoest","TheEnding","EYB:TheUnnamedReign"],"potions_floor_usage":[50],"damage_taken":[{"damage":0.0,"enemies":"Gensokyo:Python","floor":1.0,"turns":1.0},{"damage":0.0,"enemies":"Gensokyo:Cirno","floor":6.0,"turns":2.0},{"damage":0.0,"enemies":"Gensokyo:Mamizou","floor":7.0,"turns":2.0},{"damage":12.0,"enemies":"Gensokyo:Cirno","floor":10.0,"turns":5.0},{"damage":12.0,"enemies":"Gensokyo:Mamizou","floor":12.0,"turns":7.0},{"damage":21.0,"enemies":"Gensokyo:Yukari","floor":16.0,"turns":8.0},{"damage":9.0,"enemies":"Gensokyo:AngelMirror","floor":18.0,"turns":2.0},{"damage":27.0,"enemies":"Gensokyo:Koishi","floor":23.0,"turns":5.0},{"damage":1.0,"enemies":"Gensokyo:Reisen","floor":25.0,"turns":7.0},{"damage":0.0,"enemies":"Gensokyo:2_Gloops","floor":29.0,"turns":4.0},{"damage":12.0,"enemies":"Gensokyo:Slime_Group","floor":31.0,"turns":4.0},{"damage":25.0,"enemies":"Gensokyo:Eiki","floor":33.0,"turns":11.0},{"damage":16.0,"enemies":"Gensokyo:3_Boulders","floor":35.0,"turns":5.0},{"damage":19.0,"enemies":"Gensokyo:3_Bats","floor":36.0,"turns":4.0},{"damage":11,"enemies":"Gensokyo:Sharpion","floor":38,"turns":5},{"damage":2,"enemies":"Gensokyo:SeedOfUnknown","floor":48,"turns":7},{"damage":24,"enemies":"Gensokyo:Shinki","floor":50,"turns":14},{"damage":105,"enemies":"animator:TRIPLE_SHAPES_WEAK","floor":54,"turns":6}],"seed_played":"-6329846124303619140","potions_obtained":[{"floor":6.0,"key":"AttackPotion"},{"floor":16.0,"key":"AttackPotion"},{"floor":18.0,"key":"Explosive Potion"},{"floor":29.0,"key":"Fire Potion"},{"floor":31.0,"key":"ColorlessPotion"},{"floor":36.0,"key":"RedTea"},{"floor":38,"key":"PowerPotion"},{"floor":48,"key":"SpeedPotion"}],"is_trial":false,"path_per_floor":["M","?","$","?","?","E","E","R","T","E","?","E","$","?","R","B",null,"M","?","$","T","COS","E","?","E","T","R","?","M","?","M","R","B",null,"M","M","T","M","?","R","?","R","T","COS","?","R","T","M","R","B",null,"R","??","M"],"character_chosen":"THE_ANIMATOR","items_purchased":["animator:Patchouli","animator:NarberalGamma","animator:Shizu"],"campfire_rested":4,"item_purchase_floors":[3,13,20],"current_hp_per_floor":[59,73,73,80,72,69,69,69,66,55,55,43,43,43,43,22,54,45,45,45,45,45,18,18,18,18,36,36,36,36,24,42,17,51,35,18,18,7,7,26,26,45,45,45,45,45,45,50,50,28,54,54,98,0,0],"gold":520,"neow_bonus":"THREE_ENEMY_KILL","is_daily":false,"chose_seed":false,"campfire_upgraded":4,"win_rate":0.0,"timestamp":1612964268,"path_taken":["M","?","$","?","?","E","E","R","T","E","?","E","$","?","R","BOSS","M","?","$","?","COS","E","?","E","T","R","?","M","?","M","R","BOSS","M","M","?","M","?","R","?","R","T","COS","?","R","?","M","R","BOSS","R","??","M"],"items_purchased_type":["Card","Card","Card"],"build_version":"2020-12-22","purchased_purges":2,"victory":false,"max_hp_per_floor":[66,80,80,80,72,69,69,69,66,67,67,67,64,64,64,64,64,64,64,64,61,61,61,61,62,62,62,62,62,62,62,62,62,62,62,64,64,64,64,64,64,64,64,61,61,61,61,62,62,62,62,62,98,98,98],"card_choices":[{"not_picked":["animator:Demiurge","animator:Vesta"],"picked":"animator:Tatsumaki","floor":1.0},{"not_picked":["animator:HiiragiShinya","animator:Millim"],"picked":"animator:DolaSchwi","floor":6.0},{"not_picked":["animator:Arpeggio","animator:FielNirvalen"],"picked":"animator:LeleiLaLalena","floor":7.0},{"not_picked":["animator:Tatsumaki","animator:Melzalgald"],"picked":"animator:Geryuganshoop","floor":10.0},{"not_picked":["animator:Tet","animator:Yuuichirou"],"picked":"animator:KrulTepes","floor":12.0},{"not_picked":["animator:ItamiYouji","animator:Sora"],"picked":"animator:Wiz","floor":16.0},{"not_picked":["animator:TukaLunaMarceau","animator:Vanir","animator:Yoichi"],"picked":"SKIP","floor":18.0},{"not_picked":["animator:Souei","animator:Kuribayashi+1"],"picked":"animator:SilverFang+1","floor":23.0},{"not_picked":["animator:Tatsumaki","animator:SilverFang"],"picked":"animator:MumenRider","floor":25.0},{"not_picked":["animator:Kuribayashi+1","animator:Mitsurugi"],"picked":"animator:Hakurou","floor":29.0},{"not_picked":["animator:Shinoa","animator:Benimaru"],"picked":"animator:Saitama","floor":31.0},{"not_picked":["animator:Albedo","animator:Wiz"],"picked":"animator:FeridBathory","floor":33.0},{"not_picked":["animator:GazelDwargon+1","animator:Aqua+1"],"picked":"animator:Arpeggio+1","floor":35.0},{"not_picked":["animator:Melzalgald","animator:Tatsumaki"],"picked":"animator:Sonic","floor":36.0},{"not_picked":["animator:HiiragiShinya","animator:MumenRider"],"picked":"animator:TukaLunaMarceau","floor":38},{"not_picked":["animator:Shigure+1","animator:DolaStephanie+1"],"picked":"animator:Benimaru+1","floor":48},{"not_picked":["animator:Millim+1","animator:HiiragiShinya+1"],"picked":"animator:Vesta+1","floor":48}],"player_experience":383699,"relics_obtained":[{"floor":6.0,"key":"Juzu Bracelet"},{"floor":7.0,"key":"Happy Flower"},{"floor":10.0,"key":"Tiny Chest"},{"floor":12.0,"key":"Oddly Smooth Stone"},{"floor":21.0,"key":"Champion Belt"},{"floor":23.0,"key":"HornCleat"},{"floor":25.0,"key":"Mastiff:ReiMu"},{"floor":26.0,"key":"Bronze Scales"},{"floor":37.0,"key":"Ancient Tea Set"},{"floor":43,"key":"Molten Egg 2"},{"floor":47,"key":"HoshigumaDish"},{"floor":53,"key":"animator:TheWolleyCore"}],"event_choices":[],"is_beta":false,"boss_relics":[{"not_picked":["RedLine:ReiMu","Fusion Hammer"],"picked":"animator:CursedBlade"},{"not_picked":["Astrolabe","Velvet Choker"],"picked":"Philosopher\u0027s Stone"}],"items_purged_floors":[3,13],"is_endless":false,"potions_floor_spawned":[6,16,18,29,31,36,38,48],"killed_by":"animator:TRIPLE_SHAPES_WEAK","ascension_level":6}}