{"host":"3po7ngt2j61s4rmj","time":1612983093,"event":{"mods":["Act Like it!","BaseMod","Elementarium","Minty Spire (QoL Compilation)","Relic Stats","Shade Mod","StSLib","The Cursed"],"gold_per_floor":[115,290,12,30,30,60,60,10,35,60,60,78,103,123,123,221,284,304,304,318,318,338,379,379,422,422,446,446,459,459,459,459,459,459],"floor_reached":33,"language":"ENG","playtime":1796,"items_purged":["Shade:Strike_Shade"],"score":544,"play_id":"e59e8122-e06f-4698-8879-0c584ab6a67a","local_time":"20210210115133","is_ascension_mode":true,"campfire_choices":[{"data":"Shade:Bonestorm","floor":7,"key":"SMITH"},{"floor":15,"key":"REST"},{"floor":24,"key":"REST"},{"data":"Shade:LoseControl","floor":28,"key":"SMITH"},{"data":"Shade:PotionOfRestlessness","floor":30,"key":"SMITH"},{"floor":32,"key":"REST"}],"circlet_count":0,"master_deck":["AscendersBane","Shade:Strike_Shade","Shade:Strike_Shade+1","Shade:Strike_Shade","Shade:Defend_Shade","Shade:Defend_Shade","Shade:Defend_Shade","Shade:Defend_Shade+1","Shade:AnimateDead","Shade:CarefulCut","Shade:Bonestorm+1","Shade:PotionOfRestlessness+1","Shade:ClawBack","Shade:FingerOfDeath+1","Shade:Carnophage","Shade:PotionOfRestlessness","Injury","Shade:PotionOfRestlessness","Shade:LoseControl","Shade:SensePrey","Shade:SensePrey+1","Shade:LoseControl+1","Shade:Putrefaction+1","Shade:AblativeArmor+1","Shade:Frenzy+1"],"relics":["Shade:YorickSkull","NeowsBlessing","Mercury Hourglass","Orichalcum","Akabeko","Golden Idol","Tiny House","Toy Ornithopter","Potion Belt","Meat on the Bone"],"acts_visited":["Exordium","TheCity"],"potions_floor_usage":[10,16,16,18,23,23,25,27],"damage_taken":[{"damage":0,"enemies":"Small Slimes","floor":1,"turns":1},{"damage":0,"enemies":"Jaw Worm","floor":4,"turns":1},{"damage":0,"enemies":"3 Sentries","floor":6,"turns":1},{"damage":18,"enemies":"Lagavulin","floor":10,"turns":4},{"damage":0,"enemies":"Cultist","floor":12,"turns":2},{"damage":6,"enemies":"Large Slime","floor":13,"turns":3},{"damage":1,"enemies":"Looter","floor":14,"turns":2},{"damage":9,"enemies":"The Guardian","floor":16,"turns":8},{"damage":12,"enemies":"2 Thieves","floor":18,"turns":3},{"damage":0,"enemies":"Chosen","floor":20,"turns":3},{"damage":18,"enemies":"Snecko","floor":22,"turns":5},{"damage":12,"enemies":"Slavers","floor":23,"turns":3},{"damage":14,"enemies":"Gremlin Leader","floor":25,"turns":5},{"damage":0,"enemies":"3 Cultists","floor":27,"turns":3},{"damage":18,"enemies":"Snake Plant","floor":29,"turns":3},{"damage":48,"enemies":"Automaton","floor":33,"turns":6}],"seed_played":"3287346804764753464","potions_obtained":[{"floor":1,"key":"Energy Potion"},{"floor":13,"key":"Regen Potion"},{"floor":16,"key":"LiquidBronze"},{"floor":17,"key":"Fruit Juice"},{"floor":18,"key":"CultistPotion"},{"floor":23,"key":"Dexterity Potion"},{"floor":25,"key":"SneckoOil"}],"is_trial":false,"path_per_floor":["M","?","$","M","?","E","R","?","T","E","?","M","M","M","R","B",null,"M","?","M","?","M","E","R","E","T","M","R","M","R","?","R","B"],"character_chosen":"SHADE","items_purchased":["Shade:PotionOfRestlessness","Shade:ClawBack","Shade:FingerOfDeath","AttackPotion"],"campfire_rested":3,"item_purchase_floors":[3,3,3,3],"current_hp_per_floor":[50,50,50,50,39,39,39,39,39,21,21,21,15,14,30,36,55,43,43,43,43,25,18,37,28,28,33,33,27,27,27,46,0,0],"gold":459,"neow_bonus":"THREE_ENEMY_KILL","is_daily":false,"chose_seed":false,"campfire_upgraded":3,"win_rate":0.0,"timestamp":1612983093,"path_taken":["M","?","$","M","?","E","R","?","T","E","?","?","M","M","R","BOSS","M","?","M","?","M","E","R","E","T","?","R","M","R","?","R","BOSS"],"items_purchased_type":["Card","Card","Card","Potion"],"build_version":"2020-12-22","purchased_purges":1,"victory":false,"max_hp_per_floor":[55,55,55,55,55,55,55,55,55,55,55,55,55,55,55,55,60,60,60,60,60,60,65,65,65,65,65,65,65,65,65,65,65,65],"relic_stats":{"counters":[16,53],"Golden Idol":82,"Orichalcum":[192],"obtain_stats":[{"Potion Belt":25,"Tiny House":17,"NeowsBlessing":0,"Shade:YorickSkull":0,"Golden Idol":11,"Orichalcum":9,"Akabeko":10,"Toy Ornithopter":23,"Mercury Hourglass":6,"Meat on the Bone":26},{"Potion Belt":13,"Tiny House":8,"NeowsBlessing":0,"Shade:YorickSkull":0,"Golden Idol":4,"Orichalcum":3,"Akabeko":4,"Toy Ornithopter":12,"Mercury Hourglass":3,"Meat on the Bone":13},{"Potion Belt":41,"Tiny House":22,"NeowsBlessing":0,"Shade:YorickSkull":0,"Golden Idol":7,"Orichalcum":3,"Akabeko":7,"Toy Ornithopter":36,"Mercury Hourglass":3,"Meat on the Bone":41}],"Toy Ornithopter":10,"Mercury Hourglass":[213],"Meat on the Bone":12},"card_choices":[{"not_picked":["Shade:Premonition","Shade:SensePrey"],"picked":"Shade:Bonestorm","floor":1},{"not_picked":["Shade:CommandSoldier","Shade:Premonition","Shade:FleshToFlesh"],"picked":"SKIP","floor":4},{"not_picked":["Shade:Frenzy","Shade:ExtraLimbs"],"picked":"Shade:Carnophage","floor":6},{"not_picked":["Shade:Awaken","Shade:FuneraryJewels"],"picked":"Shade:PotionOfRestlessness","floor":10},{"not_picked":["Shade:CommandSoldier","Shade:Premonition"],"picked":"Shade:PotionOfRestlessness","floor":12},{"not_picked":["Shade:RavenousHorde","Shade:SoulPierce","Shade:Trample"],"picked":"SKIP","floor":13},{"not_picked":["Shade:SanguineRitual","Shade:AncientSpear","Shade:BoneShards"],"picked":"SKIP","floor":14},{"not_picked":["Shade:SelfBurial","Shade:OneIsEnough"],"picked":"Shade:LoseControl","floor":16},{"not_picked":["Shade:BoneShards","Shade:Brains"],"picked":"Shade:SensePrey","floor":17},{"not_picked":["Shade:Frenzy+1","Shade:CommandSoldier+1"],"picked":"Shade:SensePrey+1","floor":18},{"not_picked":["Shade:FreshBones","Shade:Bonestorm"],"picked":"Shade:Putrefaction","floor":20},{"not_picked":["Shade:FingerOfDeath","Shade:FuneraryArmor","Shade:GreyBargain"],"picked":"SKIP","floor":22},{"not_picked":["Shade:BoneShards","Shade:Tombstone","Shade:ScuttlingHand"],"picked":"SKIP","floor":23},{"not_picked":["Shade:GreyBargain","Shade:SkeletonHug+1","Shade:FeralStrike"],"picked":"SKIP","floor":25},{"not_picked":["Shade:ClawBack","Shade:Brains"],"picked":"Shade:AblativeArmor+1","floor":27},{"not_picked":["Shade:Haruspicy","Shade:GraveStillness"],"picked":"Shade:Frenzy+1","floor":29}],"player_experience":1098188,"relics_obtained":[{"floor":6,"key":"Mercury Hourglass"},{"floor":9,"key":"Orichalcum"},{"floor":10,"key":"Akabeko"},{"floor":23,"key":"Toy Ornithopter"},{"floor":25,"key":"Potion Belt"},{"floor":26,"key":"Meat on the Bone"}],"event_choices":[{"damage_healed":0,"gold_gain":175,"player_choice":"AGREE","damage_taken":0,"max_hp_gain":0,"max_hp_loss":0,"event_name":"Liars Game","floor":2,"gold_loss":0,"cards_obtained":["Doubt"]},{"damage_healed":0,"gold_gain":0,"player_choice":"Entered Light","damage_taken":11,"max_hp_gain":0,"max_hp_loss":0,"event_name":"Shining Light","floor":5,"gold_loss":0,"cards_upgraded":["Shade:Strike_Shade","Shade:Defend_Shade"]},{"cards_removed":["Doubt"],"damage_healed":0,"gold_gain":0,"player_choice":"Card Removal","damage_taken":0,"max_hp_gain":0,"max_hp_loss":0,"event_name":"The Cleric","floor":8,"gold_loss":50},{"damage_healed":0,"gold_gain":0,"player_choice":"Take Wound","damage_taken":0,"relics_obtained":["Golden Idol"],"max_hp_gain":0,"max_hp_loss":0,"event_name":"Golden Idol","floor":11,"gold_loss":0,"cards_obtained":["Injury"]},{"damage_healed":0,"gold_gain":0,"player_choice":"Read","damage_taken":0,"max_hp_gain":0,"max_hp_loss":0,"event_name":"The Library","floor":19,"gold_loss":0,"cards_obtained":["Shade:LoseControl"]},{"damage_healed":0,"gold_gain":0,"player_choice":"Upgraded","damage_taken":0,"max_hp_gain":0,"max_hp_loss":0,"event_name":"Upgrade Shrine","floor":21,"gold_loss":0,"cards_upgraded":["Shade:Putrefaction"]},{"damage_healed":0,"gold_gain":0,"player_choice":"Ignored","damage_taken":0,"max_hp_gain":0,"max_hp_loss":0,"event_name":"Vampires","floor":31,"gold_loss":0}],"is_beta":false,"boss_relics":[{"not_picked":["Runic Pyramid","Sozu"],"picked":"Tiny House"}],"items_purged_floors":[3],"is_endless":false,"potions_floor_spawned":[1,6,13,14,16,18,23,25],"killed_by":"Automaton","ascension_level":14}}