{"host":"a3oe3gstxz77c7qu","time":1612999114,"event":{"mods":["2.2 Compatiblity","Act Like it!","Astrologer","BaseMod","Bestiary","Better Altar","Better Match","Better Note","Better Skull","Better Third Choice","Block Reminder","Curses Come First","Custom Start","Dark Map","Downfall","Friendly Minions","GifTheSpireLib","Hallownest","Hermit","Jorbs\u0027s Wanderer Trilogy","Lobotomy","LobotomyExtend","Marisa????????","Minty Spire (QoL Compilation)","Permanent Neow","Quick Restart","Relic Filter Mod","Relic Stats","Reliquary","Replay The Spire","Smile Girya","Spire Arcade","StSLib","The Bug Knight","The Cursed","The Disciple","The Jungle","Uncapped","Unknown Chances","Wandering Minibosses"],"gold_per_floor":[117,133,190,190,190,190,220,220,220,220,255,255,255,270,280,290,290,389,389,399,113,38,54,67,94,105,118,142,142,171,188,188,220,220,323,373,373,373],"floor_reached":37,"language":"ENG","playtime":1960,"items_purged":["astrologer:Strike"],"score":529,"play_id":"51831f47-f1a9-49e1-9888-384cd63e4472","local_time":"20210210231833","is_ascension_mode":true,"campfire_choices":[{"data":"astrologer:Conjunction","floor":6,"key":"SMITH"},{"data":"astrologer:StarOfRegret","floor":10,"key":"SMITH"},{"data":"astrologer:ShiningStar","floor":17,"key":"SMITH"},{"data":"astrologer:MeteorShower","floor":32,"key":"SMITH"}],"circlet_count":0,"master_deck":["astrologer:Strike","astrologer:Strike","astrologer:Defend","astrologer:Defend","astrologer:Defend+1","astrologer:Defend","astrologer:NorthStar+1","astrologer:TheFool+1","astrologer:MeteorShower+1","Scorched","astrologer:Conjunction+1","UniverseFragment","astrologer:StarOfRegret+1","astrologer:ShiningStar+1","astrologer:Nova+1","QueenOfHatred","astrologer:Strength+1","BlueStar"],"relics":["astrologer:SkyMirror","CogitoBucket","RabbitCall","LetterFromLob","sneckomod:BlankCard","Strawberry","reliquary:Buckler","reliquary:WeakTea","Quantum Egg","TreeSap","Replay:Bronze Core","Juzu Bracelet","Mercury Hourglass","ChangeAnything","reliquary:SilkGlove","Nloth\u0027s Gift","Happy Flower","Question Card","Tiny House"],"acts_visited":["Exordium","TheCity","TheBeyond"],"potions_floor_usage":[18,23,31,33,37],"damage_taken":[{"damage":0,"enemies":"Jaw Worm","floor":1,"turns":3},{"damage":0,"enemies":"2 Louse","floor":2,"turns":2},{"damage":0,"enemies":"3 Sentries","floor":7,"turns":3},{"damage":26,"enemies":"Lagavulin","floor":11,"turns":6},{"damage":0,"enemies":"Cultist","floor":14,"turns":3},{"damage":0,"enemies":"Blue Slaver","floor":16,"turns":2},{"damage":25,"enemies":"Hexaghost","floor":18,"turns":10},{"damage":13,"enemies":"2 Thieves","floor":20,"turns":3},{"damage":6,"enemies":"Spheric Guardian","floor":23,"turns":5},{"damage":28,"enemies":"Snake Plant","floor":24,"turns":5},{"damage":31,"enemies":"Gremlin Leader","floor":25,"turns":6},{"damage":3,"enemies":"3 Cultists","floor":26,"turns":3},{"damage":1,"enemies":"Centurion and Healer","floor":27,"turns":6},{"damage":60,"enemies":"Book of Stabbing","floor":30,"turns":6},{"damage":50,"enemies":"Snake Plant","floor":31,"turns":5},{"damage":17,"enemies":"HollowMod:Nosk","floor":33,"turns":6},{"damage":78,"enemies":"Champ","floor":35,"turns":11},{"damage":28,"enemies":"3 Shapes","floor":37,"turns":2}],"seed_played":"1977266857701983006","potions_obtained":[{"floor":3,"key":"Weak Potion"},{"floor":3,"key":"Reflective Coating"},{"floor":11,"key":"Fire Potion"},{"floor":14,"key":"PowerPotion"},{"floor":23,"key":"PowerPotion"},{"floor":30,"key":"Swift Potion"},{"floor":31,"key":"Swift Potion"},{"floor":36,"key":"Swift Potion"}],"is_trial":false,"path_per_floor":["M","M","?","?","T","R","E","T","T","R","E","PTL","PTL","M","?","M","R","B",null,"M","$","?","M","M","E","M","M","T","?","E","M","R","E","R","B",null,"M"],"character_chosen":"ASTROLOGER","items_purchased":["Juzu Bracelet","astrologer:Strength+1"],"campfire_rested":0,"item_purchase_floors":[21,21],"current_hp_per_floor":[70,70,42,47,54,54,54,54,54,54,28,28,28,28,28,28,28,3,82,75,75,75,78,56,34,31,45,45,45,3,52,52,38,52,28,42,0,0],"gold":373,"neow_bonus":"","is_daily":false,"chose_seed":false,"campfire_upgraded":4,"win_rate":0.0,"timestamp":1612999113,"path_taken":["M","M","?","?","?","R","E","?","T","R","E","PTL","PTL","?","?","M","R","BOSS","M","$","?","M","M","E","M","M","T","?","E","M","R","E","R","BOSS","M"],"items_purchased_type":["Relic","Card"],"build_version":"2020-12-22","purchased_purges":1,"victory":false,"max_hp_per_floor":[70,70,70,75,82,82,82,82,82,82,82,82,82,82,82,82,82,82,82,82,82,82,82,82,82,82,82,82,82,82,52,52,52,52,37,42,27,27],"relic_stats":{"Happy Flower":[8],"counters":[21,90],"Juzu Bracelet":1,"Nloth\u0027s Gift":3,"Question Card":6,"obtain_stats":[{"RabbitCall":0,"reliquary:SilkGlove":28,"Tiny House":36,"Happy Flower":30,"sneckomod:BlankCard":3,"Quantum Egg":11,"Juzu Bracelet":21,"reliquary:WeakTea":8,"Question Card":33,"Mercury Hourglass":25,"CogitoBucket":0,"Bottled Flame":9,"Strawberry":5,"TreeSap":16,"Replay:Bronze Core":19,"reliquary:Buckler":7,"astrologer:SkyMirror":0,"LetterFromLob":1,"Nloth\u0027s Gift":29,"ChangeAnything":26},{"RabbitCall":0,"reliquary:SilkGlove":15,"Tiny House":19,"Happy Flower":16,"sneckomod:BlankCard":2,"Quantum Egg":4,"Juzu Bracelet":9,"reliquary:WeakTea":3,"Question Card":18,"Mercury Hourglass":12,"CogitoBucket":0,"Bottled Flame":3,"Strawberry":2,"TreeSap":7,"Replay:Bronze Core":8,"reliquary:Buckler":3,"astrologer:SkyMirror":0,"LetterFromLob":1,"Nloth\u0027s Gift":15,"ChangeAnything":14},{"RabbitCall":0,"reliquary:SilkGlove":59,"Tiny House":87,"Happy Flower":65,"sneckomod:BlankCard":5,"Quantum Egg":14,"Juzu Bracelet":33,"reliquary:WeakTea":8,"Question Card":76,"Mercury Hourglass":49,"CogitoBucket":0,"Bottled Flame":8,"Strawberry":5,"TreeSap":20,"Replay:Bronze Core":30,"reliquary:Buckler":8,"astrologer:SkyMirror":0,"LetterFromLob":3,"Nloth\u0027s Gift":59,"ChangeAnything":53}],"Mercury Hourglass":[180]},"card_choices":[{"not_picked":["astrologer:TheMoon","astrologer:FrozenStar"],"picked":"astrologer:MeteorShower","floor":1},{"not_picked":["CrumblingArmor","BeautyBeast"],"picked":"Scorched","floor":1},{"not_picked":["astrologer:Sunrise","astrologer:ReadTheStars"],"picked":"astrologer:Conjunction","floor":2},{"not_picked":["NothingThere","NakedNest","DreamingCurrent"],"picked":"Singing Bowl","floor":2},{"not_picked":["Murderer","OldLady"],"picked":"UniverseFragment","floor":2},{"not_picked":["astrologer:FrozenStar","astrologer:ReadTheStars"],"picked":"astrologer:StarOfRegret","floor":3},{"not_picked":["BlackSwan","Wellcheers","GreedKing"],"picked":"Singing Bowl","floor":7},{"not_picked":["astrologer:TheSun","astrologer:Eclipse","astrologer:SolarFlare"],"picked":"SKIP","floor":7},{"not_picked":["astrologer:Quincunx","astrologer:WheelofFortune"],"picked":"astrologer:ShiningStar","floor":11},{"not_picked":["Rudolta","WallGazer","OSAHOGD"],"picked":"Singing Bowl","floor":11},{"not_picked":["GalaxyChild","LittlePrince","Variant"],"picked":"Singing Bowl","floor":14},{"not_picked":["astrologer:Quincunx","astrologer:Opposition","astrologer:CometStrike"],"picked":"SKIP","floor":14},{"not_picked":["NakedNest","CherryBlossoms","CrumblingArmor"],"picked":"Singing Bowl","floor":16},{"not_picked":["astrologer:Premeditation","astrologer:Novile","astrologer:RejectReality"],"picked":"SKIP","floor":16},{"not_picked":["astrologer:TheChariot","astrologer:BlackHole"],"picked":"astrologer:Nova","floor":18},{"not_picked":["Wellcheers","SnowQueen","Porccubus"],"picked":"Singing Bowl","floor":18},{"not_picked":["Laetitia","Wellcheers"],"picked":"QueenOfHatred","floor":18},{"not_picked":["WallGazer","Wellcheers","FieryBird"],"picked":"Singing Bowl","floor":20},{"not_picked":["astrologer:CometStrike","astrologer:MeteorShower+1","astrologer:ReadTheStars+1"],"picked":"SKIP","floor":20},{"not_picked":["GalaxyChild","Funeral","FairyFestival"],"picked":"Singing Bowl","floor":23},{"not_picked":["astrologer:Radiance","astrologer:Opposition","astrologer:Stardust+1"],"picked":"SKIP","floor":23},{"not_picked":["Scarecrow","Porccubus","CherryBlossoms"],"picked":"Singing Bowl","floor":24},{"not_picked":["astrologer:Moonlight+1","astrologer:TheLovers","astrologer:Eclipse"],"picked":"SKIP","floor":24},{"not_picked":["CrumblingArmor","OldLady","WhitesApple"],"picked":"Singing Bowl","floor":25},{"not_picked":["astrologer:Still","astrologer:StarOfRegret","astrologer:Eclipse"],"picked":"SKIP","floor":25},{"not_picked":["OldLady","BeautyBeast","BlackSwan"],"picked":"Singing Bowl","floor":26},{"not_picked":["astrologer:LonelyStar+1","astrologer:SpaceDust","astrologer:MeteorShower"],"picked":"SKIP","floor":26},{"not_picked":["Scarecrow","ShyLook","Wellcheers"],"picked":"Singing Bowl","floor":27},{"not_picked":["astrologer:Observe","astrologer:Opposition+1","astrologer:GlassStar"],"picked":"SKIP","floor":27},{"not_picked":["SnowQueen","WallGazer","MeatLantern"],"picked":"Singing Bowl","floor":30},{"not_picked":["SilentOrchestra","MeltingLove"],"picked":"BlueStar","floor":30},{"not_picked":["astrologer:TheSun","astrologer:ReadTheStars","astrologer:Conjunction+1"],"picked":"SKIP","floor":30},{"not_picked":["BigBadWolf","HeroicMonk","LaLuna"],"picked":"Singing Bowl","floor":31},{"not_picked":["astrologer:Conjunction","astrologer:TheDevil","astrologer:Premeditation"],"picked":"SKIP","floor":31},{"not_picked":["DreamingCurrent","Scarecrow","Alriune"],"picked":"Singing Bowl","floor":33},{"not_picked":["astrologer:Opposition+1","astrologer:ReadTheStars","astrologer:Shine"],"picked":"SKIP","floor":33},{"not_picked":["DespairKnight","LaLuna","LongBird"],"picked":"Singing Bowl","floor":35}],"player_experience":1153834,"relics_obtained":[{"floor":1,"key":"LetterFromLob"},{"floor":3,"key":"sneckomod:BlankCard"},{"floor":5,"key":"Strawberry"},{"floor":7,"key":"reliquary:Buckler"},{"floor":8,"key":"reliquary:WeakTea"},{"floor":9,"key":"Bottled Flame"},{"floor":11,"key":"Quantum Egg"},{"floor":25,"key":"Mercury Hourglass"},{"floor":28,"key":"reliquary:SilkGlove"},{"floor":30,"key":"Happy Flower"},{"floor":33,"key":"Question Card"}],"event_choices":[{"damage_healed":0,"gold_gain":0,"player_choice":"Donut","damage_taken":0,"max_hp_gain":5,"max_hp_loss":0,"event_name":"Big Fish","floor":4,"gold_loss":0},{"cards_removed":["astrologer:Strike"],"damage_healed":0,"gold_gain":0,"player_choice":"Gave Gold","damage_taken":0,"max_hp_gain":0,"max_hp_loss":0,"event_name":"Beggar","floor":22,"gold_loss":75},{"damage_healed":0,"gold_gain":0,"player_choice":"Traded Relic","damage_taken":0,"relics_obtained":["Nloth\u0027s Gift"],"max_hp_gain":0,"max_hp_loss":0,"event_name":"N\u0027loth","floor":29,"relics_lost":["Bottled Flame"],"gold_loss":0}],"is_beta":false,"boss_relics":[{"not_picked":["SlaversCollar","Kintsugi"],"picked":"Replay:Bronze Core"},{"not_picked":["Runic Pyramid","Replay:Grab Bag"],"picked":"Tiny House"}],"items_purged_floors":[21],"is_endless":false,"potions_floor_spawned":[11,14,16,23,30,31],"killed_by":"3 Shapes","ascension_level":3}}