{"host":"2wp95sdfrgw3k439","time":1612975402,"event":{"mods":["BaseMod","Better Altar","Better Skull","Better Third Choice","Curses Come First","Minty Spire (QoL Compilation)","Permanent Neow","StSLib"],"gold_per_floor":[111,111,111,121,139,139,139,174,174,189,199,44,55,72,72,72,72],"floor_reached":16,"language":"ENG","playtime":386,"items_purged":[],"score":151,"play_id":"a30b4f4c-d1c6-4725-8894-7a24ad40cd6d","local_time":"20210210094322","is_ascension_mode":true,"campfire_choices":[{"data":"Defragment","floor":6,"key":"SMITH"},{"floor":15,"key":"REST"}],"circlet_count":0,"master_deck":["Strike_B","Strike_B","Strike_B","Defend_B","Defend_B","Defend_B","Defend_B","Zap","Dualcast","Doom and Gloom","Steam","Sweeping Beam","Defragment+1","Lockon","Beam Cell","Echo Form","Self Repair","Conserve Battery"],"relics":["Cracked Core","Nunchaku","Eternal Feather","Omamori","InkBottle","Boot"],"acts_visited":["Exordium"],"potions_floor_usage":[13,13,16],"damage_taken":[{"damage":0,"enemies":"Small Slimes","floor":1,"turns":3},{"damage":23,"enemies":"Jaw Worm","floor":4,"turns":4},{"damage":1,"enemies":"Cultist","floor":5,"turns":3},{"damage":19,"enemies":"Lagavulin","floor":8,"turns":4},{"damage":0,"enemies":"Large Slime","floor":10,"turns":4},{"damage":11,"enemies":"Gremlin Gang","floor":11,"turns":3},{"damage":8,"enemies":"Exordium Thugs","floor":13,"turns":3},{"damage":2,"enemies":"Blue Slaver","floor":14,"turns":2},{"damage":43,"enemies":"The Guardian","floor":16,"turns":9}],"seed_played":"-6968243434045367129","potions_obtained":[{"floor":1,"key":"FearPotion"},{"floor":8,"key":"EssenceOfSteel"},{"floor":10,"key":"BlessingOfTheForge"},{"floor":13,"key":"PotionOfCapacity"}],"is_trial":false,"path_per_floor":["M","?","T","M","M","R","?","E","T","M","M","$","M","M","R","B"],"character_chosen":"DEFECT","items_purchased":["Boot"],"campfire_rested":1,"item_purchase_floors":[12],"current_hp_per_floor":[68,68,68,45,44,50,43,24,24,24,13,13,5,10,41,0,0],"gold":72,"neow_bonus":"RANDOM_COMMON_RELIC","is_daily":false,"chose_seed":false,"campfire_upgraded":1,"win_rate":0.0,"timestamp":1612975402,"path_taken":["M","?","?","M","M","R","?","E","T","?","M","$","M","M","R","BOSS"],"items_purchased_type":["Relic"],"build_version":"2020-12-22","purchased_purges":0,"victory":false,"max_hp_per_floor":[75,75,75,75,75,75,75,75,75,75,75,75,75,75,75,75,75],"card_choices":[{"not_picked":["Hologram","Redo"],"picked":"Doom and Gloom","floor":1},{"not_picked":["Chill","Cold Snap"],"picked":"Sweeping Beam","floor":4},{"not_picked":["FTL","Blizzard"],"picked":"Defragment","floor":5},{"not_picked":["Steam","Capacitor"],"picked":"Lockon","floor":8},{"not_picked":["Turbo","Leap"],"picked":"Beam Cell","floor":10},{"not_picked":["Blizzard","Rebound"],"picked":"Echo Form","floor":11},{"not_picked":["Sweeping Beam","Barrage"],"picked":"Self Repair","floor":13},{"not_picked":["Sweeping Beam","Beam Cell"],"picked":"Conserve Battery","floor":14}],"player_experience":575172,"relics_obtained":[{"floor":3,"key":"Eternal Feather"},{"floor":8,"key":"Omamori"},{"floor":9,"key":"InkBottle"}],"event_choices":[{"damage_healed":0,"gold_gain":0,"cards_transformed":["Strike_B"],"player_choice":"Change","damage_taken":0,"max_hp_gain":0,"max_hp_loss":0,"event_name":"Living Wall","floor":2,"gold_loss":0,"cards_obtained":["Steam"]},{"damage_healed":0,"gold_gain":0,"player_choice":"Damaged","damage_taken":7,"max_hp_gain":0,"max_hp_loss":0,"event_name":"Wheel of Change","floor":7,"gold_loss":0}],"is_beta":false,"boss_relics":[],"items_purged_floors":[],"is_endless":false,"potions_floor_spawned":[1,8,10,11,13],"killed_by":"The Guardian","ascension_level":9}}