{"host":"nxma0dbhh74lxenq","time":1612927870,"event":{"mods":["Astrologer","BaseMod","Beaked The Cultist","CapriCore","Colored Map","DeckTracker","Gremlin Mod","Highlight Path","HololiveMod","Koishi","Mad Scientist","Minty Spire (QoL Compilation)","StSLib","SuperFastMode","The Bladedancer","The Cursed","The Immortal","The Mystic","YoumuÅiç∞ÈÆódöÎÅj"],"gold_per_floor":[109,127,127,127,85,117,132,132,155,167,179,221,252,283,295,307,307],"floor_reached":16,"language":"JPN","playtime":510,"items_purged":[],"score":236,"play_id":"ea20d4dd-c83a-40d9-8300-f17664fcf991","local_time":"20210210123110","is_ascension_mode":true,"campfire_choices":[{"data":"Koishi:PredatoryInstincts","floor":8,"key":"SMITH"},{"floor":11,"key":"REST"},{"data":"Koishi:Provoke","floor":15,"key":"SMITH"}],"circlet_count":0,"master_deck":["AscendersBane","Koishi:BasicStrike","Koishi:BasicStrike","Koishi:BasicStrike","Koishi:BasicStrike","Koishi:BasicDefend","Koishi:BasicDefend+1","Koishi:BasicDefend","Koishi:BasicDefend+1","Koishi:Provoke+1","Koishi:HauntingSlash","Koishi:PredatoryInstincts+1","Koishi:BloodcurdlingScream","Koishi:GeneticsOfTheUnconscious","Koishi:PhantomBarrier","Koishi:CatchAndRose","Koishi:Ego","Koishi:YoukaiPolygraph"],"relics":["Koishi:ImaginaryFriend","NeowsBlessing","Ancient Tea Set","Mango","MawBank","Anchor"],"acts_visited":["Exordium"],"potions_floor_usage":[12,14],"damage_taken":[{"damage":0,"enemies":"Cultist","floor":1,"turns":1},{"damage":0,"enemies":"Jaw Worm","floor":2,"turns":1},{"damage":0,"enemies":"Lagavulin","floor":6,"turns":2},{"damage":6,"enemies":"Small Slimes","floor":7,"turns":4},{"damage":31,"enemies":"3 Sentries","floor":12,"turns":11},{"damage":0,"enemies":"2 Fungi Beasts","floor":13,"turns":2},{"damage":23,"enemies":"Gremlin Gang","floor":14,"turns":5},{"damage":57,"enemies":"Hexaghost","floor":16,"turns":11}],"seed_played":"1023483681854144458","potions_obtained":[{"floor":1,"key":"Regen Potion"},{"floor":2,"key":"Energy Potion"},{"floor":12,"key":"Strength Potion"}],"is_trial":false,"path_per_floor":["M","M","?","?","?","E","M","R","T","$","R","E","M","M","R","B"],"character_chosen":"KOISHI","items_purchased":[],"campfire_rested":1,"item_purchase_floors":[],"current_hp_per_floor":[51,51,25,8,8,27,27,27,27,27,48,39,51,52,52,0,0],"gold":307,"neow_bonus":"THREE_ENEMY_KILL","is_daily":false,"chose_seed":false,"campfire_upgraded":2,"win_rate":0.0,"timestamp":1612927870,"path_taken":["M","?","?","?","?","E","M","R","T","$","R","E","M","M","R","BOSS"],"items_purchased_type":[],"build_version":"2020-12-22","purchased_purges":0,"victory":false,"max_hp_per_floor":[57,57,57,57,57,71,71,71,71,71,71,71,71,71,71,71,71],"card_choices":[{"not_picked":["Koishi:FreudianInstinct","Koishi:PhilosophyOfTheDespised"],"picked":"Koishi:PredatoryInstincts","floor":1},{"not_picked":["Koishi:SubterraneanRose","Koishi:JumpScare"],"picked":"Koishi:BloodcurdlingScream","floor":2},{"not_picked":["Koishi:IdleWhim","Koishi:FidgetySnatcher"],"picked":"Koishi:GeneticsOfTheUnconscious","floor":6},{"not_picked":["Koishi:Whimsy","Koishi:EmbryosDream"],"picked":"Koishi:PhantomBarrier","floor":7},{"not_picked":["Koishi:FleetingPhantom","Koishi:PhantomStrike"],"picked":"Koishi:CatchAndRose","floor":12},{"not_picked":["Koishi:DreadfulBlow","Koishi:LastRemote"],"picked":"Koishi:Ego","floor":13},{"not_picked":["Koishi:JumpScare","Koishi:CatchAndRose"],"picked":"Koishi:YoukaiPolygraph","floor":14}],"player_experience":573783,"relics_obtained":[{"floor":6,"key":"Mango"},{"floor":9,"key":"MawBank"},{"floor":12,"key":"Anchor"}],"event_choices":[{"damage_healed":0,"gold_gain":0,"player_choice":"Success","damage_taken":26,"relics_obtained":["Ancient Tea Set"],"max_hp_gain":0,"max_hp_loss":0,"event_name":"Scrap Ooze","floor":3,"gold_loss":0},{"damage_healed":0,"gold_gain":0,"player_choice":"Entered Light","damage_taken":17,"max_hp_gain":0,"max_hp_loss":0,"event_name":"Shining Light","floor":4,"gold_loss":0,"cards_upgraded":["Koishi:BasicDefend","Koishi:BasicDefend"]},{"damage_healed":0,"gold_gain":0,"player_choice":"Left Gold","damage_taken":0,"max_hp_gain":0,"max_hp_loss":0,"event_name":"World of Goop","floor":5,"gold_loss":42}],"is_beta":false,"boss_relics":[],"items_purged_floors":[],"is_endless":false,"potions_floor_spawned":[1,2,12,13],"killed_by":"Hexaghost","ascension_level":15}}