{"host":"sum4dy402bbv9y4o","time":1612988373,"event":{"mods":["Aspiration","BaseMod","Conspire","Highlight Path","Minty Spire (QoL Compilation)","StSLib"],"gold_per_floor":[119,194,194,207,224,256,270,298,298,5,5,32,32,45,45,124,124,137,157,172,185,205,205,225,225,225,225,238,33,33,97,97,174,174,194,15,15,15,15],"floor_reached":38,"language":"ENG","playtime":1942,"items_purged":["conspire:GhostlyStrike","conspire:GhostlyStrike"],"score":796,"play_id":"50c2e153-078a-41e5-8752-d7ce928fb848","local_time":"20210210231933","is_ascension_mode":true,"campfire_choices":[{"floor":11,"key":"REST"},{"data":"Eruption","floor":13,"key":"SMITH"},{"data":"MentalFortress","floor":15,"key":"SMITH"},{"floor":23,"key":"REST"},{"floor":25,"key":"REST"},{"data":"MentalFortress","floor":30,"key":"SMITH"},{"floor":32,"key":"REST"}],"circlet_count":0,"master_deck":["AscendersBane","conspire:GhostlyStrike","conspire:GhostlyDefend","conspire:GhostlyDefend","conspire:GhostlyDefend","Eruption+1","Vigilance","Consecrate","BattleHymn","Consecrate","EmptyBody","FearNoEvil+1","Perseverance","MentalFortress+1","Weave+1","JustLucky+1","EmptyBody","TalkToTheHand+1","Halt","CutThroughFate+1","EmptyFist+1","WaveOfTheHand","Adaptation","Weave+1","Weave+1","Swift Strike+1","HandOfGreed+1","FlurryOfBlows+1","FlurryOfBlows+1","MentalFortress+1","TalkToTheHand+1","MentalFortress","Swift Strike+1"],"relics":["PureWater","NeowsBlessing","Molten Egg 2","Calipers","TeardropLocket","aspiration:FrozenJewel","Black Star","MealTicket","Busted Crown"],"acts_visited":["Exordium","TheCity","TheBeyond"],"potions_floor_usage":[6,12,16,19,22,33,33],"damage_taken":[{"damage":0,"enemies":"2 Louse","floor":1,"turns":1},{"damage":0,"enemies":"Small Slimes","floor":4,"turns":1},{"damage":0,"enemies":"Jaw Worm","floor":5,"turns":1},{"damage":3,"enemies":"Gremlin Nob","floor":6,"turns":3},{"damage":14,"enemies":"Looter","floor":7,"turns":3},{"damage":27,"enemies":"3 Sentries","floor":8,"turns":8},{"damage":4,"enemies":"Lagavulin","floor":12,"turns":7},{"damage":0,"enemies":"3 Louse","floor":14,"turns":4},{"damage":1,"enemies":"The Guardian","floor":16,"turns":9},{"damage":4,"enemies":"Spheric Guardian","floor":18,"turns":3},{"damage":0,"enemies":"conspire:FuzzyDice","floor":19,"turns":7},{"damage":15,"enemies":"Shelled Parasite and Fungi","floor":20,"turns":6},{"damage":22,"enemies":"Cultist and Chosen","floor":21,"turns":8},{"damage":0,"enemies":"conspire:HollyBat","floor":22,"turns":7},{"damage":20,"enemies":"Snecko","floor":24,"turns":6},{"damage":0,"enemies":"3 Cultists","floor":28,"turns":3},{"damage":11,"enemies":"Chosen and Byrds","floor":31,"turns":7},{"damage":54,"enemies":"Automaton","floor":33,"turns":13},{"damage":17,"enemies":"3 Darklings","floor":35,"turns":9}],"seed_played":"-1804759518659358930","potions_obtained":[{"floor":5,"key":"GamblersBrew"},{"floor":8,"key":"Explosive Potion"},{"floor":12,"key":"SpeedPotion"},{"floor":21,"key":"Block Potion"},{"floor":24,"key":"BlessingOfTheForge"},{"floor":28,"key":"StancePotion"},{"floor":31,"key":"LiquidMemories"},{"floor":35,"key":"Dexterity Potion"}],"is_trial":false,"path_per_floor":["M","?","?","M","M","E","M","E","T","$","R","E","R","M","R","B",null,"M","M","M","M","M","R","M","R","T","?","M","$","R","M","R","B",null,"M","$","?","M"],"character_chosen":"WATCHER","items_purchased":["MentalFortress","Weave+1","JustLucky+1","EmptyBody","PowerPotion","FlurryOfBlows+1","MentalFortress","MentalFortress"],"campfire_rested":4,"item_purchase_floors":[10,10,10,10,10,29,29,36],"current_hp_per_floor":[61,50,50,50,50,47,33,6,6,6,26,22,22,22,22,21,56,52,52,37,15,15,35,15,35,35,35,35,50,50,39,59,5,52,35,50,50,0,0],"gold":15,"neow_bonus":"THREE_ENEMY_KILL","is_daily":false,"chose_seed":false,"campfire_upgraded":3,"win_rate":0.0,"timestamp":1612988373,"path_taken":["M","?","?","?","M","E","M","E","T","$","R","E","R","M","R","BOSS","M","M","M","M","M","R","M","R","T","?","M","$","R","M","R","BOSS","M","$","?","M"],"items_purchased_type":["Card","Card","Card","Card","Potion","Card","Card","Card"],"build_version":"2020-12-22","purchased_purges":2,"victory":false,"max_hp_per_floor":[68,68,68,68,68,68,68,68,68,68,68,68,68,68,68,68,68,68,68,68,68,68,68,68,68,68,68,68,68,68,68,68,68,68,68,68,68,68,68],"card_choices":[{"not_picked":["Evaluate","Prostrate"],"picked":"Consecrate","floor":1},{"not_picked":["ClearTheMind","FlyingSleeves"],"picked":"BattleHymn","floor":4},{"not_picked":["Collect","EmptyBody"],"picked":"Consecrate","floor":5},{"not_picked":["ForeignInfluence","CarveReality+1"],"picked":"EmptyBody","floor":6},{"not_picked":["EmptyFist+1","SashWhip+1"],"picked":"FearNoEvil+1","floor":7},{"not_picked":["PathToVictory","Ragnarok+1"],"picked":"Perseverance","floor":8},{"not_picked":["Adaptation","Consecrate+1"],"picked":"TalkToTheHand+1","floor":12},{"not_picked":["InnerPeace","FlyingSleeves+1"],"picked":"Halt","floor":14},{"not_picked":["CarveReality+1","BattleHymn+1"],"picked":"CutThroughFate+1","floor":18},{"not_picked":["Evaluate","ClearTheMind"],"picked":"EmptyFist+1","floor":19},{"not_picked":["WindmillStrike+1","EmptyMind+1"],"picked":"WaveOfTheHand","floor":20},{"not_picked":["CrushJoints+1","CutThroughFate+1"],"picked":"Adaptation","floor":21},{"not_picked":["BattleHymn","Prostrate"],"picked":"Weave+1","floor":22},{"not_picked":["Nirvana","Indignation"],"picked":"Weave+1","floor":24},{"not_picked":["Sanctity","Indignation"],"picked":"FlurryOfBlows+1","floor":28},{"not_picked":["EmptyFist+1","FlurryOfBlows+1"],"picked":"TalkToTheHand+1","floor":31},{"not_picked":["Crescendo"],"picked":"SKIP","floor":35},{"not_picked":[],"picked":"Swift Strike+1","floor":37}],"player_experience":3086000,"relics_obtained":[{"floor":6,"key":"Molten Egg 2"},{"floor":8,"key":"Calipers"},{"floor":9,"key":"TeardropLocket"},{"floor":12,"key":"aspiration:FrozenJewel"},{"floor":26,"key":"MealTicket"}],"event_choices":[{"damage_healed":0,"gold_gain":75,"player_choice":"Gather Gold","damage_taken":11,"max_hp_gain":0,"max_hp_loss":0,"event_name":"World of Goop","floor":2,"gold_loss":0},{"damage_healed":0,"gold_gain":0,"player_choice":"Agree","damage_taken":0,"max_hp_gain":0,"max_hp_loss":0,"event_name":"conspire:LoneGhost","floor":3,"gold_loss":0},{"damage_healed":0,"gold_gain":0,"cards_transformed":["conspire:GhostlyStrike","conspire:GhostlyDefend"],"player_choice":"Became Test Subject","damage_taken":0,"max_hp_gain":0,"max_hp_loss":0,"event_name":"Drug Dealer","floor":27,"gold_loss":0,"cards_obtained":["Swift Strike","HandOfGreed"]},{"damage_healed":0,"gold_gain":0,"player_choice":"Memory 1","damage_taken":0,"max_hp_gain":0,"max_hp_loss":0,"event_name":"SensoryStone","floor":37,"gold_loss":0}],"is_beta":false,"boss_relics":[{"not_picked":["Coffee Dripper","Cursed Key"],"picked":"Black Star"},{"not_picked":["conspire:SlowCooker","aspiration:PoetsPen"],"picked":"Busted Crown"}],"items_purged_floors":[29,36],"is_endless":false,"potions_floor_spawned":[5,8,12,14,21,24,28,31,35],"killed_by":"3 Shapes","ascension_level":20}}