{"host":"87fdiiwflhrwsj8a","time":1612973202,"event":{"mods":["Aspiration","BaseMod","Better Match","Better Third Choice","BetterRewards","Colored Map","Conspire","GifTheSpireLib","Infinite Spire","Minty Spire (QoL Compilation)","Quick Restart","Relic Sorter","Replay The Spire","StSLib","Stuff the Spire","The Marked","The Servant 0.9.4"],"gold_per_floor":[116,116,116,132,219,254,254,254,254,254,291,307,322,354,434,535,535,547,547,583,608,608,641,641,671,671,671,695,703,703],"floor_reached":29,"language":"ENG","playtime":1146,"items_purged":[],"score":722,"play_id":"deff1c44-6376-4ebd-9462-0a47f5540145","local_time":"20210210110642","is_ascension_mode":true,"campfire_choices":[{"floor":8.0,"key":"REST"},{"floor":10.0,"key":"REST"},{"floor":24.0,"key":"REST"}],"circlet_count":1,"master_deck":["AscendersBane","Strike_S","Strike_S","Strike_S","Strike_S","Defend_S","Defend_S","Defend_S","Defend_S","KidneyShot","Exchange","Apotheosis","Rearm","Panacea","FanOfKnives","DoubleEdge","Luminosity","TheWorld","Starlight","DoubleEdge","Solidify","BottledTime","BottledTime","TheWorld","Ricochet"],"relics":["Uniform","PreservedInsect","Bag of Preparation","infinitespire:Midas Blood","StuffTheSpire:ForceGauntlet","Dream Catcher","infinitespire:PuzzleCube","Ring of Chaos","Circlet","infinitespire:BottledMercury"],"acts_visited":["Exordium","TheCity"],"potions_floor_usage":[],"damage_taken":[{"damage":2.0,"enemies":"Jaw Worm","floor":1.0,"turns":4.0},{"damage":0.0,"enemies":"Cultist","floor":4.0,"turns":5.0},{"damage":5.0,"enemies":"Lagavulin","floor":6.0,"turns":4.0},{"damage":2.0,"enemies":"3 Sentries","floor":11.0,"turns":3.0},{"damage":0.0,"enemies":"2 Louse","floor":12.0,"turns":1.0},{"damage":8.0,"enemies":"Exordium Wildlife","floor":13.0,"turns":4.0},{"damage":16.0,"enemies":"Lagavulin","floor":14.0,"turns":4.0},{"damage":0.0,"enemies":"Fading Forest","floor":16.0,"turns":11.0},{"damage":6.0,"enemies":"Chosen","floor":18.0,"turns":3.0},{"damage":16.0,"enemies":"3 Byrds","floor":20.0,"turns":3.0},{"damage":20.0,"enemies":"Shelled Parasite and Fungi","floor":21.0,"turns":4.0},{"damage":0.0,"enemies":"conspire:SneckoGhost","floor":23.0,"turns":2.0},{"damage":0.0,"enemies":"Gremlin Leader","floor":25.0,"turns":4.0},{"damage":13.0,"enemies":"Cultist and Chosen","floor":28.0,"turns":4.0},{"damage":32,"enemies":"Centurion and Healer","floor":29,"turns":2}],"seed_played":"6285597374263728235","potions_obtained":[{"floor":6.0,"key":"PowerPotion"},{"floor":14.0,"key":"infinitespire:BlackPotion"},{"floor":16.0,"key":"Block Potion"},{"floor":18.0,"key":"BlessingOfTheForge"},{"floor":19.0,"key":"Fruit Juice"},{"floor":19.0,"key":"LiquidBronze"},{"floor":25.0,"key":"Weak Potion"},{"floor":28.0,"key":"Strength Potion"}],"is_trial":false,"path_per_floor":["M","$","?","M","?","E","$","R","T","R","E","M","M","E","R_BF","B",null,"M","?","M","M","$","E","R","E","T","?","M","M"],"character_chosen":"THE_SERVANT","items_purchased":["PreservedInsect","Apotheosis","Rearm","Panacea"],"campfire_rested":3,"item_purchase_floors":[0,0,0,0],"current_hp_per_floor":[24,24,24,24,8,3,3,22,22,41,39,39,31,15,15,37,58,52,52,41,21,21,21,42,42,42,42,29,0,0],"gold":703,"neow_bonus":"","is_daily":false,"chose_seed":false,"campfire_upgraded":0,"win_rate":0.0,"timestamp":1612973202,"path_taken":["M","$","?","?","?","E","?","R","T","R","E","M","M","E","R_BF","BOSS","M","?","?","M","?","E","R","E","T","?","M","M"],"items_purchased_type":["Relic","Card","Card","Card"],"build_version":"2020-12-22","purchased_purges":0,"victory":false,"max_hp_per_floor":[65,65,65,65,65,65,65,65,65,65,65,65,65,65,65,65,65,65,65,70,70,70,70,70,70,70,70,70,70,70],"card_choices":[{"not_picked":["Spin","Rewind"],"picked":"FanOfKnives","floor":1.0},{"not_picked":["ShatteredReality","Hightail"],"picked":"DoubleEdge","floor":4.0},{"not_picked":["Reset","Alleviate"],"picked":"Luminosity","floor":5.0},{"not_picked":["Replace","Spin","Potential"],"picked":"SKIP","floor":6.0},{"not_picked":["Ricochet","Defy"],"picked":"TheWorld","floor":11.0},{"not_picked":["Spin","Rearm"],"picked":"Starlight","floor":12.0},{"not_picked":["SpecialFormula","Rewind","Luminosity"],"picked":"SKIP","floor":13.0},{"not_picked":["FastForward","TimeWarp"],"picked":"DoubleEdge","floor":14.0},{"not_picked":["Duplication","Deny"],"picked":"Solidify","floor":16.0},{"not_picked":["DoubleEdge","FanOfKnives"],"picked":"BottledTime","floor":18.0},{"not_picked":["Misdirection","Alleviate+1","Unruled"],"picked":"SKIP","floor":20.0},{"not_picked":["Reset","Rewind"],"picked":"BottledTime","floor":21.0},{"not_picked":["Gouge","Defy","Comet"],"picked":"SKIP","floor":23.0},{"not_picked":["Defy","Contraction"],"picked":"TheWorld","floor":25.0},{"not_picked":["Rewind","Replace"],"picked":"Ricochet","floor":28.0}],"player_experience":2656557,"relics_obtained":[{"floor":5.0,"key":"Bag of Preparation"},{"floor":6.0,"key":"infinitespire:Midas Blood"},{"floor":9.0,"key":"StuffTheSpire:ForceGauntlet"},{"floor":11.0,"key":"Dream Catcher"},{"floor":14.0,"key":"infinitespire:PuzzleCube"},{"floor":23.0,"key":"Dead Branch"},{"floor":25.0,"key":"infinitespire:BottledMercury"}],"event_choices":[{"damage_healed":0.0,"max_hp_gain":0.0,"max_hp_loss":0.0,"gold_gain":0.0,"event_name":"The Woman in Blue","player_choice":"Bought 0 Potions","floor":3.0,"gold_loss":0.0,"damage_taken":0.0},{"damage_healed":0.0,"max_hp_gain":0.0,"max_hp_loss":0.0,"gold_gain":0.0,"event_name":"Lab","player_choice":"Got Potions","floor":19.0,"gold_loss":0.0,"damage_taken":0.0},{"damage_healed":0.0,"max_hp_gain":0.0,"max_hp_loss":0.0,"gold_gain":0.0,"event_name":"Beggar","player_choice":"Ignored","floor":27.0,"gold_loss":0.0,"damage_taken":0.0}],"is_beta":false,"boss_relics":[{"not_picked":["Replay:Ancient Bell","conspire:RunicOctahedron"],"picked":"Ring of Chaos"}],"items_purged_floors":[],"is_endless":false,"potions_floor_spawned":[6,14,16,18,25,28],"killed_by":"Centurion and Healer","ascension_level":10}}