{"host":"bpnwh7vpv9k3tssc","time":1612955496,"event":{"mods":["BaseMod","Colored Map","Colored Powertips","Curses Come First","Highlight Path","Minty Spire (QoL Compilation)","Quick Restart","Random Character Button","Relic Sorter","StSLib"],"gold_per_floor":[119,43,43,43,70,70,96,46,71,90,40,5,5,32,32,127,127,141,141,154,154,1,1,1,1],"floor_reached":24,"language":"ENG","playtime":489,"items_purged":["Strike_B","Strike_B"],"score":323,"play_id":"3e1b22ab-9f03-4b67-bb7a-f59183f12adb","local_time":"20210210121136","is_ascension_mode":true,"campfire_choices":[{"data":"Defragment","floor":6,"key":"SMITH"},{"floor":15,"key":"REST"},{"data":"Thunder Strike","floor":23,"key":"SMITH"}],"circlet_count":0,"master_deck":["Strike_B","Strike_B+1","Defend_B","Defend_B","Defend_B+1","Defend_B","Zap","Dualcast","Turbo","Defragment+1","Ball Lightning","Steam Power","Heatsinks","Thunder Strike+1","Turbo+1"],"relics":["Cracked Core","NeowsBlessing","Omamori","Bag of Marbles","Smiling Mask","Art of War","Thread and Needle","Sozu","Singing Bowl","Lee\u0027s Waffle"],"acts_visited":["Exordium","TheCity"],"potions_floor_usage":[16,16,18],"damage_taken":[{"damage":0,"enemies":"2 Louse","floor":1,"turns":1},{"damage":0,"enemies":"Gremlin Nob","floor":7,"turns":1},{"damage":0,"enemies":"Jaw Worm","floor":10,"turns":1},{"damage":22,"enemies":"3 Sentries","floor":14,"turns":6},{"damage":43,"enemies":"Slime Boss","floor":16,"turns":7},{"damage":33,"enemies":"2 Thieves","floor":18,"turns":3},{"damage":14,"enemies":"Spheric Guardian","floor":20,"turns":4},{"damage":83,"enemies":"Book of Stabbing","floor":24,"turns":5}],"seed_played":"8790196663645194054","potions_obtained":[{"floor":1,"key":"Energy Potion"},{"floor":14,"key":"EssenceOfSteel"},{"floor":16,"key":"SkillPotion"}],"is_trial":false,"path_per_floor":["M","$","?","?","T","R","E","$","T","M","$","?","$","E","R","B",null,"M","?","M","?","$","R","E"],"character_chosen":"DEFECT","items_purchased":["Defragment","Lee\u0027s Waffle"],"campfire_rested":1,"item_purchase_floors":[2,22],"current_hp_per_floor":[68,68,53,28,28,28,28,28,28,28,28,46,46,24,46,3,57,24,24,10,10,82,82,0,0],"gold":1,"neow_bonus":"THREE_ENEMY_KILL","is_daily":false,"chose_seed":false,"campfire_upgraded":2,"win_rate":0.0,"timestamp":1612955496,"path_taken":["M","$","?","?","?","R","E","$","T","M","$","?","?","E","R","BOSS","M","?","M","?","$","R","E"],"items_purchased_type":["Card","Relic"],"build_version":"2020-12-22","purchased_purges":2,"victory":false,"max_hp_per_floor":[75,75,75,75,75,75,75,75,75,75,75,75,75,75,75,75,75,75,75,75,75,82,82,82,82],"card_choices":[{"not_picked":["Reprogram","Steam"],"picked":"Turbo","floor":1},{"not_picked":["Steam Power","Sweeping Beam"],"picked":"Ball Lightning","floor":7},{"not_picked":["Beam Cell","Barrage"],"picked":"Steam Power","floor":10},{"not_picked":["Steam","Compile Driver"],"picked":"Heatsinks","floor":14},{"not_picked":["Machine Learning","Seek"],"picked":"Thunder Strike","floor":16},{"not_picked":["Sunder","Go for the Eyes"],"picked":"Turbo+1","floor":18},{"not_picked":["Reinforced Body","Barrage+1","Streamline+1"],"picked":"SKIP","floor":20}],"player_experience":365600,"relics_obtained":[{"floor":5,"key":"Bag of Marbles"},{"floor":7,"key":"Smiling Mask"},{"floor":9,"key":"Art of War"},{"floor":14,"key":"Thread and Needle"}],"event_choices":[{"damage_healed":0,"gold_gain":0,"player_choice":"Entered Light","damage_taken":15,"max_hp_gain":0,"max_hp_loss":0,"event_name":"Shining Light","floor":3,"gold_loss":0,"cards_upgraded":["Strike_B","Defend_B"]},{"damage_healed":0,"gold_gain":0,"player_choice":"Success","damage_taken":25,"relics_obtained":["Omamori"],"max_hp_gain":0,"max_hp_loss":0,"event_name":"Scrap Ooze","floor":4,"gold_loss":0},{"damage_healed":18,"gold_gain":0,"player_choice":"Healed","damage_taken":0,"max_hp_gain":0,"max_hp_loss":0,"event_name":"The Cleric","floor":12,"gold_loss":35},{"damage_healed":0,"gold_gain":0,"player_choice":"Smashed Altar","damage_taken":0,"max_hp_gain":0,"max_hp_loss":0,"event_name":"Forgotten Altar","floor":19,"gold_loss":0,"cards_obtained":["Decay"]},{"damage_healed":0,"gold_gain":0,"player_choice":"Opened","damage_taken":0,"relics_obtained":["Singing Bowl"],"max_hp_gain":0,"max_hp_loss":0,"event_name":"The Mausoleum","floor":21,"gold_loss":0}],"is_beta":false,"boss_relics":[{"not_picked":["SlaversCollar","Velvet Choker"],"picked":"Sozu"}],"items_purged_floors":[8,11],"is_endless":false,"potions_floor_spawned":[1,14,16,20],"killed_by":"Book of Stabbing","ascension_level":9}}