{"host":"wpu7ue7gh84ybhzj","time":1612994692,"event":{"mods":["AchievementEnabler","AlwaysNeverKeys","BaseMod","Colored Powertips","Hermit","Highlight Path","Minty Spire (QoL Compilation)","Permanent Neow","Quick Restart","Rare Cards Sparkle","Relic Stats","Remilia??????","StSLib","The Servant 0.9.4","Waifu the Spire"],"gold_per_floor":[218,167,179,179,194,229,229,244,244,255,255,289,289,289,289,387,387,399,46,63,63,73,73,103,103,103,103,117,94,122,139,139,236,236,249,265,280,110,110,144,444,463,463,463,463],"floor_reached":44,"language":"ENG","playtime":2611,"items_purged":[],"score":612,"play_id":"313d0d6d-6c2f-464a-bb24-13f84a58fa4a","local_time":"20210210220452","is_ascension_mode":true,"campfire_choices":[{"floor":7,"key":"REST"},{"data":"MastersStateliness","floor":11,"key":"SMITH"},{"data":"RedRainbow","floor":15,"key":"SMITH"},{"floor":23,"key":"REST"},{"data":"DemonKingCradle","floor":25,"key":"SMITH"},{"floor":32,"key":"REST"}],"circlet_count":0,"master_deck":["Strike_RM","Strike_RM","Strike_RM","Strike_RM","Defend_RM","Defend_RM","Defend_RM","Defend_RM","RedMoon","ScarletShoot","BlasphemousPunishment","RedRainbow+1","StarOfDavid","DiffusionOfMisfortune+1","ScarletDream","MastersStateliness+1","BloodAndWine","DemonKingCradle+1","Stigmanizer+1","Apotheosis","QueenOfMidnight","NightDance","MastersStateliness","MastersStateliness","RedNightlessCastle","Maim","MastersStateliness","EternalNight","ScarletImprint+1","ForecastOfChange","NightLord+1","EndlessAdversity+1","UnstableMagic","Magnetism","Writhe","BloodyTrap"],"relics":["ScarletHat","Anchor","Eternal Feather","Unceasing Top","ScarletEmblem","Nunchaku","Ice Cream","Red Mask","Black Star","Dream Catcher","Juzu Bracelet","Boot"],"acts_visited":["Exordium","TheCity","TheBeyond"],"potions_floor_usage":[37,37],"damage_taken":[{"damage":0,"enemies":"Jaw Worm","floor":1,"turns":4},{"damage":12,"enemies":"Small Slimes","floor":3,"turns":3},{"damage":0,"enemies":"2 Louse","floor":5,"turns":4},{"damage":18,"enemies":"3 Sentries","floor":6,"turns":10},{"damage":0,"enemies":"2 Fungi Beasts","floor":8,"turns":3},{"damage":0,"enemies":"Looter","floor":10,"turns":1},{"damage":28,"enemies":"Gremlin Nob","floor":12,"turns":4},{"damage":24,"enemies":"Hexaghost","floor":16,"turns":5},{"damage":21,"enemies":"3 Byrds","floor":18,"turns":3},{"damage":6,"enemies":"Spheric Guardian","floor":20,"turns":3},{"damage":31,"enemies":"3 Cultists","floor":22,"turns":4},{"damage":21,"enemies":"Gremlin Leader","floor":24,"turns":5},{"damage":57,"enemies":"Cultist and Chosen","floor":28,"turns":7},{"damage":0,"enemies":"Masked Bandits","floor":30,"turns":2},{"damage":23,"enemies":"Snake Plant","floor":31,"turns":3},{"damage":28,"enemies":"Champ","floor":33,"turns":7},{"damage":25,"enemies":"3 Darklings","floor":35,"turns":6},{"damage":2,"enemies":"3 Shapes","floor":36,"turns":4},{"damage":43,"enemies":"Writhing Mass","floor":37,"turns":5},{"damage":26,"enemies":"Nemesis","floor":40,"turns":5},{"damage":47,"enemies":"Transient","floor":42,"turns":5},{"damage":35,"enemies":"4 Shapes","floor":44,"turns":3}],"seed_played":"-6981797052170495633","potions_obtained":[{"floor":1,"key":"Fire Potion"},{"floor":3,"key":"Strength Potion"},{"floor":10,"key":"SpeedPotion"},{"floor":16,"key":"LiquidMemories"},{"floor":28,"key":"Regen Potion"},{"floor":42,"key":"DuplicationPotion"}],"is_trial":false,"path_per_floor":["M","$","M","?","M","E","R","M","T","M","R","E","?","?","R","B",null,"M","$","M","?","M","R","E","R","T","?","M","$","?","M","R","B",null,"M","M","M","$","?","E","?","M","T","M"],"character_chosen":"REMILIA","items_purchased":["BlasphemousPunishment","Apotheosis","QueenOfMidnight","NightDance","MastersStateliness","Magnetism"],"campfire_rested":3,"item_purchase_floors":[2,19,19,19,29,38],"current_hp_per_floor":[75,75,63,63,63,49,71,71,71,71,75,53,53,75,75,62,75,54,54,48,48,23,57,48,63,63,63,33,33,33,14,51,65,75,53,55,44,44,63,53,53,27,27,0,0],"gold":463,"neow_bonus":"HUNDRED_GOLD","is_daily":false,"chose_seed":false,"campfire_upgraded":3,"win_rate":0.0,"timestamp":1612994692,"path_taken":["M","$","M","?","M","E","R","M","T","M","R","E","?","?","R","BOSS","M","$","M","?","M","R","E","R","T","?","M","$","?","M","R","BOSS","M","M","M","$","?","E","?","M","T","M"],"items_purchased_type":["Card","Card","Card","Card","Card","Card"],"build_version":"2020-12-22","purchased_purges":0,"victory":false,"max_hp_per_floor":[75,75,75,75,75,75,75,75,75,75,75,75,75,75,75,75,75,75,75,75,75,75,75,75,75,75,75,75,75,75,75,75,75,75,75,75,75,75,75,75,75,75,75,75,75],"relic_stats":{"Nunchaku":[9],"Dream Catcher":0,"counters":[22,96],"Eternal Feather":46,"Black Star":1,"Juzu Bracelet":0,"Boot":[0],"obtain_stats":[{"Ice Cream":26,"Anchor":6,"Nunchaku":24,"Dream Catcher":40,"Eternal Feather":9,"Red Mask":30,"Black Star":34,"Juzu Bracelet":40,"ScarletEmblem":17,"Boot":43,"ScarletHat":0,"Unceasing Top":12},{"Ice Cream":12,"Anchor":4,"Nunchaku":12,"Dream Catcher":20,"Eternal Feather":5,"Red Mask":14,"Black Star":16,"Juzu Bracelet":20,"ScarletEmblem":8,"Boot":21,"ScarletHat":0,"Unceasing Top":7},{"Ice Cream":49,"Anchor":21,"Nunchaku":49,"Dream Catcher":88,"Eternal Feather":24,"Red Mask":58,"Black Star":68,"Juzu Bracelet":88,"ScarletEmblem":34,"Boot":93,"ScarletHat":0,"Unceasing Top":29}],"Unceasing Top":[14]},"card_choices":[{"not_picked":["VampireFantasy","RedMagic","EndlessAdversity"],"picked":"SKIP","floor":1},{"not_picked":["CharismaGuard","Stigmanizer"],"picked":"RedRainbow","floor":3},{"not_picked":["BlasphemousPunishment","VampireSweep"],"picked":"StarOfDavid","floor":5},{"not_picked":["UnstableMagic","RedRainbow"],"picked":"DiffusionOfMisfortune","floor":6},{"not_picked":["UnstableMagic","GlobalNightmare"],"picked":"ScarletDream","floor":8},{"not_picked":["SuperhumanBloodyKnife","BloodyCatastrophe"],"picked":"MastersStateliness","floor":10},{"not_picked":["FavorOfDestiny","ScarletNetherworld"],"picked":"BloodAndWine","floor":12},{"not_picked":["ForecastOfChange","TransientEternity"],"picked":"DemonKingCradle","floor":16},{"not_picked":["BombardNight+1","FavorOfDestiny"],"picked":"Stigmanizer+1","floor":18},{"not_picked":["DiffusionOfMisfortune","ScarletDream"],"picked":"MastersStateliness","floor":20},{"not_picked":["ScarletDevil","BloodHunter+1"],"picked":"MastersStateliness","floor":22},{"not_picked":["ScarletImprint","VampireSweep"],"picked":"RedNightlessCastle","floor":24},{"not_picked":["ReincarnationDial","FavorOfDestiny"],"picked":"Maim","floor":28},{"not_picked":["BadLadyScramble+1","FitfulNightmare+1"],"picked":"EternalNight","floor":30},{"not_picked":["ScarletMeister","CharismaGuard"],"picked":"ScarletImprint+1","floor":31},{"not_picked":["BloodRain","CurseOfVladTepes"],"picked":"ForecastOfChange","floor":33},{"not_picked":["FavorOfDestiny+1","ScarletImprint"],"picked":"NightLord+1","floor":35},{"not_picked":["BadLadyScramble","BloodHunter+1"],"picked":"EndlessAdversity+1","floor":36},{"not_picked":["CharismaGuard+1","UnderTheZenith"],"picked":"UnstableMagic","floor":37},{"not_picked":["VampireKiss+1","BloodHunter+1"],"picked":"BloodyTrap","floor":40},{"not_picked":["BlasphemousPunishment+1","ScarletDevil","BloodHunter"],"picked":"SKIP","floor":42}],"player_experience":40143,"relics_obtained":[{"floor":6,"key":"Anchor"},{"floor":9,"key":"Eternal Feather"},{"floor":12,"key":"Unceasing Top"},{"floor":24,"key":"Nunchaku"},{"floor":26,"key":"Ice Cream"},{"floor":30,"key":"Red Mask"},{"floor":40,"key":"Dream Catcher"},{"floor":40,"key":"Juzu Bracelet"},{"floor":43,"key":"Boot"}],"event_choices":[{"damage_healed":0,"gold_gain":0,"player_choice":"Ignored","damage_taken":0,"max_hp_gain":0,"max_hp_loss":0,"event_name":"Golden Wing","floor":4,"gold_loss":0},{"damage_healed":0,"gold_gain":0,"player_choice":"Grow","damage_taken":0,"max_hp_gain":0,"max_hp_loss":0,"event_name":"Living Wall","floor":13,"gold_loss":0,"cards_upgraded":["DiffusionOfMisfortune"]},{"damage_healed":25,"gold_gain":0,"player_choice":"Banana","damage_taken":0,"max_hp_gain":0,"max_hp_loss":0,"event_name":"Big Fish","floor":14,"gold_loss":0},{"damage_healed":0,"gold_gain":0,"player_choice":"Ignored","damage_taken":0,"max_hp_gain":0,"max_hp_loss":0,"event_name":"Ghosts","floor":21,"gold_loss":0},{"damage_healed":0,"gold_gain":0,"player_choice":"Ignored","damage_taken":0,"max_hp_gain":0,"max_hp_loss":0,"event_name":"Beggar","floor":27,"gold_loss":0},{"damage_healed":0,"gold_gain":0,"player_choice":"Fought Bandits","damage_taken":0,"max_hp_gain":0,"max_hp_loss":0,"event_name":"Masked Bandits","floor":30,"gold_loss":0},{"damage_healed":19,"gold_gain":0,"player_choice":"Writhe","damage_taken":0,"max_hp_gain":0,"max_hp_loss":0,"event_name":"Winding Halls","floor":39,"gold_loss":0,"cards_obtained":["Writhe"]},{"damage_healed":0,"gold_gain":300,"player_choice":"Gold","damage_taken":0,"max_hp_gain":0,"max_hp_loss":0,"event_name":"Wheel of Change","floor":41,"gold_loss":0}],"is_beta":false,"boss_relics":[{"not_picked":["Calling Bell","Philosopher\u0027s Stone"],"picked":"ScarletEmblem"},{"not_picked":["Fusion Hammer","Runic Dome"],"picked":"Black Star"}],"items_purged_floors":[],"is_endless":false,"potions_floor_spawned":[1,3,10,16,18,20,28,31,33,35,37,42],"killed_by":"4 Shapes","ascension_level":4}}