{"host":"c6u7e77myxvw4d0m","time":1612973059,"event":{"mods":["AchievementEnabler","BaseMod","Bestiary","Colored Map","Colored Powertips","Minty Spire (QoL Compilation)","Rare Cards Sparkle","Relic Stats","everything is the same but u backflip on backflip"],"gold_per_floor":[118,131,131,152,170,170,214,235,258,271,289,304,90,111,111,207,207,230,230,249,265,265,265,265,280,280,330,369,28,49,88,88,88,88],"floor_reached":33,"language":"ENG","playtime":6440,"items_purged":["Strike_G","Strike_G+1"],"score":636,"play_id":"c529f759-056e-4903-8bee-0c9f20fc58ef","local_time":"20210210180419","is_ascension_mode":true,"campfire_choices":[{"data":"Blade Dance","floor":6.0,"key":"SMITH"},{"data":"Bouncing Flask","floor":15,"key":"SMITH"},{"floor":23,"key":"REST"},{"data":"Catalyst","floor":32,"key":"SMITH"}],"circlet_count":0,"master_deck":["AscendersBane","Strike_G+1","Defend_G+1","Defend_G+1","Defend_G+1","Defend_G+1","Defend_G+1","Survivor","Neutralize","Deadly Poison","Blade Dance+1","Malaise","Flying Knee","Bouncing Flask+1","Dagger Spray","Quick Slash","Catalyst+1","Prepared","Bane","Night Terror","PiercingWail","Cloak And Dagger","Blade Dance","Underhanded Strike","Choke+1","Noxious Fumes","Panache","Accuracy","Terror","Prepared+1"],"relics":["Ring of the Snake","Golden Idol","MealTicket","Vajra","Snecko Eye","Darkstone Periapt","PreservedInsect","Juzu Bracelet"],"acts_visited":["Exordium","TheCity"],"potions_floor_usage":[16,18,21,33],"damage_taken":[{"damage":1.0,"enemies":"2 Louse","floor":1.0,"turns":3.0},{"damage":0.0,"enemies":"Small Slimes","floor":2.0,"turns":4.0},{"damage":1.0,"enemies":"Cultist","floor":4.0,"turns":3.0},{"damage":3.0,"enemies":"Exordium Thugs","floor":5.0,"turns":5.0},{"damage":8.0,"enemies":"Gremlin Nob","floor":7.0,"turns":3.0},{"damage":9,"enemies":"3 Louse","floor":8,"turns":3},{"damage":0,"enemies":"Gremlin Gang","floor":10,"turns":3},{"damage":4,"enemies":"Red Slaver","floor":11,"turns":3},{"damage":0,"enemies":"2 Fungi Beasts","floor":12,"turns":2},{"damage":3,"enemies":"Looter","floor":14,"turns":2},{"damage":5,"enemies":"The Guardian","floor":16,"turns":6},{"damage":6,"enemies":"Chosen","floor":18,"turns":3},{"damage":21,"enemies":"3 Byrds","floor":20,"turns":5},{"damage":2,"enemies":"Snecko","floor":21,"turns":3},{"damage":30,"enemies":"Snake Plant","floor":25,"turns":4},{"damage":4,"enemies":"Book of Stabbing","floor":28,"turns":5},{"damage":0,"enemies":"Centurion and Healer","floor":30,"turns":4},{"damage":0,"enemies":"Gremlin Leader","floor":31,"turns":4},{"damage":54,"enemies":"Automaton","floor":33,"turns":6}],"seed_played":"-6744867266985741055","potions_obtained":[{"floor":4.0,"key":"Fire Potion"},{"floor":5.0,"key":"FearPotion"},{"floor":8,"key":"SkillPotion"},{"floor":12,"key":"Explosive Potion"},{"floor":20,"key":"BlessingOfTheForge"},{"floor":31,"key":"Swift Potion"}],"is_trial":false,"path_per_floor":["M","M","?","M","M","R","E","M","T","M","M","M","$","M","R","B",null,"M","?","M","M","?","R","?","M","T","?","E","$","M","E","R","B"],"character_chosen":"THE_SILENT","items_purchased":["Prepared","Bane","Poison Potion","Panache","Accuracy"],"campfire_rested":1,"item_purchase_floors":[13,13,13,29,29],"current_hp_per_floor":[64,64,64,63,60,60,52,43,43,43,39,39,54,51,51,46,60,54,54,33,31,31,50,50,20,20,20,16,31,31,31,31,0,0],"gold":88,"neow_bonus":"TEN_PERCENT_HP_BONUS","is_daily":false,"chose_seed":false,"campfire_upgraded":3,"win_rate":0.0,"timestamp":1612973059,"path_taken":["M","M","?","M","M","R","E","M","T","M","M","M","$","M","R","BOSS","M","?","M","M","?","R","?","M","T","?","E","$","M","E","R","BOSS"],"items_purchased_type":["Card","Card","Potion","Card","Card"],"build_version":"2020-12-22","purchased_purges":2,"victory":false,"max_hp_per_floor":[72,72,65,65,65,65,65,65,65,65,65,65,65,65,65,65,65,65,65,65,65,65,65,65,65,65,65,65,65,65,65,65,65,65],"relic_stats":{"Darkstone Periapt":0,"counters":[19,71],"Golden Idol":98,"Snecko Eye":[74,63,60,56],"MealTicket":30,"PreservedInsect":47,"Juzu Bracelet":0,"obtain_stats":[{"Darkstone Periapt":26,"Golden Idol":3,"Vajra":9,"Snecko Eye":17,"MealTicket":7,"PreservedInsect":28,"Juzu Bracelet":31,"Ring of the Snake":0},{"Darkstone Periapt":15,"Golden Idol":2,"Vajra":6,"Snecko Eye":11,"MealTicket":5,"PreservedInsect":16,"Juzu Bracelet":18,"Ring of the Snake":0},{"Darkstone Periapt":52,"Golden Idol":7,"Vajra":21,"Snecko Eye":37,"MealTicket":18,"PreservedInsect":57,"Juzu Bracelet":65,"Ring of the Snake":0}],"Ring of the Snake":[38]},"card_choices":[{"not_picked":["Expertise","Dagger Throw"],"picked":"Deadly Poison","floor":1.0},{"not_picked":["Blur","Cloak And Dagger"],"picked":"Blade Dance","floor":2.0},{"not_picked":["Acrobatics","Slice"],"picked":"Malaise","floor":4.0},{"not_picked":["Escape Plan","Deadly Poison"],"picked":"Flying Knee","floor":5.0},{"not_picked":["Accuracy","Slice"],"picked":"Bouncing Flask","floor":7},{"not_picked":["Poisoned Stab","Acrobatics"],"picked":"Dagger Spray","floor":8},{"not_picked":["Endless Agony","Slice","Heel Hook"],"picked":"SKIP","floor":10},{"not_picked":["Deadly Poison","Flying Knee"],"picked":"Quick Slash","floor":11},{"not_picked":["Bane","Blade Dance"],"picked":"Catalyst","floor":12},{"not_picked":["Flechettes","Concentrate","Dagger Throw"],"picked":"SKIP","floor":14},{"not_picked":["Adrenaline","Malaise"],"picked":"Night Terror","floor":16},{"not_picked":["Quick Slash+1","Outmaneuver"],"picked":"PiercingWail","floor":18},{"not_picked":["Quick Slash","Tactician","Sucker Punch"],"picked":"SKIP","floor":20},{"not_picked":["Dagger Throw","Blade Dance"],"picked":"Cloak And Dagger","floor":21},{"not_picked":["Outmaneuver","Sucker Punch"],"picked":"Choke+1","floor":25},{"not_picked":["Leg Sweep","Prepared"],"picked":"Noxious Fumes","floor":28},{"not_picked":["Sucker Punch","Concentrate"],"picked":"Terror","floor":30},{"not_picked":["Deadly Poison","Venomology"],"picked":"Prepared+1","floor":31}],"player_experience":767705,"relics_obtained":[{"floor":7,"key":"MealTicket"},{"floor":9,"key":"Vajra"},{"floor":26,"key":"Darkstone Periapt"},{"floor":28,"key":"PreservedInsect"},{"floor":31,"key":"Juzu Bracelet"}],"event_choices":[{"damage_healed":0.0,"max_hp_gain":0.0,"max_hp_loss":7.0,"gold_gain":0.0,"event_name":"Golden Idol","player_choice":"Lose Max HP","floor":3.0,"gold_loss":0.0,"damage_taken":0.0,"relics_obtained":["Golden Idol"]},{"damage_healed":0,"gold_gain":0,"player_choice":"Simplicity","damage_taken":0,"max_hp_gain":0,"max_hp_loss":0,"event_name":"Back to Basics","floor":19,"gold_loss":0,"cards_upgraded":["Strike_G","Strike_G","Strike_G","Strike_G","Defend_G","Defend_G","Defend_G","Defend_G","Defend_G"]},{"damage_healed":0,"gold_gain":0,"player_choice":"Ignored","damage_taken":0,"max_hp_gain":0,"max_hp_loss":0,"event_name":"Vampires","floor":22,"gold_loss":0},{"damage_healed":0,"gold_gain":0,"cards_transformed":["Strike_G","Strike_G"],"player_choice":"Became Test Subject","damage_taken":0,"max_hp_gain":0,"max_hp_loss":0,"event_name":"Drug Dealer","floor":24,"gold_loss":0,"cards_obtained":["Blade Dance","Underhanded Strike"]},{"damage_healed":0,"gold_gain":50,"player_choice":"Pray","damage_taken":0,"max_hp_gain":0,"max_hp_loss":0,"event_name":"Golden Shrine","floor":27,"gold_loss":0}],"is_beta":false,"boss_relics":[{"not_picked":["HoveringKite","Fusion Hammer"],"picked":"Snecko Eye"}],"items_purged_floors":[13,29],"is_endless":false,"potions_floor_spawned":[4,5,8,12,14,20,31],"killed_by":"Automaton","ascension_level":20}}