{"host":"52m1o8iwwagurbjs","time":1612985974,"event":{"mods":["AchievementEnabler","BaseMod","Bestiary","Challenge The Spire","Colored Powertips","GifTheSpireLib","Minty Spire (QoL Compilation)","Quick Restart","Relic Stats","StSLib"],"gold_per_floor":[117,292,311,311,86,86,115,139,139,155,186,186,216,8,8,111,111,125,141,141,141,153,153,172,24,24,24,124,26,38,38,38,137,137,154,154,5,23,23,54,54,104,104,104,115,133,162,37,37,37,37,37,4,39,39,39],"floor_reached":55,"language":"ENG","playtime":2436,"items_purged":["Doubt","Strike_B","Strike_B"],"score":825,"play_id":"07c4cdfc-d660-42d6-b6d6-443c1fbec7ae","local_time":"20210210143934","is_ascension_mode":true,"campfire_choices":[{"data":"Zap","floor":6.0,"key":"SMITH"},{"floor":15.0,"key":"REST"},{"floor":23.0,"key":"REST"},{"floor":32.0,"key":"REST"},{"floor":41.0,"key":"REST"},{"floor":44.0,"key":"RECALL"},{"floor":49.0,"key":"REST"},{"data":"Apotheosis","floor":52,"key":"SMITH"}],"circlet_count":0,"master_deck":["Strike_B","Strike_B","Defend_B","Defend_B","Defend_B","Defend_B","Zap+1","Dualcast","White Noise","Undo","Coolheaded","Static Discharge","Ball Lightning+1","Skim","Apotheosis+1","Conserve Battery","Echo Form","Aggregate+1","Core Surge+1","BootSequence","Fission","Sunder+1","Doom and Gloom+1","Biased Cognition","Force Field+1","Meteor Strike+1","White Noise","Biased Cognition"],"relics":["Cracked Core","Ancient Tea Set","OrangePellets","Strawberry","Centennial Puzzle","Lizard Tail","Molten Egg 2","Ginger","Darkstone Periapt","SacredBark","FossilizedHelix","Pear","Mango","Cursed Key","Anchor","Bottled Flame","StoneCalendar","PreservedInsect","Oddly Smooth Stone"],"acts_visited":["TheBeyond","TheEnding"],"potions_floor_usage":[50],"damage_taken":[{"damage":1.0,"enemies":"Cultist","floor":1.0,"turns":3.0},{"damage":0.0,"enemies":"2 Louse","floor":3.0,"turns":2.0},{"damage":29.0,"enemies":"Lagavulin","floor":7.0,"turns":8.0},{"damage":4.0,"enemies":"Jaw Worm","floor":10.0,"turns":3.0},{"damage":17.0,"enemies":"Gremlin Nob","floor":11.0,"turns":4.0},{"damage":14.0,"enemies":"Lagavulin","floor":13.0,"turns":5.0},{"damage":17.0,"enemies":"Slime Boss","floor":16.0,"turns":7.0},{"damage":18.0,"enemies":"Shell Parasite","floor":18.0,"turns":6.0},{"damage":45.0,"enemies":"3 Byrds","floor":19.0,"turns":4.0},{"damage":21.0,"enemies":"Shelled Parasite and Fungi","floor":22.0,"turns":2.0},{"damage":12.0,"enemies":"Centurion and Healer","floor":24.0,"turns":7.0},{"damage":5.0,"enemies":"Colosseum Slavers","floor":28.0,"turns":4.0},{"damage":7.0,"enemies":"Colosseum Nobs","floor":28.0,"turns":3.0},{"damage":0.0,"enemies":"Cultist and Chosen","floor":30.0,"turns":4.0},{"damage":23.0,"enemies":"Champ","floor":33.0,"turns":11.0},{"damage":26.0,"enemies":"3 Darklings","floor":35.0,"turns":4.0},{"damage":0.0,"enemies":"Orb Walker","floor":38.0,"turns":3.0},{"damage":75.0,"enemies":"Reptomancer","floor":40.0,"turns":5.0},{"damage":0.0,"enemies":"Mind Bloom Boss Battle","floor":42.0,"turns":7.0},{"damage":0.0,"enemies":"Sphere and 2 Shapes","floor":45.0,"turns":7.0},{"damage":14.0,"enemies":"Jaw Worm Horde","floor":46.0,"turns":4.0},{"damage":0.0,"enemies":"Giant Head","floor":47.0,"turns":9.0},{"damage":59,"enemies":"Time Eater","floor":50,"turns":11},{"damage":49,"enemies":"Shield and Spear","floor":54,"turns":6},{"damage":129,"enemies":"The Heart","floor":55,"turns":9}],"seed_played":"-4776621481083080831","potions_obtained":[{"floor":7.0,"key":"SkillPotion"},{"floor":16.0,"key":"FearPotion"},{"floor":19.0,"key":"DuplicationPotion"},{"floor":30.0,"key":"GamblersBrew"},{"floor":33.0,"key":"DistilledChaos"},{"floor":35.0,"key":"CultistPotion"},{"floor":42.0,"key":"CultistPotion"},{"floor":45.0,"key":"ColorlessPotion"},{"floor":47.0,"key":"SkillPotion"}],"is_trial":false,"path_per_floor":["M","?","M","?","$","R","E","T","T","M","E","?","E","$","R","B",null,"M","M","?","?","M","R","M","$","T","$","?","$","M","T","R","B",null,"M","?","$","M","T","E","R","?","T","R","M","M","E","$","R","B",null,"R","$","E","B"],"character_chosen":"DEFECT","items_purchased":["OrangePellets","Apotheosis","Conserve Battery","AttackPotion","AttackPotion","FocusPotion","Anchor","White Noise"],"campfire_rested":5,"item_purchase_floors":[5,14,14,25,29,29,37,53],"current_hp_per_floor":[74,74,74,79,79,79,57,57,57,53,36,33,19,19,45,28,87,69,24,24,24,3,29,17,17,17,17,15,15,15,29,62,39,111,85,85,85,85,85,10,43,43,43,43,43,29,29,29,62,3,111,111,111,62,0,0],"gold":39,"neow_bonus":"RANDOM_COMMON_RELIC","is_daily":false,"chose_seed":false,"campfire_upgraded":2,"win_rate":0.0,"timestamp":1612985974,"path_taken":["M","?","M","?","$","R","E","?","T","?","E","?","E","?","R","BOSS","M","M","?","?","?","R","M","?","T","?","?","$","M","?","R","BOSS","M","?","$","M","?","E","R","?","T","R","M","M","E","$","R","BOSS","R","$","E","BOSS"],"items_purchased_type":["Relic","Card","Card","Potion","Potion","Potion","Relic","Card"],"build_version":"2020-12-22","purchased_purges":3,"victory":false,"max_hp_per_floor":[75,75,75,80,80,80,87,87,87,87,87,87,87,87,87,87,87,87,87,87,87,87,87,87,87,87,87,97,97,97,111,111,111,111,111,111,111,111,111,111,111,111,111,111,111,111,111,111,111,111,111,111,111,111,111,111],"relic_stats":{"Darkstone Periapt":0,"OrangePellets":[11],"Centennial Puzzle":[33],"Lizard Tail":55,"counters":[16,96],"StoneCalendar":[182],"PreservedInsect":68,"Ginger":[8],"Cursed Key":0,"obtain_stats":[{"Darkstone Periapt":0,"Pear":28,"SacredBark":0,"Oddly Smooth Stone":54,"Mango":31,"StoneCalendar":42,"PreservedInsect":47,"Ginger":0,"Ancient Tea Set":0,"Cursed Key":34,"OrangePellets":0,"Centennial Puzzle":0,"Lizard Tail":0,"Anchor":37,"Bottled Flame":40,"Strawberry":0,"Molten Egg 2":0,"Cracked Core":0,"FossilizedHelix":28},{"Darkstone Periapt":0,"Pear":4,"SacredBark":0,"Oddly Smooth Stone":15,"Mango":5,"StoneCalendar":10,"PreservedInsect":13,"Ginger":0,"Ancient Tea Set":0,"Cursed Key":6,"OrangePellets":0,"Centennial Puzzle":0,"Lizard Tail":0,"Anchor":7,"Bottled Flame":9,"Strawberry":0,"Molten Egg 2":0,"Cracked Core":0,"FossilizedHelix":4},{"Darkstone Periapt":0,"Pear":16,"SacredBark":0,"Oddly Smooth Stone":87,"Mango":20,"StoneCalendar":50,"PreservedInsect":70,"Ginger":0,"Ancient Tea Set":0,"Cursed Key":31,"OrangePellets":0,"Centennial Puzzle":0,"Lizard Tail":0,"Anchor":35,"Bottled Flame":43,"Strawberry":0,"Molten Egg 2":0,"Cracked Core":0,"FossilizedHelix":16}]},"card_choices":[{"not_picked":["Sweeping Beam","Storm"],"picked":"White Noise","floor":1.0},{"not_picked":["Redo","White Noise"],"picked":"Undo","floor":3.0},{"not_picked":["Beam Cell","Go for the Eyes"],"picked":"Coolheaded","floor":7.0},{"not_picked":["Streamline","Barrage"],"picked":"Static Discharge","floor":10.0},{"not_picked":["Hologram","Hyperbeam+1"],"picked":"Ball Lightning+1","floor":11.0},{"not_picked":["Redo","Hello World"],"picked":"Skim","floor":13.0},{"not_picked":["Hyperbeam+1","Machine Learning"],"picked":"Echo Form","floor":16.0},{"not_picked":["Reinforced Body","Gash+1","Beam Cell+1"],"picked":"SKIP","floor":18.0},{"not_picked":["Compile Driver+1","Leap"],"picked":"Aggregate+1","floor":19.0},{"not_picked":["Go for the Eyes+1","Rebound+1"],"picked":"BootSequence","floor":22.0},{"not_picked":["Conserve Battery","Darkness+1"],"picked":"Fission","floor":24.0},{"not_picked":["Beam Cell+1","Steam+1"],"picked":"Sunder+1","floor":28.0},{"not_picked":["Reprogram","Blizzard+1"],"picked":"Doom and Gloom+1","floor":30.0},{"not_picked":["Fission","Rainbow"],"picked":"Biased Cognition","floor":33.0},{"not_picked":["Stack","Melter+1","Rip and Tear+1"],"picked":"SKIP","floor":35.0},{"not_picked":["Rip and Tear+1","Recycle+1"],"picked":"Force Field+1","floor":38.0},{"not_picked":["Echo Form","Melter+1","Auto Shields"],"picked":"SKIP","floor":40.0},{"not_picked":["Cold Snap+1","Turbo+1","Rebound+1"],"picked":"SKIP","floor":45.0},{"not_picked":["Consume+1","Recycle"],"picked":"Meteor Strike+1","floor":46.0},{"not_picked":["BootSequence+1","Blizzard+1","Streamline+1"],"picked":"SKIP","floor":47.0},{"not_picked":["Steam","FTL+1"],"picked":"Biased Cognition","floor":54}],"player_experience":1334469,"relics_obtained":[{"floor":7.0,"key":"Strawberry"},{"floor":8.0,"key":"Centennial Puzzle"},{"floor":9.0,"key":"Lizard Tail"},{"floor":11.0,"key":"Molten Egg 2"},{"floor":13.0,"key":"Darkstone Periapt"},{"floor":28.0,"key":"FossilizedHelix"},{"floor":28.0,"key":"Pear"},{"floor":31.0,"key":"Mango"},{"floor":40.0,"key":"Bottled Flame"},{"floor":42.0,"key":"StoneCalendar"},{"floor":47.0,"key":"PreservedInsect"},{"floor":54,"key":"Oddly Smooth Stone"}],"event_choices":[{"damage_healed":0.0,"max_hp_gain":0.0,"max_hp_loss":0.0,"gold_gain":175.0,"event_name":"Liars Game","player_choice":"AGREE","floor":2.0,"gold_loss":0.0,"damage_taken":0.0,"cards_obtained":["Doubt"]},{"damage_healed":0.0,"max_hp_gain":5.0,"max_hp_loss":0.0,"gold_gain":0.0,"event_name":"Big Fish","player_choice":"Donut","floor":4.0,"gold_loss":0.0,"damage_taken":0.0},{"damage_healed":0.0,"max_hp_gain":0.0,"max_hp_loss":0.0,"gold_gain":0.0,"event_name":"Scrap Ooze","player_choice":"Success","floor":12.0,"gold_loss":0.0,"damage_taken":3.0,"relics_obtained":["Ginger"]},{"damage_healed":0.0,"max_hp_gain":0.0,"max_hp_loss":0.0,"gold_gain":0.0,"event_name":"Cursed Tome","player_choice":"Ignored","floor":20.0,"gold_loss":0.0,"damage_taken":0.0},{"damage_healed":0.0,"max_hp_gain":0.0,"max_hp_loss":0.0,"gold_gain":0.0,"event_name":"Match and Keep!","player_choice":"1 cards matched","floor":21.0,"gold_loss":0.0,"damage_taken":0.0,"cards_obtained":["Core Surge"]},{"damage_healed":0.0,"max_hp_gain":0.0,"max_hp_loss":0.0,"gold_gain":0.0,"event_name":"Colosseum","player_choice":"Fight","floor":28.0,"gold_loss":0.0,"damage_taken":0.0},{"damage_healed":0.0,"max_hp_gain":0.0,"max_hp_loss":0.0,"gold_gain":0.0,"event_name":"Colosseum","player_choice":"Fought Nobs","floor":28.0,"gold_loss":0.0,"damage_taken":0.0},{"damage_healed":0.0,"max_hp_gain":0.0,"max_hp_loss":0.0,"gold_gain":0.0,"event_name":"Tomb of Lord Red Mask","player_choice":"Ignored","floor":36.0,"gold_loss":0.0,"damage_taken":0.0},{"damage_healed":0.0,"max_hp_gain":0.0,"max_hp_loss":0.0,"gold_gain":0.0,"event_name":"MindBloom","player_choice":"Fight","floor":42.0,"gold_loss":0.0,"damage_taken":0.0}],"is_beta":false,"boss_relics":[{"not_picked":["Ectoplasm","Busted Crown"],"picked":"SacredBark"},{"not_picked":["SlaversCollar","Astrolabe"],"picked":"Cursed Key"}],"items_purged_floors":[5,25,48],"is_endless":false,"potions_floor_spawned":[7,16,19,30,33,35,42,45,47],"killed_by":"The Heart","ascension_level":1}}