{"host":"k7udt7atmcuzf6l0","time":1612936290,"event":{"mods":["AchievementEnabler","BaseMod","BetterRewards","Colored Map","Colored Powertips","Highlight Path","Minty Spire (QoL Compilation)","Quick Restart","Rare Cards Sparkle","Relic Stats","StSLib","UnlockEverythingMod"],"gold_per_floor":[116,127,127,142,317,317,333,360,383,383,383,416,416,434,434,529,529,546,71,71,86,125,157,176,207,207,43,43,75,113,113,113,214,214,224,25,38,52,72,72,72,72,119,147,163,178,14,44,44,44],"floor_reached":51,"language":"ZHS","playtime":1584,"items_purged":["Doubt"],"score":902,"play_id":"b555903c-afa6-4265-8fb8-246cfbe3d638","local_time":"20210210135130","is_ascension_mode":false,"campfire_choices":[{"data":"Metallicize","floor":6.0,"key":"SMITH"},{"data":"Clash","floor":11.0,"key":"SMITH"},{"data":"Flex","floor":13.0,"key":"SMITH"},{"data":"Bash","floor":15.0,"key":"SMITH"},{"data":"Armaments","floor":28.0,"key":"SMITH"},{"data":"Inflame","floor":32.0,"key":"SMITH"},{"data":"Bludgeon","floor":40.0,"key":"SMITH"},{"data":"Dual Wield","floor":42.0,"key":"SMITH"},{"data":"Anger","floor":49.0,"key":"SMITH"}],"circlet_count":0,"master_deck":["Strike_R","Strike_R","Strike_R","Strike_R","Strike_R","Defend_R","Defend_R","Defend_R","Bash+1","Metallicize+1","Clash+1","Combust","Offering+1","Flex+1","Reaper","Dual Wield+1","Armaments+1","Anger+1","Clothesline+1","Headbutt","Cleave+1","Inflame+1","Blind+1","Thunderclap+1","Havoc+1","Bludgeon+1","Dual Wield+1","Warcry+1","Infernal Blade+1","Flex+1","Warcry+1","Inflame+1","Intimidate+1","Whirlwind+1","Limit Break+1","Entrench+1"],"relics":["Burning Blood","NeowsBlessing","Blood Vial","Anchor","Strawberry","SlaversCollar","Toolbox","Lantern","Darkstone Periapt","Pen Nib","Toxic Egg 2","CaptainsWheel","Sozu","Vajra","PreservedInsect","Meat on the Bone","Blue Candle"],"acts_visited":["Exordium","TheCity","TheBeyond"],"potions_floor_usage":[],"damage_taken":[{"damage":0.0,"enemies":"2 Louse","floor":1.0,"turns":1.0},{"damage":0.0,"enemies":"Small Slimes","floor":2.0,"turns":1.0},{"damage":0.0,"enemies":"Jaw Worm","floor":4.0,"turns":1.0},{"damage":0.0,"enemies":"Lots of Slimes","floor":7.0,"turns":2.0},{"damage":20.0,"enemies":"3 Sentries","floor":8.0,"turns":7.0},{"damage":55.0,"enemies":"Gremlin Nob","floor":12.0,"turns":5.0},{"damage":3.0,"enemies":"2 Fungi Beasts","floor":14.0,"turns":4.0},{"damage":8.0,"enemies":"Slime Boss","floor":16.0,"turns":5.0},{"damage":28.0,"enemies":"2 Thieves","floor":18.0,"turns":4.0},{"damage":8.0,"enemies":"Chosen","floor":21.0,"turns":3.0},{"damage":36.0,"enemies":"3 Cultists","floor":22.0,"turns":6.0},{"damage":43.0,"enemies":"Gremlin Leader","floor":23.0,"turns":6.0},{"damage":15.0,"enemies":"Snake Plant","floor":24.0,"turns":3.0},{"damage":14.0,"enemies":"Slavers","floor":25.0,"turns":3.0},{"damage":32.0,"enemies":"Gremlin Leader","floor":29.0,"turns":6.0},{"damage":6.0,"enemies":"Cultist and Chosen","floor":30.0,"turns":4.0},{"damage":62.0,"enemies":"Champ","floor":33.0,"turns":9.0},{"damage":12.0,"enemies":"3 Shapes","floor":35.0,"turns":4.0},{"damage":6.0,"enemies":"Orb Walker","floor":37.0,"turns":1.0},{"damage":23.0,"enemies":"Spire Growth","floor":38.0,"turns":3.0},{"damage":2.0,"enemies":"Sphere and 2 Shapes","floor":39.0,"turns":4.0},{"damage":7.0,"enemies":"Giant Head","floor":44.0,"turns":6.0},{"damage":23.0,"enemies":"Transient","floor":45.0,"turns":5.0},{"damage":13.0,"enemies":"3 Darklings","floor":46.0,"turns":5.0},{"damage":44.0,"enemies":"Nemesis","floor":48.0,"turns":5.0},{"damage":90,"enemies":"Awakened One","floor":50,"turns":6}],"seed_played":"-1252465482132767868","potions_obtained":[{"floor":2.0,"key":"Explosive Potion"},{"floor":7.0,"key":"Strength Potion"},{"floor":16.0,"key":"SpeedPotion"},{"floor":21.0,"key":"FairyPotion"},{"floor":24.0,"key":"Strength Potion"},{"floor":29.0,"key":"ElixirPotion"},{"floor":33.0,"key":"DistilledChaos"}],"is_trial":false,"path_per_floor":["M","M","?","M","?","R","M","E","T","?","R","E","R","M","R","B",null,"M","$","?","M","M","E","M","E","T","$","R","E","M","?","R","B",null,"M","$","M","M","M","R","?","R","T","E","M","M","$","E","R","B",null],"character_chosen":"IRONCLAD","items_purchased":["Toolbox","Lantern","Armaments","Anger","Inflame","Blind+1","Vajra","Warcry+1","Limit Break+1"],"campfire_rested":0,"item_purchase_floors":[19,19,19,19,27,27,36,36,47],"current_hp_per_floor":[80,80,80,80,80,80,80,66,66,66,66,26,26,31,31,31,87,67,67,67,79,59,32,25,31,31,31,31,19,21,50,50,7,87,87,87,87,70,76,76,76,76,76,87,70,87,87,61,61,44],"gold":44,"neow_bonus":"THREE_ENEMY_KILL","is_daily":false,"chose_seed":false,"campfire_upgraded":9,"win_rate":0.0,"timestamp":1612936290,"path_taken":["M","M","?","M","?","R","M","E","T","?","R","E","R","M","R","BOSS","M","$","?","M","M","E","?","E","T","$","R","E","M","?","R","BOSS","M","$","M","M","M","R","?","R","T","E","M","M","$","E","R","BOSS"],"items_purchased_type":["Relic","Relic","Card","Card","Card","Card","Relic","Card","Card"],"build_version":"2020-12-22","purchased_purges":1,"victory":true,"max_hp_per_floor":[80,80,80,80,80,80,80,80,80,80,80,87,87,87,87,87,87,87,87,87,87,87,87,87,87,87,87,87,87,87,87,87,87,87,87,87,87,87,87,87,87,87,87,87,87,87,87,87,87,87],"relic_stats":{"Blood Vial":30,"Darkstone Periapt":0,"Sozu":7,"counters":[26,109],"Blue Candle":[0],"Pen Nib":[15],"PreservedInsect":172,"obtain_stats":[{"Darkstone Periapt":23,"Lantern":19,"NeowsBlessing":0,"Blue Candle":48,"Vajra":36,"Pen Nib":25,"PreservedInsect":43,"Burning Blood":0,"Blood Vial":8,"Sozu":34,"SlaversCollar":17,"Anchor":9,"CaptainsWheel":29,"Strawberry":12,"Toolbox":19,"Toxic Egg 2":26,"Meat on the Bone":44},{"Darkstone Periapt":12,"Lantern":9,"NeowsBlessing":0,"Blue Candle":25,"Vajra":18,"Pen Nib":14,"PreservedInsect":21,"Burning Blood":0,"Blood Vial":5,"Sozu":17,"SlaversCollar":8,"Anchor":5,"CaptainsWheel":15,"Strawberry":6,"Toolbox":9,"Toxic Egg 2":14,"Meat on the Bone":22},{"Darkstone Periapt":45,"Lantern":30,"NeowsBlessing":0,"Blue Candle":103,"Vajra":74,"Pen Nib":51,"PreservedInsect":82,"Burning Blood":0,"Blood Vial":12,"Sozu":70,"SlaversCollar":26,"Anchor":12,"CaptainsWheel":57,"Strawberry":17,"Toolbox":30,"Toxic Egg 2":51,"Meat on the Bone":88}],"Burning Blood":123,"Meat on the Bone":24},"card_choices":[{"not_picked":["Wild Strike","True Grit"],"picked":"Metallicize","floor":1.0},{"not_picked":["Warcry","Twin Strike"],"picked":"Clash","floor":2.0},{"not_picked":["Cleave","True Grit"],"picked":"Combust","floor":4.0},{"not_picked":["Clothesline","Flame Barrier","Sentinel"],"picked":"SKIP","floor":7.0},{"not_picked":["Sword Boomerang","Headbutt"],"picked":"Offering","floor":8.0},{"not_picked":["Twin Strike","Sever Soul"],"picked":"Flex","floor":12.0},{"not_picked":["Perfected Strike","Wild Strike","Twin Strike"],"picked":"SKIP","floor":14.0},{"not_picked":["Corruption","Barricade"],"picked":"Reaper","floor":16.0},{"not_picked":["Thunderclap","Anger"],"picked":"Dual Wield","floor":18.0},{"not_picked":["Disarm+1","Pommel Strike"],"picked":"Clothesline+1","floor":21.0},{"not_picked":["Armaments","Wild Strike","Clothesline+1"],"picked":"SKIP","floor":22.0},{"not_picked":["Pommel Strike","Warcry"],"picked":"Headbutt","floor":23.0},{"not_picked":["Clash","Rage"],"picked":"Cleave+1","floor":24.0},{"not_picked":["Headbutt","Havoc","Reaper"],"picked":"SKIP","floor":25.0},{"not_picked":["Shrug It Off+1","Body Slam"],"picked":"Thunderclap+1","floor":29.0},{"not_picked":["Pommel Strike+1","Wild Strike+1"],"picked":"Havoc+1","floor":30.0},{"not_picked":["Juggernaut","Demon Form"],"picked":"Bludgeon","floor":33.0},{"not_picked":["Combust","Anger+1"],"picked":"Dual Wield+1","floor":35.0},{"not_picked":["Rampage","Cleave"],"picked":"Infernal Blade+1","floor":37.0},{"not_picked":["Shrug It Off+1","Cleave"],"picked":"Flex+1","floor":38.0},{"not_picked":["Body Slam","Burning Pact+1"],"picked":"Warcry+1","floor":39.0},{"not_picked":["Burning Pact+1","Cleave+1"],"picked":"Inflame+1","floor":44.0},{"not_picked":["Dual Wield+1","Flame Barrier+1"],"picked":"Intimidate+1","floor":45.0},{"not_picked":["Havoc+1","Power Through+1"],"picked":"Whirlwind+1","floor":46.0},{"not_picked":["Whirlwind","Perfected Strike+1"],"picked":"Entrench+1","floor":48.0}],"player_experience":89000,"relics_obtained":[{"floor":8.0,"key":"Blood Vial"},{"floor":9.0,"key":"Anchor"},{"floor":12.0,"key":"Strawberry"},{"floor":23.0,"key":"Darkstone Periapt"},{"floor":25.0,"key":"Pen Nib"},{"floor":26.0,"key":"Toxic Egg 2"},{"floor":29.0,"key":"CaptainsWheel"},{"floor":43.0,"key":"PreservedInsect"},{"floor":44.0,"key":"Meat on the Bone"},{"floor":48.0,"key":"Blue Candle"}],"event_choices":[{"damage_healed":0.0,"max_hp_gain":0.0,"max_hp_loss":0.0,"gold_gain":0.0,"event_name":"The Cleric","player_choice":"Leave","floor":3.0,"gold_loss":0.0,"damage_taken":0.0},{"damage_healed":0.0,"max_hp_gain":0.0,"max_hp_loss":0.0,"gold_gain":175.0,"event_name":"Liars Game","player_choice":"AGREE","floor":5.0,"gold_loss":0.0,"damage_taken":0.0,"cards_obtained":["Doubt"]},{"damage_healed":0.0,"max_hp_gain":0.0,"max_hp_loss":0.0,"gold_gain":0.0,"event_name":"Living Wall","player_choice":"Grow","floor":10.0,"gold_loss":0.0,"damage_taken":0.0,"cards_upgraded":["Offering"]},{"cards_removed":["Defend_R"],"damage_healed":0.0,"max_hp_gain":0.0,"max_hp_loss":0.0,"gold_gain":0.0,"event_name":"Purifier","player_choice":"Purged","floor":20.0,"gold_loss":0.0,"damage_taken":0.0},{"damage_healed":29.0,"max_hp_gain":0.0,"max_hp_loss":0.0,"gold_gain":0.0,"event_name":"The Library","player_choice":"Heal","floor":31.0,"gold_loss":0.0,"damage_taken":0.0},{"damage_healed":0.0,"max_hp_gain":0.0,"max_hp_loss":0.0,"gold_gain":0.0,"event_name":"Lab","player_choice":"Got Potions","floor":41.0,"gold_loss":0.0,"damage_taken":0.0}],"is_beta":false,"boss_relics":[{"not_picked":["Pandora\u0027s Box","Runic Cube"],"picked":"SlaversCollar"},{"not_picked":["Astrolabe","Coffee Dripper"],"picked":"Sozu"}],"items_purged_floors":[19],"is_endless":false,"potions_floor_spawned":[2,7,16,21,24,29,33,37,38,45,46],"ascension_level":0}}