{"host":"1bvadgc0hovl67h4","time":1612928068,"event":{"mods":["BaseMod","Colored Map","Downfall","Hermit","Minty Spire (QoL Compilation)","Morshu Shopkeeper","Morshu Shopkeeper - ENHANCED","StSLib","The Cursed"],"gold_per_floor":[99,112,112,123,72,72,72,83,100,118,18,37,37,50,70,175,175,75,94,109,109,109],"floor_reached":21,"language":"ENG","playtime":1230,"items_purged":[],"score":226,"play_id":"094bc3c9-5171-4e6b-99dc-8ee4d254bdaa","local_time":"20210209193428","is_ascension_mode":true,"campfire_choices":[{"floor":1,"key":"RECALL"},{"data":"TheCursedMod:HellfireBreathing","floor":6,"key":"SMITH"},{"data":"TheCursedMod:TacticalStrike","floor":11,"key":"SMITH"},{"data":"TheCursedMod:TacticalStrike","floor":13,"key":"SMITH"},{"data":"TheCursedMod:CursedWand","floor":18,"key":"SMITH"}],"circlet_count":0,"master_deck":["TheCursedMod:Strike_TheCursed","TheCursedMod:Strike_TheCursed","TheCursedMod:Strike_TheCursed","TheCursedMod:Strike_TheCursed","TheCursedMod:Defend_TheCursed","TheCursedMod:Defend_TheCursed","TheCursedMod:Defend_TheCursed","TheCursedMod:Defend_TheCursed","TheCursedMod:CursedWand+1","TheCursedMod:CleanUpWorkshop","TheCursedMod:Dregs","TheCursedMod:Torture","TheCursedMod:StingEye","TheCursedMod:HellfireBreathing+1","TheCursedMod:SpitefulPray","TheCursedMod:TacticalStrike+1","TheCursedMod:CursedAmulet","TheCursedMod:TacticalStrike+1","TheCursedMod:SurpriseAttack","TheCursedMod:SmokeScreen","TheCursedMod:DemonicPact","CurseOfTheBell","TheCursedMod:ReleasedKnowledge","TheCursedMod:CursedBlade"],"relics":["TheCursedMod:BlackMagic101","downfall:HeartBlessingRed","Calling Bell","Art of War","InkBottle","TheCursedMod:MagicCandle","downfall:HeartBlessingBlue"],"acts_visited":["Exordium","TheCity"],"potions_floor_usage":[5,16,16],"damage_taken":[{"damage":23,"enemies":"Jaw Worm","floor":2,"turns":5},{"damage":0,"enemies":"Cultist","floor":4,"turns":3},{"damage":5,"enemies":"downfall:FleeingMerchant","floor":5,"turns":4},{"damage":9,"enemies":"2 Louse","floor":8,"turns":3},{"damage":4,"enemies":"Blue Slaver","floor":9,"turns":4},{"damage":4,"enemies":"Large Slime","floor":10,"turns":6},{"damage":11,"enemies":"Exordium Thugs","floor":12,"turns":3},{"damage":6,"enemies":"2 Fungi Beasts","floor":14,"turns":3},{"damage":0,"enemies":"Lots of Slimes","floor":15,"turns":2},{"damage":26,"enemies":"DF_ARCHETYPE_STREAMLINE","floor":16,"turns":10},{"damage":17,"enemies":"Shell Parasite","floor":19,"turns":6},{"damage":15,"enemies":"3 Byrds","floor":20,"turns":4},{"damage":69,"enemies":"Colosseum Nobs","floor":21,"turns":6}],"seed_played":"-5651168663795782337","potions_obtained":[{"floor":2,"key":"SkillPotion"},{"floor":4,"key":"FearPotion"},{"floor":12,"key":"Block Potion"},{"floor":14,"key":"Weak Potion"},{"floor":15,"key":"Explosive Potion"},{"floor":19,"key":"CultistPotion"}],"is_trial":false,"path_per_floor":["R","M","?","M","$","R","T","M","M","M","R","M","R","M","M","B",null,"R","M","M","?"],"character_chosen":"THE_CURSED","items_purchased":["TheCursedMod:HellfireBreathing"],"campfire_rested":0,"item_purchase_floors":[5],"current_hp_per_floor":[82,59,82,82,77,77,77,68,64,60,60,49,49,43,43,17,82,92,75,60,0,0],"gold":109,"neow_bonus":"TEN_PERCENT_HP_BONUS","is_daily":false,"chose_seed":false,"campfire_upgraded":4,"win_rate":0.0,"timestamp":1612928068,"path_taken":["R","M","?","M","?","R","T","M","M","M","R","M","R","M","M","BOSS","R","M","?","?"],"items_purchased_type":["Card"],"build_version":"2020-12-22","purchased_purges":0,"victory":false,"max_hp_per_floor":[82,82,82,82,82,82,82,82,82,82,82,82,82,82,82,82,82,92,92,92,92,92],"card_choices":[{"not_picked":["TheCursedMod:CircleOfCorruption","TheCursedMod:CircleOfFlame"],"picked":"TheCursedMod:FuryStrike","floor":2},{"not_picked":["TheCursedMod:Wield","TheCursedMod:ParallelWorld"],"picked":"TheCursedMod:Torture","floor":4},{"not_picked":["TheCursedMod:WearCloak","TheCursedMod:RavingStaff"],"picked":"TheCursedMod:StingEye","floor":5},{"not_picked":["TheCursedMod:CursedArmor","TheCursedMod:RavingStaff"],"picked":"TheCursedMod:SpitefulPray","floor":8},{"not_picked":["TheCursedMod:BloodBarrier","TheCursedMod:FleshFromBone"],"picked":"TheCursedMod:TacticalStrike","floor":9},{"not_picked":["TheCursedMod:ManaCirculation","TheCursedMod:Torture"],"picked":"TheCursedMod:CursedAmulet","floor":10},{"not_picked":["TheCursedMod:Wield","TheCursedMod:VitalStrike"],"picked":"TheCursedMod:TacticalStrike","floor":12},{"not_picked":["TheCursedMod:AshesToAshes","TheCursedMod:SpitefulPray"],"picked":"TheCursedMod:SurpriseAttack","floor":14},{"not_picked":["TheCursedMod:CursedStaff","TheCursedMod:Stretching"],"picked":"TheCursedMod:SmokeScreen","floor":15},{"not_picked":["TheCursedMod:CircleOfAbyss","TheCursedMod:ShockAndAwe"],"picked":"TheCursedMod:DemonicPact","floor":16},{"not_picked":["TheCursedMod:BloodBarrier","TheCursedMod:RavingStaff+1"],"picked":"TheCursedMod:ReleasedKnowledge","floor":19},{"not_picked":["TheCursedMod:WearCloak","TheCursedMod:HellfireBreathing"],"picked":"TheCursedMod:CursedBlade","floor":20}],"player_experience":272622,"relics_obtained":[{"floor":17,"key":"Art of War"},{"floor":17,"key":"InkBottle"},{"floor":17,"key":"TheCursedMod:MagicCandle"}],"event_choices":[{"cards_removed":["TheCursedMod:FuryStrike"],"damage_healed":23,"gold_gain":0,"player_choice":"Offered Uncommon","damage_taken":0,"max_hp_gain":0,"max_hp_loss":0,"event_name":"Bonfire Elementals","floor":3,"gold_loss":0}],"is_beta":false,"boss_relics":[{"not_picked":["Sozu","SlaversCollar"],"picked":"Calling Bell"}],"items_purged_floors":[],"is_endless":false,"potions_floor_spawned":[2,4,12,14,15,19],"killed_by":"Colosseum Nobs","ascension_level":3}}