{"host":"q9718omregw4er46","time":1612982989,"event":{"mods":["BaseMod","Bestiary","Colored Powertips","Custom Start","Minty Spire (QoL Compilation)","Quick Restart","Relic Stats"],"gold_per_floor":[119,119,130,141,157,157,182,197,197,224,237,120,149,208,208,285,285,296,29,29,40,40,40,65,2,2,27,41,41,41,55,55,127,127,142,142,196,0,19,53,69,69,148,148,178,193,226,226,226,226,226,226,226,14,39,39],"floor_reached":57,"language":"ENG","playtime":4753,"items_purged":["Strike_B","Strike_B","Zap"],"score":3121,"play_id":"58391e70-408c-4059-8308-bb1f9d7cb92d","local_time":"20210210234949","is_ascension_mode":true,"campfire_choices":[{"data":"Defragment","floor":6.0,"key":"SMITH"},{"data":"Loop","floor":15.0,"key":"SMITH"},{"data":"Fission","floor":23.0,"key":"SMITH"},{"floor":30.0,"key":"REST"},{"data":"Defragment","floor":32.0,"key":"SMITH"},{"data":"Loop","floor":42.0,"key":"SMITH"},{"data":"Biased Cognition","floor":44.0,"key":"SMITH"},{"floor":49.0,"key":"RECALL"},{"floor":53.0,"key":"DIG"}],"circlet_count":0,"master_deck":["AscendersBane","Defend_B","Defend_B","Defend_B+1","Dualcast+1","Glacier+1","Self Repair+1","Doom and Gloom+1","Defragment+1","Compile Driver","Hologram","Ball Lightning","Fission+1","Loop+1","Lockon","Electrodynamics","White Noise","White Noise","Storm","Loop+1","Defragment+1","Glacier","Biased Cognition+1","Skim","Glacier","Loop+1","Reinforced Body+1","Defragment+1","Defragment+1","PanicButton"],"relics":["Astrolabe","Torii","InkBottle","Happy Flower","Lizard Tail","Question Card","SlaversCollar","Membership Card","Tiny Chest","Bag of Preparation","Busted Crown","Incense Burner","Frozen Egg 2","HornCleat","Mercury Hourglass","Shovel","Regal Pillow","Omamori","Bottled Tornado","DollysMirror","Gremlin Horn"],"acts_visited":["Exordium","TheCity","TheBeyond","TheEnding"],"potions_floor_usage":[56,56],"damage_taken":[{"damage":0.0,"enemies":"Jaw Worm","floor":1.0,"turns":6.0},{"damage":0.0,"enemies":"2 Louse","floor":3.0,"turns":3.0},{"damage":0.0,"enemies":"Small Slimes","floor":4.0,"turns":3.0},{"damage":2.0,"enemies":"3 Louse","floor":5.0,"turns":4.0},{"damage":16.0,"enemies":"3 Sentries","floor":7.0,"turns":8.0},{"damage":0.0,"enemies":"Large Slime","floor":8.0,"turns":7.0},{"damage":0.0,"enemies":"Lagavulin","floor":10.0,"turns":8.0},{"damage":7.0,"enemies":"Gremlin Gang","floor":11.0,"turns":3.0},{"damage":8.0,"enemies":"Gremlin Nob","floor":13.0,"turns":3.0},{"damage":7.0,"enemies":"3 Sentries","floor":14.0,"turns":8.0},{"damage":23.0,"enemies":"The Guardian","floor":16.0,"turns":11.0},{"damage":7.0,"enemies":"Spheric Guardian","floor":18.0,"turns":6.0},{"damage":9.0,"enemies":"Chosen","floor":21.0,"turns":4.0},{"damage":29.0,"enemies":"Gremlin Leader","floor":24.0,"turns":4.0},{"damage":14.0,"enemies":"Book of Stabbing","floor":27.0,"turns":3.0},{"damage":1.0,"enemies":"Centurion and Healer","floor":28.0,"turns":4.0},{"damage":11.0,"enemies":"Sentry and Sphere","floor":31.0,"turns":3.0},{"damage":0.0,"enemies":"Collector","floor":33.0,"turns":7.0},{"damage":43.0,"enemies":"3 Darklings","floor":35.0,"turns":3.0},{"damage":9.0,"enemies":"2 Orb Walkers","floor":37.0,"turns":3.0},{"damage":1.0,"enemies":"3 Shapes","floor":39.0,"turns":3.0},{"damage":0.0,"enemies":"Reptomancer","floor":40.0,"turns":5.0},{"damage":1.0,"enemies":"Transient","floor":41.0,"turns":6.0},{"damage":0.0,"enemies":"Nemesis","floor":45.0,"turns":9.0},{"damage":0.0,"enemies":"3 Darklings","floor":46.0,"turns":5.0},{"damage":0.0,"enemies":"Giant Head","floor":47.0,"turns":7.0},{"damage":2.0,"enemies":"Donu and Deca","floor":50.0,"turns":4.0},{"damage":22.0,"enemies":"Awakened One","floor":51.0,"turns":16.0},{"damage":0.0,"enemies":"Shield and Spear","floor":55.0,"turns":4.0},{"damage":12,"enemies":"The Heart","floor":56,"turns":9}],"seed_played":"3446087853536874707","potions_obtained":[{"floor":1.0,"key":"SpeedPotion"},{"floor":5.0,"key":"DuplicationPotion"},{"floor":7.0,"key":"AttackPotion"},{"floor":13.0,"key":"DistilledChaos"},{"floor":31.0,"key":"EssenceOfSteel"},{"floor":39.0,"key":"Fire Potion"},{"floor":46.0,"key":"DistilledChaos"},{"floor":47.0,"key":"Dexterity Potion"},{"floor":55.0,"key":"SkillPotion"}],"is_trial":false,"path_per_floor":["M","?","M","M","M","R","E","M","T","E","M","$","E","?","R","B",null,"M","$","?","M","?","R","E","$","T","E","M","?","R","M","R","B",null,"M","?","?","$","M","E","M","R","T","R","E","M","E","T","R","B","B",null,"R","$","E","B",null],"character_chosen":"DEFECT","items_purchased":["Loop","Membership Card","White Noise","Storm","Frozen Egg 2","Glacier","Loop+1","DollysMirror","Defragment+1","FocusPotion","PanicButton"],"campfire_rested":1,"item_purchase_floors":[12,19,19,19,38,38,38,54,54,54,54],"current_hp_per_floor":[71,50,60,70,71,71,55,65,65,71,71,71,71,71,71,58,68,61,61,61,62,62,62,33,33,33,29,38,18,40,29,29,39,67,34,34,25,25,34,44,53,53,53,53,72,72,72,72,72,72,60,69,69,69,72,70],"gold":39,"neow_bonus":"BOSS_RELIC","is_daily":false,"chose_seed":false,"campfire_upgraded":6,"win_rate":0.0,"timestamp":1612982989,"path_taken":["M","?","M","M","M","R","E","M","T","E","M","$","E","?","R","BOSS","M","$","?","M","?","R","E","$","T","E","M","?","R","M","R","BOSS","M","?","?","$","M","E","M","R","T","R","E","M","E","?","R","BOSS","BOSS","R","$","E","BOSS"],"items_purchased_type":["Card","Relic","Card","Card","Relic","Card","Card","Relic","Card","Potion","Card"],"build_version":"2020-12-22","purchased_purges":3,"victory":true,"max_hp_per_floor":[71,71,71,71,71,71,71,71,71,71,71,71,71,71,71,71,71,71,71,71,71,71,71,71,71,71,71,71,76,76,76,76,76,76,76,72,72,72,72,72,72,72,72,72,72,72,72,72,72,72,72,72,72,72,72,72],"relic_stats":{"Regal Pillow":0,"Torii":21,"Happy Flower":[43],"Gremlin Horn":[0,0],"counters":[30,166],"Astrolabe":["Glacier","Self Repair","Doom and Gloom"],"Bag of Preparation":[30],"Question Card":18,"Mercury Hourglass":[187],"Lizard Tail":0,"Busted Crown":18,"Shovel":1,"Tiny Chest":1,"obtain_stats":[{"Regal Pillow":47,"Torii":7,"Happy Flower":10,"Gremlin Horn":55,"Astrolabe":0,"Bag of Preparation":27,"Incense Burner":37,"Omamori":48,"Frozen Egg 2":38,"Bottled Tornado":53,"Question Card":14,"Mercury Hourglass":43,"SlaversCollar":17,"Lizard Tail":13,"Busted Crown":34,"HornCleat":40,"Shovel":45,"DollysMirror":54,"Tiny Chest":24,"Membership Card":19,"Cracked Core":0,"InkBottle":9},{"Regal Pillow":26,"Torii":5,"Happy Flower":7,"Gremlin Horn":29,"Astrolabe":0,"Bag of Preparation":15,"Incense Burner":20,"Omamori":26,"Frozen Egg 2":20,"Bottled Tornado":28,"Question Card":9,"Mercury Hourglass":23,"SlaversCollar":11,"Lizard Tail":9,"Busted Crown":18,"HornCleat":22,"Shovel":24,"DollysMirror":28,"Tiny Chest":14,"Membership Card":12,"Cracked Core":0,"InkBottle":6},{"Regal Pillow":134,"Torii":24,"Happy Flower":39,"Gremlin Horn":157,"Astrolabe":0,"Bag of Preparation":80,"Incense Burner":100,"Omamori":134,"Frozen Egg 2":100,"Bottled Tornado":154,"Question Card":45,"Mercury Hourglass":114,"SlaversCollar":64,"Lizard Tail":45,"Busted Crown":94,"HornCleat":108,"Shovel":123,"DollysMirror":154,"Tiny Chest":77,"Membership Card":70,"Cracked Core":0,"InkBottle":31}],"InkBottle":[57]},"card_choices":[{"not_picked":["Beam Cell","BootSequence"],"picked":"Defragment","floor":1.0},{"not_picked":["Doom and Gloom","Redo"],"picked":"Compile Driver","floor":3.0},{"not_picked":["Doom and Gloom","Cold Snap","Redo"],"picked":"SKIP","floor":4.0},{"not_picked":["Coolheaded","Thunder Strike","Streamline"],"picked":"SKIP","floor":5.0},{"not_picked":["Hyperbeam","Gash","Hello World"],"picked":"SKIP","floor":7.0},{"not_picked":["Steam","Fusion"],"picked":"Hologram","floor":8.0},{"not_picked":["Beam Cell","Conserve Battery"],"picked":"Ball Lightning","floor":10.0},{"not_picked":["Redo","Compile Driver"],"picked":"Fission","floor":11.0},{"not_picked":["Hologram","Coolheaded"],"picked":"Lockon","floor":13.0},{"not_picked":["Multi-Cast","Biased Cognition","Fission"],"picked":"Electrodynamics","floor":16.0},{"not_picked":["Sweeping Beam","Leap","Force Field"],"picked":"White Noise","floor":18.0},{"not_picked":["Sweeping Beam","Chaos","Storm","Ball Lightning"],"picked":"SKIP","floor":21.0},{"not_picked":["Double Energy","Ball Lightning","Doom and Gloom","Beam Cell+1"],"picked":"SKIP","floor":24.0},{"not_picked":["Turbo","Steam Power","Loop"],"picked":"Defragment","floor":27.0},{"not_picked":["Hologram","All For One","Streamline+1","Stack"],"picked":"SKIP","floor":28.0},{"not_picked":["Streamline+1","Self Repair","Skim"],"picked":"Glacier","floor":31.0},{"not_picked":["Electrodynamics","Fission","Hyperbeam"],"picked":"Biased Cognition","floor":33.0},{"not_picked":["Go for the Eyes","Beam Cell"],"picked":"SKIP","floor":35.0},{"not_picked":["Hello World"],"picked":"Skim","floor":37.0},{"not_picked":["Beam Cell","Leap"],"picked":"SKIP","floor":39.0},{"not_picked":["Conserve Battery","Redo"],"picked":"SKIP","floor":40.0},{"not_picked":["Go for the Eyes","Turbo"],"picked":"SKIP","floor":41.0},{"not_picked":["Go for the Eyes","Turbo"],"picked":"SKIP","floor":41.0},{"not_picked":["Chill"],"picked":"Reinforced Body+1","floor":45.0},{"not_picked":["Double Energy+1","Rebound"],"picked":"SKIP","floor":46.0},{"not_picked":["Force Field","Leap"],"picked":"SKIP","floor":47.0},{"not_picked":["Lockon","Steam+1"],"picked":"SKIP","floor":55.0}],"player_experience":795920,"relics_obtained":[{"floor":7.0,"key":"Torii"},{"floor":9.0,"key":"InkBottle"},{"floor":10.0,"key":"Happy Flower"},{"floor":13.0,"key":"Lizard Tail"},{"floor":24.0,"key":"Tiny Chest"},{"floor":27.0,"key":"Bag of Preparation"},{"floor":37.0,"key":"Incense Burner"},{"floor":40.0,"key":"HornCleat"},{"floor":43.0,"key":"Mercury Hourglass"},{"floor":45.0,"key":"Shovel"},{"floor":47.0,"key":"Regal Pillow"},{"floor":48.0,"key":"Omamori"},{"floor":53.0,"key":"Bottled Tornado"},{"floor":55.0,"key":"Gremlin Horn"}],"event_choices":[{"damage_healed":0.0,"max_hp_gain":0.0,"max_hp_loss":0.0,"gold_gain":0.0,"event_name":"Shining Light","player_choice":"Entered Light","floor":2.0,"gold_loss":0.0,"damage_taken":21.0,"cards_upgraded":["Defend_B","Dualcast"]},{"damage_healed":0.0,"max_hp_gain":0.0,"max_hp_loss":0.0,"gold_gain":0.0,"event_name":"Dead Adventurer","player_choice":"Searched \u00272\u0027 times","floor":14.0,"gold_loss":0.0,"damage_taken":0.0,"relics_obtained":["Question Card"]},{"damage_healed":0.0,"max_hp_gain":0.0,"max_hp_loss":0.0,"gold_gain":0.0,"event_name":"The Library","player_choice":"Read","floor":22.0,"gold_loss":0.0,"damage_taken":0.0,"cards_obtained":["Loop"]},{"damage_healed":0.0,"max_hp_gain":5.0,"max_hp_loss":0.0,"gold_gain":0.0,"event_name":"Forgotten Altar","player_choice":"Shed Blood","floor":29.0,"gold_loss":0.0,"damage_taken":25.0},{"damage_healed":0.0,"max_hp_gain":0.0,"max_hp_loss":4.0,"gold_gain":0.0,"event_name":"Winding Halls","player_choice":"Max HP","floor":36.0,"gold_loss":0.0,"damage_taken":0.0},{"damage_healed":0.0,"max_hp_gain":0.0,"max_hp_loss":0.0,"gold_gain":0.0,"event_name":"Mysterious Sphere","player_choice":"Fight","floor":37.0,"gold_loss":0.0,"damage_taken":0.0}],"is_beta":false,"boss_relics":[{"not_picked":["Ectoplasm","SacredBark"],"picked":"SlaversCollar"},{"not_picked":["Coffee Dripper","Velvet Choker"],"picked":"Busted Crown"}],"items_purged_floors":[12,19,25],"is_endless":false,"potions_floor_spawned":[1,5,7,13,14,21,31,39,46,47,55],"ascension_level":20}}