{"host":"b4oqa93y40rb9616","time":1612994160,"event":{"mods":["BaseMod","Colored Map","Custom Start","DeckTracker","Keyboard Shortcuts","Minty Spire (QoL Compilation)","Permanent Neow","Quick Restart","StSLib","SuperFastMode","everything is the same but u backflip on backflip"],"gold_per_floor":[11,11,11,34,50,50,70,94,94,113,63,63,81,95,95,188,188,209,66,79,93,67,67,105,126,171,206,206,166,184,205,205,205,205],"floor_reached":33,"language":"KOR","playtime":854,"items_purged":["Strike_G"],"score":481,"play_id":"aff5768d-3923-4bf3-bc18-9ec99f5413f4","local_time":"20210211065600","is_ascension_mode":true,"campfire_choices":[{"data":"Deadly Poison","floor":6.0,"key":"SMITH"},{"data":"Catalyst","floor":12.0,"key":"SMITH"},{"data":"Tactician","floor":15.0,"key":"SMITH"},{"data":"Deadly Poison","floor":23.0,"key":"SMITH"},{"floor":28.0,"key":"REST"},{"floor":32.0,"key":"REST"}],"circlet_count":0,"master_deck":["AscendersBane","Strike_G","Strike_G","Strike_G","Defend_G","Defend_G","Defend_G","Survivor","Neutralize","Predator+1","Deadly Poison+1","Acrobatics","Tactician+1","Catalyst+1","Adrenaline","Backflip+1","Calculated Gamble","Cloak And Dagger","Backflip","Deadly Poison+1","Venomology","Blur","Flechettes"],"relics":["Ring of the Snake","FossilizedHelix","Golden Idol","Pear","Empty Cage","Potion Belt","Vajra","Turnip"],"acts_visited":["Exordium","TheCity"],"potions_floor_usage":[],"damage_taken":[{"damage":0.0,"enemies":"2 Louse","floor":1.0,"turns":5.0},{"damage":0.0,"enemies":"Jaw Worm","floor":4.0,"turns":2.0},{"damage":0.0,"enemies":"Cultist","floor":5.0,"turns":3.0},{"damage":0.0,"enemies":"2 Fungi Beasts","floor":7.0,"turns":3.0},{"damage":0.0,"enemies":"Looter","floor":8.0,"turns":3.0},{"damage":15.0,"enemies":"Lots of Slimes","floor":10.0,"turns":7.0},{"damage":0.0,"enemies":"Blue Slaver","floor":13.0,"turns":3.0},{"damage":0.0,"enemies":"Exordium Wildlife","floor":14.0,"turns":3.0},{"damage":21.0,"enemies":"Hexaghost","floor":16.0,"turns":8.0},{"damage":0.0,"enemies":"Chosen","floor":18.0,"turns":4.0},{"damage":0.0,"enemies":"3 Byrds","floor":20.0,"turns":4.0},{"damage":8.0,"enemies":"3 Cultists","floor":21.0,"turns":6.0},{"damage":10.0,"enemies":"Book of Stabbing","floor":24.0,"turns":4.0},{"damage":21.0,"enemies":"Sentry and Sphere","floor":25.0,"turns":6.0},{"damage":14.0,"enemies":"Slavers","floor":27.0,"turns":6.0},{"damage":21.0,"enemies":"Snecko","floor":30.0,"turns":4.0},{"damage":1.0,"enemies":"Centurion and Healer","floor":31.0,"turns":6.0},{"damage":0,"enemies":"Champ","floor":33,"turns":1}],"seed_played":"2935870838856244010","potions_obtained":[{"floor":4.0,"key":"SpeedPotion"},{"floor":5.0,"key":"ColorlessPotion"},{"floor":13.0,"key":"BlessingOfTheForge"},{"floor":16.0,"key":"PowerPotion"},{"floor":20.0,"key":"AttackPotion"},{"floor":21.0,"key":"Strength Potion"},{"floor":29.0,"key":"SkillPotion"},{"floor":29.0,"key":"Dexterity Potion"},{"floor":29.0,"key":"AttackPotion"}],"is_trial":false,"path_per_floor":["M","?","?","M","M","R","M","M","T","M","?","R","M","M","R","B",null,"M","$","M","M","$","R","E","M","T","E","R","?","M","M","R","B"],"character_chosen":"THE_SILENT","items_purchased":["Calculated Gamble","Deadly Poison"],"campfire_rested":2,"item_purchase_floors":[19,22],"current_hp_per_floor":[59,43,43,43,43,43,43,43,53,38,38,38,38,38,38,17,61,61,61,61,53,53,53,43,22,22,8,30,30,9,8,30,30,30],"gold":205,"neow_bonus":"ONE_RARE_RELIC","is_daily":false,"chose_seed":false,"campfire_upgraded":4,"win_rate":0.0,"timestamp":1612994160,"path_taken":["M","?","?","M","M","R","M","M","T","?","?","R","M","M","R","BOSS","M","$","M","M","$","R","E","M","T","E","R","?","M","M","R","BOSS"],"items_purchased_type":["Card","Card"],"build_version":"2020-12-22","purchased_purges":1,"victory":false,"max_hp_per_floor":[66,66,66,66,66,66,66,66,76,76,76,76,76,76,76,76,76,76,76,76,76,76,76,76,76,76,76,76,76,76,76,76,76,76],"card_choices":[{"not_picked":["PiercingWail","Quick Slash"],"picked":"Predator","floor":1.0},{"not_picked":["Underhanded Strike","Flying Knee"],"picked":"Deadly Poison","floor":4.0},{"not_picked":["Dagger Spray","PiercingWail"],"picked":"Acrobatics","floor":5.0},{"not_picked":["Cloak And Dagger","Flying Knee"],"picked":"Tactician","floor":7.0},{"not_picked":["Bouncing Flask","Expertise"],"picked":"Catalyst","floor":8.0},{"not_picked":["Slice","Tactician","Underhanded Strike"],"picked":"SKIP","floor":10.0},{"not_picked":["Underhanded Strike","Slice","Doppelganger"],"picked":"SKIP","floor":13.0},{"not_picked":["Finisher","Slice","Acrobatics"],"picked":"SKIP","floor":14.0},{"not_picked":["Die Die Die","Glass Knife"],"picked":"Adrenaline","floor":16.0},{"not_picked":["Quick Slash","Slice+1"],"picked":"Backflip+1","floor":18.0},{"not_picked":["Outmaneuver","Dagger Spray"],"picked":"Cloak And Dagger","floor":20.0},{"not_picked":["Caltrops","Outmaneuver"],"picked":"Backflip","floor":21.0},{"not_picked":["Escape Plan+1","Underhanded Strike"],"picked":"Venomology","floor":24.0},{"not_picked":["Deflect","Dodge and Roll","Concentrate"],"picked":"SKIP","floor":25.0},{"not_picked":["Backflip","Prepared"],"picked":"Blur","floor":27.0},{"not_picked":["Poisoned Stab","Underhanded Strike","Quick Slash"],"picked":"SKIP","floor":30.0},{"not_picked":["Infinite Blades","Dodge and Roll"],"picked":"Flechettes","floor":31.0}],"player_experience":424478,"relics_obtained":[{"floor":9.0,"key":"Pear"},{"floor":24.0,"key":"Potion Belt"},{"floor":26.0,"key":"Vajra"},{"floor":27.0,"key":"Turnip"}],"event_choices":[{"damage_healed":0.0,"max_hp_gain":0.0,"max_hp_loss":0.0,"gold_gain":0.0,"event_name":"Golden Idol","player_choice":"Take Damage","floor":2.0,"gold_loss":0.0,"damage_taken":16.0,"relics_obtained":["Golden Idol"]},{"damage_healed":0.0,"max_hp_gain":0.0,"max_hp_loss":0.0,"gold_gain":0.0,"event_name":"Accursed Blacksmith","player_choice":"Forge","floor":3.0,"gold_loss":0.0,"damage_taken":0.0,"cards_upgraded":["Predator"]},{"cards_removed":["Defend_G"],"damage_healed":0.0,"max_hp_gain":0.0,"max_hp_loss":0.0,"gold_gain":0.0,"event_name":"The Cleric","player_choice":"Card Removal","floor":11.0,"gold_loss":50.0,"damage_taken":0.0},{"damage_healed":0.0,"max_hp_gain":0.0,"max_hp_loss":0.0,"gold_gain":0.0,"event_name":"The Woman in Blue","player_choice":"Bought 3 Potions","floor":29.0,"gold_loss":0.0,"damage_taken":0.0}],"is_beta":false,"boss_relics":[{"not_picked":["Tiny House","Coffee Dripper"],"picked":"Empty Cage"}],"items_purged_floors":[19],"is_endless":false,"potions_floor_spawned":[4,5,13,16,20,21],"killed_by":"Champ","ascension_level":14}}