{"host":"5uuadjc5gi6cs0xs","time":1612971799,"event":{"mods":["2.2 Compatiblity","Abigail Mod","AchievementEnabler","Act Like it!","BaseMod","BetterRewards","Chen","FTL Soundtrack","Friendly Minions","Hero for Fun","KinomotoSakuraMod(????)","Kiyohime????","Koishi","Marisa????????","Minty Spire (QoL Compilation)","Onozuka Komachi Mod","Permanent Neow","Prisma Mod","Quick Restart","Railgun Mod","Rare Cards Sparkle","Relic Stats","Remilia??????","StSLib","The Administrix","The Animator","The Exalted","The Gatherer","TheSwordswoman","Waifu the Spire","WarShipGirlsR/????R mod","Yohane!","Yuri Mod","Yuyuko"],"gold_per_floor":[114,74,87,101,66,95,174,174,201,201,211,226,401,426,426,524,524,535,553,564,229,229,229,229],"floor_reached":23,"language":"DEU","playtime":1307,"items_purged":[],"score":220,"play_id":"5b3dcb04-5ef0-4624-acc7-32e9c760d4d2","local_time":"20210210164319","is_ascension_mode":true,"campfire_choices":[{"floor":8,"key":"REST"},{"data":"Blade Dance","floor":10,"key":"SMITH"},{"floor":15,"key":"REST"}],"circlet_count":0,"master_deck":["Strike_G+1","Strike_G","Strike_G","Strike_G","Defend_G","Defend_G","Defend_G","Defend_G","Survivor","Neutralize","Backstab","Reflex","Dagger Spray","Blade Dance+1","Storm of Steel","A Thousand Cuts","Slice","Choke+1","Doubt","After Image","Sucker Punch","Crippling Poison+1","Outmaneuver","Crippling Poison"],"relics":["Ring of the Snake","Toy Ornithopter","Boot","MealTicket","Philosopher\u0027s Stone","Happy Flower","Whetstone"],"acts_visited":["Exordium","TheCity"],"potions_floor_usage":[6,16,16,19,23],"damage_taken":[{"damage":2,"enemies":"Small Slimes","floor":1,"turns":4},{"damage":0,"enemies":"2 Louse","floor":3,"turns":3},{"damage":1,"enemies":"Cultist","floor":4,"turns":3},{"damage":49,"enemies":"Gremlin Nob","floor":6,"turns":5},{"damage":0,"enemies":"2 Fungi Beasts","floor":11,"turns":2},{"damage":0,"enemies":"Looter","floor":12,"turns":3},{"damage":52,"enemies":"The Guardian","floor":16,"turns":8},{"damage":11,"enemies":"Spheric Guardian","floor":18,"turns":4},{"damage":21,"enemies":"Shell Parasite","floor":19,"turns":4},{"damage":20,"enemies":"Centurion and Healer","floor":20,"turns":7},{"damage":40,"enemies":"Gremlin Leader","floor":23,"turns":4}],"seed_played":"-3955707500496820450","potions_obtained":[{"floor":4,"key":"Block Potion"},{"floor":6,"key":"Poison Potion"},{"floor":11,"key":"SteroidPotion"},{"floor":12,"key":"Strength Potion"},{"floor":18,"key":"Poison Potion"}],"is_trial":false,"path_per_floor":["M","?","M","M","?","E","?","R","T","R","M","M","?","T","R","B",null,"M","M","M","$","?","E"],"character_chosen":"THE_SILENT","items_purchased":["Happy Flower","Whetstone","Crippling Poison"],"campfire_rested":2,"item_purchase_floors":[21,21,21],"current_hp_per_floor":[47,47,47,46,63,14,14,35,35,35,35,35,35,35,56,14,70,59,43,23,38,25,0,0],"gold":229,"neow_bonus":"TRANSFORM_TWO_CARDS","is_daily":false,"chose_seed":false,"campfire_upgraded":1,"win_rate":0.0,"timestamp":1612971799,"path_taken":["M","?","M","M","?","E","?","R","T","R","M","M","?","?","R","BOSS","M","M","?","$","?","E"],"items_purchased_type":["Relic","Relic","Card"],"build_version":"2020-12-22","purchased_purges":0,"victory":false,"max_hp_per_floor":[70,70,70,70,70,70,70,70,70,70,70,70,70,70,70,70,70,70,70,70,70,75,75,75],"relic_stats":{"Happy Flower":[1],"counters":[11,47],"MealTicket":15,"Whetstone":["Choke","Strike_G"],"Boot":[47],"obtain_stats":[{"Happy Flower":21,"MealTicket":14,"Philosopher\u0027s Stone":17,"Whetstone":21,"Boot":9,"Toy Ornithopter":6,"Ring of the Snake":0},{"Happy Flower":10,"MealTicket":6,"Philosopher\u0027s Stone":7,"Whetstone":10,"Boot":4,"Toy Ornithopter":4,"Ring of the Snake":0},{"Happy Flower":43,"MealTicket":20,"Philosopher\u0027s Stone":28,"Whetstone":43,"Boot":15,"Toy Ornithopter":15,"Ring of the Snake":0}],"Toy Ornithopter":20,"Ring of the Snake":[22]},"card_choices":[{"not_picked":["Deflect","Catalyst"],"picked":"Dagger Spray","floor":1},{"not_picked":["Choke","Heel Hook"],"picked":"Blade Dance","floor":3},{"not_picked":["Flying Knee","Slice"],"picked":"Storm of Steel","floor":4},{"not_picked":["Dagger Spray","Finisher"],"picked":"A Thousand Cuts","floor":6},{"not_picked":["Bane","Concentrate"],"picked":"Slice","floor":11},{"not_picked":["Dagger Throw","Eviscerate"],"picked":"Choke","floor":12},{"not_picked":["Burst","Grand Finale"],"picked":"After Image","floor":16},{"not_picked":["Outmaneuver","Prepared"],"picked":"Sucker Punch","floor":18},{"not_picked":["Bouncing Flask","Dagger Throw"],"picked":"Crippling Poison+1","floor":19},{"not_picked":["Tactician","Slice+1"],"picked":"Outmaneuver","floor":20}],"player_experience":402203,"relics_obtained":[{"floor":6,"key":"Toy Ornithopter"},{"floor":9,"key":"Boot"},{"floor":14,"key":"MealTicket"}],"event_choices":[{"damage_healed":0,"gold_gain":0,"player_choice":"Left Gold","damage_taken":0,"max_hp_gain":0,"max_hp_loss":0,"event_name":"World of Goop","floor":2,"gold_loss":40},{"damage_healed":17,"gold_gain":0,"player_choice":"Healed","damage_taken":0,"max_hp_gain":0,"max_hp_loss":0,"event_name":"The Cleric","floor":5,"gold_loss":35},{"damage_healed":0,"gold_gain":79,"player_choice":"Gained Gold","damage_taken":0,"max_hp_gain":0,"max_hp_loss":0,"event_name":"Golden Wing","floor":7,"gold_loss":0},{"damage_healed":0,"gold_gain":175,"player_choice":"AGREE","damage_taken":0,"max_hp_gain":0,"max_hp_loss":0,"event_name":"Liars Game","floor":13,"gold_loss":0,"cards_obtained":["Doubt"]},{"damage_healed":0,"gold_gain":0,"player_choice":"Shed Blood","damage_taken":18,"max_hp_gain":5,"max_hp_loss":0,"event_name":"Forgotten Altar","floor":22,"gold_loss":0}],"is_beta":false,"boss_relics":[{"not_picked":["Runic Dome","Snecko Eye"],"picked":"Philosopher\u0027s Stone"}],"items_purged_floors":[],"is_endless":false,"potions_floor_spawned":[4,6,11,12,18],"killed_by":"Gremlin Leader","ascension_level":3}}