{"host":"ow66nzv2xecjoor3","time":1612939603,"event":{"mods":["BaseMod","Bestiary","Block Reminder","Colored Powertips","Curses Come First","Highlight Path","Keyboard Shortcuts","Minty Spire (QoL Compilation)","Permanent Neow","Relic Stats","StSLib","UnlockEverythingMod"],"gold_per_floor":[113,38,38,56,72,105,105,131,131,131,149,149,179,191,191,266,266,281,281,292,342,342,342,66,95,173,45,45,75,91,102,102,178,178,188,206,206,220,238,270,270,301,301,331,331,357,373,373,373,373,373,373,373,8,33,33],"floor_reached":57,"language":"ENG","playtime":3084,"items_purged":["Pain"],"score":3006,"play_id":"305fdeb4-b4de-4a5a-ba7b-475a7bab1c9b","local_time":"20210210004643","is_ascension_mode":true,"campfire_choices":[{"data":"Bash","floor":7.0,"key":"SMITH"},{"data":"Spot Weakness","floor":15.0,"key":"SMITH"},{"data":"Bludgeon","floor":23.0,"key":"SMITH"},{"data":"Corruption","floor":28.0,"key":"SMITH"},{"floor":32.0,"key":"REST"},{"floor":41,"key":"REST"},{"floor":49,"key":"RECALL"},{"floor":53,"key":"REST"}],"circlet_count":0,"master_deck":["AscendersBane","Strike_R+1","Defend_R","Defend_R","Defend_R","Bash+1","Feed+1","Feel No Pain","Anger+1","Twin Strike","Infernal Blade","Spot Weakness+1","True Grit","Shrug It Off","Corruption+1","Infernal Blade+1","Second Wind+1","True Grit+1","Dark Embrace","Ghostly Armor","Bludgeon+1","Entrench+1","Shrug It Off","Sentinel","Battle Trance","Shrug It Off","Demon Form","Burning Pact","Shrug It Off","Exhume","Evolve","Disarm+1"],"relics":["Burning Blood","Oddly Smooth Stone","Kunai","Whetstone","Bronze Scales","Mercury Hourglass","Astrolabe","White Beast Statue","MealTicket","The Courier","Centennial Puzzle","StrikeDummy","Black Star","Ornamental Fan","HornCleat","Ancient Tea Set","Blood Vial","Paper Frog","Ice Cream","Pen Nib","Toxic Egg 2","Orichalcum","Boot","Mummified Hand","OrangePellets","Dead Branch","Gambling Chip"],"acts_visited":["Exordium","TheCity","TheBeyond","TheEnding"],"potions_floor_usage":[39,40,42,44,51,56,56],"damage_taken":[{"damage":10.0,"enemies":"2 Louse","floor":1.0,"turns":3.0},{"damage":4.0,"enemies":"Jaw Worm","floor":4.0,"turns":6.0},{"damage":10.0,"enemies":"Small Slimes","floor":5.0,"turns":3.0},{"damage":8.0,"enemies":"Gremlin Nob","floor":6.0,"turns":3.0},{"damage":31.0,"enemies":"Lagavulin","floor":8.0,"turns":7.0},{"damage":0.0,"enemies":"2 Fungi Beasts","floor":11.0,"turns":3.0},{"damage":16.0,"enemies":"3 Sentries","floor":13.0,"turns":6.0},{"damage":6.0,"enemies":"Large Slime","floor":14.0,"turns":5.0},{"damage":20.0,"enemies":"Slime Boss","floor":16.0,"turns":9.0},{"damage":12.0,"enemies":"Spheric Guardian","floor":18.0,"turns":5.0},{"damage":1.0,"enemies":"Chosen","floor":20.0,"turns":6.0},{"damage":49.0,"enemies":"Slavers","floor":25.0,"turns":8.0},{"damage":71.0,"enemies":"Gremlin Leader","floor":29.0,"turns":9.0},{"damage":8.0,"enemies":"Centurion and Healer","floor":30.0,"turns":6.0},{"damage":0.0,"enemies":"Cultist and Chosen","floor":31.0,"turns":6.0},{"damage":26.0,"enemies":"Automaton","floor":33.0,"turns":8.0},{"damage":0.0,"enemies":"3 Shapes","floor":35.0,"turns":11.0},{"damage":10.0,"enemies":"3 Darklings","floor":36.0,"turns":5.0},{"damage":0.0,"enemies":"Spire Growth","floor":38.0,"turns":5.0},{"damage":22,"enemies":"Maw","floor":39,"turns":7},{"damage":70,"enemies":"Reptomancer","floor":40,"turns":8},{"damage":43,"enemies":"Nemesis","floor":42,"turns":7},{"damage":9,"enemies":"Giant Head","floor":44,"turns":6},{"damage":0,"enemies":"Nemesis","floor":46,"turns":5},{"damage":15,"enemies":"3 Darklings","floor":47,"turns":5},{"damage":37,"enemies":"Awakened One","floor":50,"turns":9},{"damage":76,"enemies":"Donu and Deca","floor":51,"turns":10},{"damage":29,"enemies":"Shield and Spear","floor":55,"turns":5},{"damage":17,"enemies":"The Heart","floor":56,"turns":7}],"seed_played":"-6472653963436795797","potions_obtained":[{"floor":5.0,"key":"SkillPotion"},{"floor":8.0,"key":"Strength Potion"},{"floor":11.0,"key":"BloodPotion"},{"floor":14.0,"key":"Fire Potion"},{"floor":16.0,"key":"BloodPotion"},{"floor":20.0,"key":"Fruit Juice"},{"floor":25.0,"key":"Strength Potion"},{"floor":29.0,"key":"Ancient Potion"},{"floor":31.0,"key":"Explosive Potion"},{"floor":33.0,"key":"DistilledChaos"},{"floor":35.0,"key":"PowerPotion"},{"floor":36.0,"key":"Swift Potion"},{"floor":38.0,"key":"SpeedPotion"},{"floor":39,"key":"Dexterity Potion"},{"floor":40,"key":"SkillPotion"},{"floor":42,"key":"Ancient Potion"},{"floor":44,"key":"SmokeBomb"},{"floor":46,"key":"EssenceOfSteel"},{"floor":47,"key":"BloodPotion"},{"floor":55,"key":"GamblersBrew"}],"is_trial":false,"path_per_floor":["M","$","?","M","M","E","R","E","T","T","M","?","E","M","R","B",null,"M","?","M","?","?","R","$","E","T","$","R","E","M","M","R","B",null,"M","M","?","M","M","E","R","E","T","E","T","E","M","?","R","B","B",null,"R","$","E","B",null],"character_chosen":"IRONCLAD","items_purchased":["White Beast Statue","Centennial Puzzle","Mummified Hand","OrangePellets"],"campfire_rested":3,"item_purchase_floors":[24,27,54,54],"current_hp_per_floor":[67,67,67,73,73,75,75,50,50,50,60,55,45,45,45,31,78,72,72,98,98,98,98,98,60,60,75,75,30,32,42,75,55,97,107,103,103,109,93,29,63,26,26,29,29,41,38,104,104,77,30,89,108,108,89,84],"gold":33,"neow_bonus":"THREE_RARE_CARDS","is_daily":false,"chose_seed":false,"campfire_upgraded":4,"win_rate":0.0,"timestamp":1612939603,"path_taken":["M","$","?","M","M","E","R","E","T","?","M","?","E","M","R","BOSS","M","?","M","?","?","R","$","E","T","$","R","E","M","M","R","BOSS","M","M","?","M","M","E","R","E","T","E","?","E","M","?","R","BOSS","BOSS","R","$","E","BOSS"],"items_purchased_type":["Relic","Relic","Relic","Relic"],"build_version":"2020-12-22","purchased_purges":1,"victory":true,"max_hp_per_floor":[78,78,78,82,86,90,90,90,90,90,94,94,94,94,94,94,94,94,94,98,98,98,98,98,103,103,103,103,103,107,111,111,111,111,115,115,115,115,115,115,115,115,115,119,119,123,127,104,104,108,108,108,108,108,112,116],"relic_stats":{"counters":[29,181],"Astrolabe":["Infernal Blade","Second Wind","True Grit"],"Dead Branch":[50],"Pen Nib":[10],"Whetstone":["Anger","Strike_R"],"Orichalcum":[6],"Boot":[21],"Burning Blood":174,"Mercury Hourglass":[655],"Blood Vial":10,"OrangePellets":[4],"Centennial Puzzle":[39],"Ornamental Fan":[112],"Mummified Hand":[28],"Bronze Scales":[539],"Gambling Chip":[10],"MealTicket":15,"Black Star":5,"Kunai":[47],"obtain_stats":[{"Ice Cream":44,"Whetstone":9,"Ancient Tea Set":42,"Boot":46,"Burning Blood":0,"Blood Vial":42,"Centennial Puzzle":27,"HornCleat":40,"Mummified Hand":54,"Gambling Chip":55,"MealTicket":25,"Kunai":8,"Toxic Egg 2":45,"Paper Frog":43,"Astrolabe":17,"Dead Branch":55,"Oddly Smooth Stone":6,"The Courier":26,"Pen Nib":44,"Orichalcum":46,"White Beast Statue":24,"Mercury Hourglass":13,"OrangePellets":54,"Ornamental Fan":40,"Bronze Scales":12,"Black Star":34,"StrikeDummy":29},{"Ice Cream":23,"Whetstone":5,"Ancient Tea Set":22,"Boot":24,"Burning Blood":0,"Blood Vial":22,"Centennial Puzzle":12,"HornCleat":21,"Mummified Hand":27,"Gambling Chip":28,"MealTicket":12,"Kunai":5,"Toxic Egg 2":23,"Paper Frog":22,"Astrolabe":9,"Dead Branch":28,"Oddly Smooth Stone":4,"The Courier":12,"Pen Nib":23,"Orichalcum":24,"White Beast Statue":11,"Mercury Hourglass":7,"OrangePellets":27,"Ornamental Fan":21,"Bronze Scales":6,"Black Star":16,"StrikeDummy":13},{"Ice Cream":140,"Whetstone":22,"Ancient Tea Set":134,"Boot":145,"Burning Blood":0,"Blood Vial":134,"Centennial Puzzle":63,"HornCleat":127,"Mummified Hand":169,"Gambling Chip":174,"MealTicket":63,"Kunai":22,"Toxic Egg 2":140,"Paper Frog":134,"Astrolabe":44,"Dead Branch":174,"Oddly Smooth Stone":15,"The Courier":63,"Pen Nib":140,"Orichalcum":145,"White Beast Statue":55,"Mercury Hourglass":31,"OrangePellets":169,"Ornamental Fan":127,"Bronze Scales":25,"Black Star":91,"StrikeDummy":72}]},"card_choices":[{"not_picked":["Juggernaut","Limit Break"],"picked":"Feed","floor":0.0},{"not_picked":["Pommel Strike","Perfected Strike"],"picked":"Feel No Pain","floor":1.0},{"not_picked":["Body Slam","Power Through"],"picked":"Anger","floor":4.0},{"not_picked":["Flex","Clothesline"],"picked":"Twin Strike","floor":5.0},{"not_picked":["Sentinel","Berserk"],"picked":"Infernal Blade","floor":6.0},{"not_picked":["Demon Form","Combust"],"picked":"Spot Weakness","floor":8.0},{"not_picked":["Flex","Carnage"],"picked":"True Grit","floor":11.0},{"not_picked":["Anger","Clothesline"],"picked":"Ghostly Armor","floor":13.0},{"not_picked":["Blood for Blood","Iron Wave"],"picked":"Shrug It Off","floor":14.0},{"not_picked":["Juggernaut","Impervious"],"picked":"Corruption","floor":16.0},{"not_picked":["Rage","Disarm"],"picked":"Dark Embrace","floor":18.0},{"not_picked":["Body Slam","Pommel Strike"],"picked":"Entrench+1","floor":20.0},{"not_picked":["Combust+1","Brutality"],"picked":"Sentinel","floor":25.0},{"not_picked":["Shockwave","Heavy Blade+1"],"picked":"Battle Trance","floor":29.0},{"not_picked":["Thunderclap","Body Slam"],"picked":"Shrug It Off","floor":30.0},{"not_picked":["Heavy Blade","Sever Soul","Flex"],"picked":"SKIP","floor":31.0},{"not_picked":["Limit Break","Bludgeon"],"picked":"Demon Form","floor":33.0},{"not_picked":["Body Slam+1","Blood for Blood+1","Wild Strike"],"picked":"SKIP","floor":35.0},{"not_picked":["Twin Strike+1","Anger+1","Havoc"],"picked":"SKIP","floor":36.0},{"not_picked":["Headbutt","Body Slam"],"picked":"Burning Pact","floor":38.0},{"not_picked":["Perfected Strike+1","Bloodletting"],"picked":"Shrug It Off","floor":39},{"not_picked":["Hemokinesis","Armaments","Clash+1"],"picked":"SKIP","floor":40},{"not_picked":["Wild Strike+1","Combust","Clothesline"],"picked":"SKIP","floor":42},{"not_picked":["Flex","Intimidate"],"picked":"Exhume","floor":44},{"not_picked":["Warcry+1","Flex+1"],"picked":"Evolve","floor":46},{"not_picked":["Body Slam+1","Seeing Red+1"],"picked":"Disarm+1","floor":47},{"not_picked":["Rampage+1","Perfected Strike+1","Sword Boomerang"],"picked":"SKIP","floor":55}],"player_experience":2831952,"relics_obtained":[{"floor":6.0,"key":"Oddly Smooth Stone"},{"floor":8.0,"key":"Kunai"},{"floor":9.0,"key":"Whetstone"},{"floor":13.0,"key":"Mercury Hourglass"},{"floor":25.0,"key":"MealTicket"},{"floor":26.0,"key":"The Courier"},{"floor":29.0,"key":"StrikeDummy"},{"floor":40,"key":"Ornamental Fan"},{"floor":40,"key":"HornCleat"},{"floor":42,"key":"Ancient Tea Set"},{"floor":42,"key":"Blood Vial"},{"floor":43,"key":"Paper Frog"},{"floor":44,"key":"Ice Cream"},{"floor":44,"key":"Pen Nib"},{"floor":45,"key":"Toxic Egg 2"},{"floor":46,"key":"Orichalcum"},{"floor":46,"key":"Boot"},{"floor":55,"key":"Dead Branch"},{"floor":55,"key":"Gambling Chip"}],"event_choices":[{"damage_healed":0.0,"max_hp_gain":0.0,"max_hp_loss":0.0,"gold_gain":0.0,"event_name":"Living Wall","player_choice":"Grow","floor":3.0,"gold_loss":0.0,"damage_taken":0.0,"cards_upgraded":["Feed"]},{"damage_healed":0.0,"max_hp_gain":0.0,"max_hp_loss":0.0,"gold_gain":0.0,"event_name":"Scrap Ooze","player_choice":"Success","floor":12.0,"gold_loss":0.0,"damage_taken":5.0,"relics_obtained":["Bronze Scales"]},{"damage_healed":0.0,"max_hp_gain":0.0,"max_hp_loss":0.0,"gold_gain":0.0,"cards_transformed":["Strike_R","Defend_R"],"event_name":"Drug Dealer","player_choice":"Became Test Subject","floor":19.0,"gold_loss":0.0,"damage_taken":0.0,"cards_obtained":["Ghostly Armor","Bludgeon"]},{"damage_healed":0.0,"max_hp_gain":0.0,"max_hp_loss":0.0,"gold_gain":50.0,"event_name":"Nest","player_choice":"Stole From Cult","floor":21.0,"gold_loss":0.0,"damage_taken":0.0},{"damage_healed":0.0,"max_hp_gain":0.0,"max_hp_loss":0.0,"gold_gain":0.0,"event_name":"The Library","player_choice":"Read","floor":22.0,"gold_loss":0.0,"damage_taken":0.0,"cards_obtained":["Shrug It Off"]},{"cards_removed":["Ghostly Armor"],"damage_healed":0.0,"max_hp_gain":0.0,"max_hp_loss":0.0,"gold_gain":0.0,"event_name":"Falling","player_choice":"Removed Skill","floor":37.0,"gold_loss":0.0,"damage_taken":0.0},{"damage_healed":104,"gold_gain":0,"player_choice":"Heal","damage_taken":0,"max_hp_gain":0,"max_hp_loss":23,"event_name":"The Moai Head","floor":48,"gold_loss":0}],"is_beta":false,"boss_relics":[{"not_picked":["Cursed Key","Busted Crown"],"picked":"Astrolabe"},{"not_picked":["Tiny House","Sozu"],"picked":"Black Star"}],"items_purged_floors":[2],"is_endless":false,"potions_floor_spawned":[5,8,11,14,16,20,25,29,30,31,33,35,36,38,39,40,42,44,46,47,55],"ascension_level":20}}