{"host":"ajxvnmsjfcleb5r5","time":1612967420,"event":{"mods":["2.2 Compatiblity","AchievementEnabler","BaseMod","Beaked The Cultist","Better Note","BetterRewards","Card Forge","Colored Powertips","DNKmod","Friendly Minions","Infinite Spire","Minty Spire (QoL Compilation)","Quick Restart","Shop Mod","StSLib","SuperFastMode"],"gold_per_floor":[110,110,185,199,199,228,242,242,242,242,19,53,4,17,17,122,122,138,150,150,62,74,40,50,60,60,60,60,79,79,107,107,209,209,227,245,245,245,260,260,284,284,360,360,373,399,399],"floor_reached":46,"language":"KOR","playtime":1456,"items_purged":["Regret"],"score":575,"play_id":"49a57221-d28a-42df-aa63-74c76a14131a","local_time":"20210210233020","is_ascension_mode":false,"campfire_choices":[{"floor":8.0,"key":"REST"},{"data":"infinitespire:NeuralNetwork","floor":10.0,"key":"SMITH"},{"floor":15.0,"key":"REST"},{"data":"Neutralize","floor":15.0,"key":"SMITH"},{"floor":28,"key":"REST"},{"data":"A Thousand Cuts","floor":28,"key":"SMITH"},{"data":"1","floor":32,"key":"LIFT"},{"floor":40,"key":"REST"},{"data":"A Thousand Cuts","floor":40,"key":"SMITH"},{"data":"2","floor":42,"key":"LIFT"},{"data":"3","floor":44,"key":"LIFT"}],"circlet_count":0,"master_deck":["Strike_G+1","Strike_G+1","Strike_G+1","Strike_G+1","Defend_G+1","Defend_G+1","Defend_G+1","Defend_G+1","Survivor","Neutralize+1","Quick Slash","infinitespire:NeuralNetwork+1","Slice","Prepared","Acrobatics","Slice","A Thousand Cuts+1","CurseOfTheBell","Prepared+1","PiercingWail+1","beaked:CrazyRituals+1","Cloak And Dagger+1","Concentrate+1","Storm of Steel+1","Expertise+1","Deflect+1","Deflect+1","Backflip+1","All Out Attack","A Thousand Cuts+1","beaked:AwakenedForm+1","Slice+1","Calculated Gamble+1","Setup+1","Well Laid Plans","Underhanded Strike+1"],"relics":["Ring of the Snake","Hammer of Thor","Seething Fire","Anvil of the Gods","Girya","infinitespire:CheckeredPen","infinitespire:PuzzleCube","Letter Opener","Mercury Hourglass","TheAbacus","infinitespire:Magic Flask","Calling Bell","Snake Skull","Toxic Egg 2","Tough Bandages","infinitespire:Midas Blood","MealTicket","beaked:SacredDeck","WristBlade","infinitespire:FocusingShard"],"acts_visited":["Exordium","TheCity","TheBeyond"],"potions_floor_usage":[46],"damage_taken":[{"damage":0.0,"enemies":"Small Slimes","floor":1.0,"turns":3.0},{"damage":0.0,"enemies":"2 Louse","floor":4.0,"turns":2.0},{"damage":8.0,"enemies":"Gremlin Nob","floor":6.0,"turns":3.0},{"damage":2.0,"enemies":"Jaw Worm","floor":7.0,"turns":2.0},{"damage":2.0,"enemies":"Lagavulin","floor":12.0,"turns":4.0},{"damage":0.0,"enemies":"Large Slime","floor":14.0,"turns":3.0},{"damage":0,"enemies":"Slime Boss","floor":16,"turns":6},{"damage":0,"enemies":"Chosen","floor":18,"turns":3},{"damage":8,"enemies":"2 Thieves","floor":19,"turns":3},{"damage":4,"enemies":"Shelled Parasite and Fungi","floor":22,"turns":4},{"damage":29,"enemies":"Centurion and Healer","floor":24,"turns":3},{"damage":0,"enemies":"Chosen and Byrds","floor":25,"turns":3},{"damage":0,"enemies":"Snake Plant","floor":29,"turns":3},{"damage":1,"enemies":"Slavers","floor":31,"turns":3},{"damage":0,"enemies":"Champ","floor":33,"turns":8},{"damage":0,"enemies":"Orb Walker","floor":35,"turns":2},{"damage":8,"enemies":"3 Darklings","floor":36,"turns":3},{"damage":8,"enemies":"Spire Growth","floor":39,"turns":3},{"damage":9,"enemies":"4 Shapes","floor":41,"turns":3},{"damage":0,"enemies":"3 Darklings","floor":45,"turns":2},{"damage":0,"enemies":"infinitespire:Three Voidlings","floor":46,"turns":2},{"damage":61,"enemies":"Nightmare_Alpha","floor":46,"turns":9}],"seed_played":"4365311218435428902","potions_obtained":[{"floor":1.0,"key":"DuplicationPotion"},{"floor":7.0,"key":"LiquidMemories"},{"floor":12.0,"key":"Energy Potion"},{"floor":14.0,"key":"Poison Potion"},{"floor":16,"key":"infinitespire:BlackPotion"}],"is_trial":false,"path_per_floor":["M","?","?","M","?","E","M","R","T","R","$","E","$","M","R","B",null,"M","M","?","$","M","$","M","M","T","?","R","M","?","E","R","B",null,"M","M","?","AVR","M","R","M","R","T","R","M","?"],"character_chosen":"THE_SILENT","items_purchased":["TheAbacus","Slice","Cloak And Dagger+1","Concentrate+1","Expertise+1"],"campfire_rested":4,"item_purchase_floors":[11,13,21,21,23],"current_hp_per_floor":[49,32,21,21,21,13,11,32,32,32,32,30,30,30,51,51,70,70,62,62,62,58,58,29,29,29,29,50,50,50,49,49,49,70,70,62,62,62,54,70,61,61,61,61,61,0,0],"gold":399,"neow_bonus":"REMOVE_TWO","is_daily":false,"chose_seed":false,"campfire_upgraded":4,"win_rate":0.0,"timestamp":1612967420,"path_taken":["M","?","?","M","?","E","M","R","T","R","$","E","$","?","R","BOSS","M","M","?","?","M","$","M","?","T","?","R","M","?","E","R","BOSS","M","M","?","AVR","M","R","?","R","T","R","M","?"],"items_purchased_type":["Relic","Card","Card","Card","Card"],"build_version":"2020-12-22","purchased_purges":1,"victory":false,"max_hp_per_floor":[70,70,70,70,70,70,70,70,70,70,70,70,70,70,70,70,70,70,70,70,70,70,70,70,70,70,70,70,70,70,70,70,70,70,70,70,70,70,70,70,70,70,70,70,70,70,70],"card_choices":[{"not_picked":["Poisoned Stab","Slice"],"picked":"Quick Slash","floor":1.0},{"not_picked":["infinitespire:Gouge","infinitespire:UltimateForm"],"picked":"infinitespire:NeuralNetwork","floor":2.0},{"not_picked":["Flying Knee","Predator"],"picked":"Slice","floor":4.0},{"not_picked":["Masterful Stab","Phantasmal Killer"],"picked":"Prepared","floor":6.0},{"not_picked":["Flying Knee","Dodge and Roll"],"picked":"Acrobatics","floor":7.0},{"not_picked":["Skewer","Terror","Quick Slash"],"picked":"SKIP","floor":12.0},{"not_picked":["Sucker Punch","Deadly Poison","Dodge and Roll"],"picked":"SKIP","floor":14.0},{"not_picked":["Bullet Time","Envenom"],"picked":"A Thousand Cuts","floor":16},{"not_picked":["Finisher","Deadly Poison+1"],"picked":"Prepared+1","floor":18},{"not_picked":["Sucker Punch","Noxious Fumes"],"picked":"PiercingWail+1","floor":19},{"not_picked":["Sucker Punch+1","Leg Sweep+1"],"picked":"Storm of Steel+1","floor":22},{"not_picked":["PiercingWail+1","Underhanded Strike"],"picked":"Deflect+1","floor":24},{"not_picked":["Leg Sweep+1","Blur+1"],"picked":"Deflect+1","floor":25},{"not_picked":["Concentrate+1","Quick Slash+1"],"picked":"Backflip+1","floor":29},{"not_picked":["Deadly Poison+1","Poisoned Stab"],"picked":"All Out Attack","floor":31},{"not_picked":["Wraith Form v2","Die Die Die"],"picked":"A Thousand Cuts","floor":33},{"not_picked":["Sucker Punch+1","Terror+1"],"picked":"Slice+1","floor":35},{"not_picked":["Bane","Slice"],"picked":"Calculated Gamble+1","floor":36},{"not_picked":["Backflip+1","Dagger Spray"],"picked":"Setup+1","floor":39},{"not_picked":["Setup+1","Slice"],"picked":"Well Laid Plans","floor":41},{"not_picked":["Well Laid Plans+1","Cloak And Dagger+1"],"picked":"Underhanded Strike+1","floor":45}],"player_experience":173618,"relics_obtained":[{"floor":6.0,"key":"Letter Opener"},{"floor":9.0,"key":"Mercury Hourglass"},{"floor":12.0,"key":"infinitespire:Magic Flask"},{"floor":17,"key":"Snake Skull"},{"floor":17,"key":"Toxic Egg 2"},{"floor":17,"key":"Tough Bandages"},{"floor":26,"key":"infinitespire:Midas Blood"},{"floor":31,"key":"MealTicket"},{"floor":43,"key":"infinitespire:FocusingShard"}],"event_choices":[{"damage_healed":0.0,"max_hp_gain":0.0,"max_hp_loss":0.0,"gold_gain":75.0,"event_name":"World of Goop","player_choice":"Gather Gold","floor":3.0,"gold_loss":0.0,"damage_taken":11.0},{"damage_healed":0.0,"max_hp_gain":0.0,"max_hp_loss":0.0,"gold_gain":0.0,"event_name":"Big Fish","player_choice":"Box","floor":5.0,"gold_loss":0.0,"damage_taken":0.0,"relics_obtained":["infinitespire:PuzzleCube"],"cards_obtained":["Regret"]},{"cards_removed":["infinitespire:NeuralNetwork"],"damage_healed":0,"gold_gain":0,"player_choice":"Take \u0026 Give","damage_taken":0,"max_hp_gain":0,"max_hp_loss":0,"event_name":"betterNote:BetterNote","floor":20,"gold_loss":0,"cards_obtained":["beaked:CrazyRituals"]},{"damage_healed":0,"gold_gain":0,"player_choice":"Ignored","damage_taken":0,"max_hp_gain":0,"max_hp_loss":0,"event_name":"Ghosts","floor":27,"gold_loss":0},{"damage_healed":0,"gold_gain":0,"player_choice":"Simplicity","damage_taken":0,"max_hp_gain":0,"max_hp_loss":0,"event_name":"Back to Basics","floor":30,"gold_loss":0,"cards_upgraded":["Strike_G","Strike_G","Strike_G","Strike_G","Defend_G","Defend_G","Defend_G","Defend_G"]},{"damage_healed":0,"gold_gain":0,"player_choice":"Forge","damage_taken":0,"max_hp_gain":0,"max_hp_loss":0,"event_name":"Accursed Blacksmith","floor":37,"gold_loss":0,"cards_upgraded":["beaked:AwakenedForm"]}],"is_beta":false,"boss_relics":[{"not_picked":["SlaversCollar","Cursed Key"],"picked":"Calling Bell"},{"not_picked":["Empty Cage","Fusion Hammer"],"picked":"beaked:SacredDeck"}],"items_purged_floors":[11],"is_endless":false,"potions_floor_spawned":[1,7,12,14,16,22,25,29,35,41],"killed_by":"Nightmare_Alpha","ascension_level":0}}