{"host":"f5gffvlv6a66yqkd","time":1612931825,"event":{"mods":["2.2 Compatiblity","BaseMod","Colored Map","Custom Start","DeckTracker","Keyboard Shortcuts","Minty Spire (QoL Compilation)","Permanent Neow","Quick Restart","Relic Stats","StSLib","SuperFastMode"],"gold_per_floor":[113,123,134,151,151,151,185,195,195,210,210,210,235,248,248,321,321,336,346,180,270,284,284,284],"floor_reached":23,"language":"KOR","playtime":493,"items_purged":["Strike_B"],"score":390,"play_id":"71970423-8fa7-41f8-8ff1-08201ad830f3","local_time":"20210210133705","is_ascension_mode":true,"campfire_choices":[{"data":"Zap","floor":6.0,"key":"SMITH"},{"data":"Sunder","floor":12.0,"key":"SMITH"},{"data":"Conserve Battery","floor":15,"key":"SMITH"}],"circlet_count":0,"master_deck":["AscendersBane","Strike_B","Defend_B","Defend_B","Defend_B","Defend_B","Zap+1","Dualcast","Streamline","Ball Lightning","Conserve Battery+1","Sunder+1","Rebound","Self Repair","FTL","Leap","Compile Driver","Electrodynamics","Glacier","Finesse","Loop+1"],"relics":["Cracked Core","MealTicket","Symbiotic Virus","Odd Mushroom","Coffee Dripper"],"acts_visited":["Exordium","TheCity"],"potions_floor_usage":[23,23],"damage_taken":[{"damage":1.0,"enemies":"Cultist","floor":1.0,"turns":3.0},{"damage":4.0,"enemies":"2 Louse","floor":2.0,"turns":2.0},{"damage":7.0,"enemies":"Jaw Worm","floor":3.0,"turns":2.0},{"damage":9.0,"enemies":"2 Fungi Beasts","floor":4.0,"turns":3.0},{"damage":28.0,"enemies":"3 Sentries","floor":7.0,"turns":5.0},{"damage":4.0,"enemies":"Red Slaver","floor":8.0,"turns":3.0},{"damage":10.0,"enemies":"3 Louse","floor":10.0,"turns":3.0},{"damage":20.0,"enemies":"The Mushroom Lair","floor":13.0,"turns":3.0},{"damage":0,"enemies":"Exordium Thugs","floor":14,"turns":2},{"damage":29,"enemies":"The Guardian","floor":16,"turns":13},{"damage":1,"enemies":"Spheric Guardian","floor":18,"turns":3},{"damage":0,"enemies":"Chosen","floor":19,"turns":3},{"damage":25,"enemies":"Snake Plant","floor":22,"turns":4},{"damage":44,"enemies":"Book of Stabbing","floor":23,"turns":4}],"seed_played":"-7525574123533315354","potions_obtained":[{"floor":4.0,"key":"FocusPotion"},{"floor":8.0,"key":"PowerPotion"},{"floor":16,"key":"DistilledChaos"}],"is_trial":false,"path_per_floor":["M","M","M","M","?","R","E","M","T","M","?","R","?","M","R","B",null,"M","M","$","?","M","E"],"character_chosen":"DEFECT","items_purchased":["Finesse"],"campfire_rested":0,"item_purchase_floors":[20],"current_hp_per_floor":[63,59,52,43,43,43,15,18,18,15,38,38,25,32,32,10,56,62,69,71,59,41,0,0],"gold":284,"neow_bonus":"REMOVE_CARD","is_daily":false,"chose_seed":false,"campfire_upgraded":3,"win_rate":0.0,"timestamp":1612931825,"path_taken":["M","?","M","M","?","R","E","M","T","M","?","R","?","M","R","BOSS","M","M","$","?","?","E"],"items_purchased_type":["Card"],"build_version":"2020-12-22","purchased_purges":1,"victory":false,"max_hp_per_floor":[71,71,71,71,71,71,71,71,71,71,71,71,71,71,71,71,71,71,71,71,71,71,71,71],"relic_stats":{"counters":[14,53],"MealTicket":2,"obtain_stats":[{"MealTicket":7,"Coffee Dripper":17,"Odd Mushroom":13,"Cracked Core":0,"Symbiotic Virus":9},{"MealTicket":5,"Coffee Dripper":10,"Odd Mushroom":8,"Cracked Core":0,"Symbiotic Virus":6},{"MealTicket":15,"Coffee Dripper":39,"Odd Mushroom":24,"Cracked Core":0,"Symbiotic Virus":18}]},"card_choices":[{"not_picked":["Stack","Conserve Battery"],"picked":"Streamline","floor":1.0},{"not_picked":["Sweeping Beam","Redo"],"picked":"Ball Lightning","floor":2.0},{"not_picked":["Compile Driver","Gash"],"picked":"Conserve Battery","floor":3.0},{"not_picked":["Gash","Streamline"],"picked":"Sunder","floor":4.0},{"not_picked":["Beam Cell","Cold Snap"],"picked":"Self Repair","floor":7.0},{"not_picked":["Hologram","Go for the Eyes"],"picked":"FTL","floor":8.0},{"not_picked":["Redo","Melter"],"picked":"Leap","floor":10.0},{"not_picked":["Reprogram","Steam"],"picked":"Compile Driver","floor":14},{"not_picked":["Amplify","Meteor Strike"],"picked":"Electrodynamics","floor":16},{"not_picked":["Steam","Force Field"],"picked":"Glacier","floor":18},{"not_picked":["Static Discharge","Lockon","Steam Power"],"picked":"SKIP","floor":19},{"not_picked":["Steam Power","Gash"],"picked":"Loop+1","floor":22}],"player_experience":1718566,"relics_obtained":[{"floor":7.0,"key":"MealTicket"},{"floor":9.0,"key":"Symbiotic Virus"},{"floor":13.0,"key":"Odd Mushroom"}],"event_choices":[{"damage_healed":0.0,"max_hp_gain":0.0,"max_hp_loss":0.0,"gold_gain":0.0,"cards_transformed":["Strike_B"],"event_name":"Living Wall","player_choice":"Change","floor":5.0,"gold_loss":0.0,"damage_taken":0.0,"cards_obtained":["Rebound"]},{"damage_healed":23.0,"max_hp_gain":0.0,"max_hp_loss":0.0,"gold_gain":0.0,"event_name":"Big Fish","player_choice":"Banana","floor":11.0,"gold_loss":0.0,"damage_taken":0.0},{"damage_healed":0.0,"max_hp_gain":0.0,"max_hp_loss":0.0,"gold_gain":0.0,"event_name":"Mushrooms","player_choice":"Fought Mushrooms","floor":13.0,"gold_loss":0.0,"damage_taken":0.0},{"damage_healed":0,"gold_gain":90,"player_choice":"GOLD ","damage_taken":12,"max_hp_gain":0,"max_hp_loss":0,"event_name":"Knowing Skull","floor":21,"potions_obtained":[],"gold_loss":0,"cards_obtained":[]}],"is_beta":false,"boss_relics":[{"not_picked":["Calling Bell","Cursed Key"],"picked":"Coffee Dripper"}],"items_purged_floors":[20],"is_endless":false,"potions_floor_spawned":[4,8,13,16,22],"killed_by":"Book of Stabbing","ascension_level":20}}