{"host":"d9m9v0h6vo0edadb","time":1612973128,"event":{"mods":["BaseMod","Hermit","Keyboard Shortcuts","Minty Spire (QoL Compilation)","StSLib","SuperFastMode","The Cursed"],"gold_per_floor":[119,119,119,44,59,59,98,98,148,148,148,161,181,194,194,287,287,311,39,58,78,78,93,93,93,93,113,28,78,78,99,99,198,198,212,5,5,20,20,20,39,39,39,39,70,0,0,0,0,0,0],"floor_reached":50,"language":"KOR","playtime":838,"items_purged":["Strike_G","Strike_G"],"score":986,"play_id":"71b0be8f-434c-42c9-91f8-84d44da43f2b","local_time":"20210211010528","is_ascension_mode":true,"campfire_choices":[{"data":"Deadly Poison","floor":6.0,"key":"SMITH"},{"data":"Crippling Poison","floor":8.0,"key":"SMITH"},{"data":"Neutralize","floor":11.0,"key":"SMITH"},{"data":"Noxious Fumes","floor":15.0,"key":"SMITH"},{"floor":24.0,"key":"REST"},{"floor":32.0,"key":"REST"},{"data":"Tactician","floor":40.0,"key":"SMITH"},{"data":"Acrobatics","floor":42.0,"key":"SMITH"},{"data":"Venomology","floor":44.0,"key":"SMITH"},{"floor":49,"key":"REST"}],"circlet_count":0,"master_deck":["AscendersBane","Strike_G+1","Strike_G","Strike_G","Defend_G","Defend_G","Defend_G+1","Defend_G","Defend_G","Survivor","Neutralize+1","Escape Plan","Deadly Poison+1","Crippling Poison+1","Catalyst","Venomology+1","Noxious Fumes","Bouncing Flask","Grand Finale","Prepared+1","Tactician+1","Flash of Steel","Acrobatics+1"],"relics":["Ring of the Snake","NeowsBlessing","Golden Idol","Regal Pillow","Potion Belt","SacredBark","Snake Skull","Orichalcum","Cursed Key","Toy Ornithopter","Oddly Smooth Stone","Red Mask"],"acts_visited":["Exordium","TheCity","TheBeyond"],"potions_floor_usage":[50],"damage_taken":[{"damage":0.0,"enemies":"Cultist","floor":1.0,"turns":1.0},{"damage":0.0,"enemies":"2 Louse","floor":5.0,"turns":1.0},{"damage":0.0,"enemies":"Gremlin Nob","floor":7.0,"turns":1.0},{"damage":0.0,"enemies":"Small Slimes","floor":12.0,"turns":3.0},{"damage":10.0,"enemies":"Blue Slaver","floor":13.0,"turns":3.0},{"damage":4.0,"enemies":"Large Slime","floor":14.0,"turns":4.0},{"damage":12.0,"enemies":"Hexaghost","floor":16.0,"turns":6.0},{"damage":7.0,"enemies":"Chosen","floor":18.0,"turns":4.0},{"damage":15.0,"enemies":"Shell Parasite","floor":20.0,"turns":4.0},{"damage":0.0,"enemies":"Snake Plant","floor":21.0,"turns":3.0},{"damage":13.0,"enemies":"Cultist and Chosen","floor":23.0,"turns":5.0},{"damage":9.0,"enemies":"Chosen and Byrds","floor":27.0,"turns":4.0},{"damage":17.0,"enemies":"Shelled Parasite and Fungi","floor":31.0,"turns":6.0},{"damage":17.0,"enemies":"Automaton","floor":33.0,"turns":10.0},{"damage":50.0,"enemies":"3 Darklings","floor":35.0,"turns":4.0},{"damage":1.0,"enemies":"3 Shapes","floor":38.0,"turns":10.0},{"damage":15.0,"enemies":"Transient","floor":41.0,"turns":6.0},{"damage":29.0,"enemies":"Reptomancer","floor":45.0,"turns":5.0},{"damage":128,"enemies":"Time Eater","floor":50,"turns":9}],"seed_played":"-3813743857973513814","potions_obtained":[{"floor":7.0,"key":"DuplicationPotion"},{"floor":10.0,"key":"EntropicBrew"},{"floor":10.0,"key":"Strength Potion"},{"floor":13.0,"key":"DuplicationPotion"},{"floor":27.0,"key":"AttackPotion"},{"floor":31.0,"key":"Strength Potion"},{"floor":41.0,"key":"SkillPotion"}],"is_trial":false,"path_per_floor":["M","?","?","$","M","R","E","R","T","?","R","M","M","M","R","B",null,"M","$","M","M","?","M","R","?","T","M","?","?","$","M","R","B",null,"M","$","?","M","$","R","M","R","T","R","E","?","?","?","R","B"],"character_chosen":"THE_SILENT","items_purchased":["Snake Skull","Toy Ornithopter","Tactician"],"campfire_rested":3,"item_purchase_floors":[19,36,36],"current_hp_per_floor":[59,59,41,41,41,41,41,41,41,41,41,41,31,27,27,15,49,42,42,27,27,27,14,47,47,47,38,38,38,38,21,54,37,54,4,4,4,60,60,60,45,45,45,45,26,26,26,26,59,0,0],"gold":0,"neow_bonus":"THREE_ENEMY_KILL","is_daily":false,"chose_seed":false,"campfire_upgraded":7,"win_rate":0.0,"timestamp":1612973128,"path_taken":["M","?","?","$","M","R","E","R","T","?","R","M","M","?","R","BOSS","M","$","M","M","?","M","R","?","T","M","?","?","$","M","R","BOSS","M","$","?","M","$","R","M","R","T","R","E","?","?","?","R","BOSS"],"items_purchased_type":["Relic","Relic","Card"],"build_version":"2020-12-22","purchased_purges":2,"victory":false,"max_hp_per_floor":[66,60,60,60,60,60,60,60,60,60,60,60,60,60,60,60,60,60,60,60,60,60,60,60,60,60,60,60,60,60,60,60,60,60,60,60,60,60,60,60,60,60,60,60,60,60,60,60,60,60,60],"card_choices":[{"not_picked":["Dodge and Roll","Tactician"],"picked":"Escape Plan","floor":1.0},{"not_picked":["Catalyst","Concentrate"],"picked":"Deadly Poison","floor":5.0},{"not_picked":["Caltrops","Outmaneuver"],"picked":"Crippling Poison","floor":7.0},{"not_picked":["Backflip","Blade Dance"],"picked":"Catalyst","floor":12.0},{"not_picked":["Sucker Punch","Quick Slash","Cloak And Dagger"],"picked":"SKIP","floor":13.0},{"not_picked":["Setup","Flechettes"],"picked":"Noxious Fumes","floor":14.0},{"not_picked":["Bullet Time","Envenom"],"picked":"Venomology","floor":16.0},{"not_picked":["Slice","Quick Slash","Accuracy+1"],"picked":"SKIP","floor":18.0},{"not_picked":["Dagger Spray","Deflect"],"picked":"Noxious Fumes","floor":20.0},{"not_picked":["Bouncing Flask","Sucker Punch","Dodge and Roll"],"picked":"SKIP","floor":21.0},{"not_picked":["Sucker Punch","Dodge and Roll"],"picked":"Bouncing Flask","floor":21.0},{"not_picked":["Setup","Predator","Crippling Poison"],"picked":"SKIP","floor":23.0},{"not_picked":["Choke+1","Concentrate","PiercingWail"],"picked":"SKIP","floor":27.0},{"not_picked":["Blade Dance","Cloak And Dagger+1","Bullet Time"],"picked":"SKIP","floor":31.0},{"not_picked":["Doppelganger","Storm of Steel"],"picked":"Grand Finale","floor":33.0},{"not_picked":["Distraction+1","Predator+1"],"picked":"Prepared+1","floor":35.0},{"not_picked":["Discovery","Panacea"],"picked":"Flash of Steel","floor":37.0},{"not_picked":["Flying Knee+1","Deflect"],"picked":"Acrobatics","floor":38.0},{"not_picked":["Burst","Riddle With Holes","Tactician+1"],"picked":"SKIP","floor":41.0},{"not_picked":["Eviscerate","Bane","Escape Plan"],"picked":"SKIP","floor":45.0}],"player_experience":1013377,"relics_obtained":[{"floor":7.0,"key":"Regal Pillow"},{"floor":9.0,"key":"Potion Belt"},{"floor":45.0,"key":"Oddly Smooth Stone"}],"event_choices":[{"damage_healed":0.0,"max_hp_gain":0.0,"max_hp_loss":6.0,"gold_gain":0.0,"event_name":"Golden Idol","player_choice":"Lose Max HP","floor":2.0,"gold_loss":0.0,"damage_taken":0.0,"relics_obtained":["Golden Idol"]},{"damage_healed":0.0,"max_hp_gain":0.0,"max_hp_loss":0.0,"gold_gain":0.0,"event_name":"Shining Light","player_choice":"Entered Light","floor":3.0,"gold_loss":0.0,"damage_taken":18.0,"cards_upgraded":["Strike_G","Defend_G"]},{"damage_healed":0.0,"max_hp_gain":0.0,"max_hp_loss":0.0,"gold_gain":0.0,"event_name":"Lab","player_choice":"Got Potions","floor":10.0,"gold_loss":0.0,"damage_taken":0.0},{"damage_healed":0.0,"max_hp_gain":0.0,"max_hp_loss":0.0,"gold_gain":0.0,"event_name":"The Mausoleum","player_choice":"Ignored","floor":22.0,"gold_loss":0.0,"damage_taken":0.0},{"damage_healed":0.0,"max_hp_gain":0.0,"max_hp_loss":0.0,"gold_gain":0.0,"event_name":"Ghosts","player_choice":"Ignored","floor":25.0,"gold_loss":0.0,"damage_taken":0.0},{"damage_healed":0.0,"max_hp_gain":0.0,"max_hp_loss":0.0,"gold_gain":0.0,"event_name":"Addict","player_choice":"Obtained Relic","floor":28.0,"gold_loss":85.0,"damage_taken":0.0,"relics_obtained":["Orichalcum"]},{"damage_healed":0.0,"max_hp_gain":0.0,"max_hp_loss":0.0,"gold_gain":50.0,"event_name":"Nest","player_choice":"Stole From Cult","floor":29.0,"gold_loss":0.0,"damage_taken":0.0},{"damage_healed":0.0,"max_hp_gain":0.0,"max_hp_loss":0.0,"gold_gain":0.0,"event_name":"SensoryStone","player_choice":"Memory 1","floor":37.0,"gold_loss":0.0,"damage_taken":0.0},{"damage_healed":0.0,"max_hp_gain":0.0,"max_hp_loss":0.0,"gold_gain":0.0,"event_name":"Tomb of Lord Red Mask","player_choice":"Paid","floor":46.0,"gold_loss":70.0,"damage_taken":0.0,"relics_obtained":["Red Mask"]},{"damage_healed":0,"gold_gain":0,"player_choice":"Ignored","damage_taken":0,"max_hp_gain":0,"max_hp_loss":0,"event_name":"Mysterious Sphere","floor":47,"gold_loss":0},{"cards_removed":["Noxious Fumes"],"damage_healed":0,"gold_gain":0,"player_choice":"Removed Power","damage_taken":0,"max_hp_gain":0,"max_hp_loss":0,"event_name":"Falling","floor":48,"gold_loss":0}],"is_beta":false,"boss_relics":[{"not_picked":["Astrolabe","Philosopher\u0027s Stone"],"picked":"SacredBark"},{"not_picked":["Velvet Choker","Runic Dome"],"picked":"Cursed Key"}],"items_purged_floors":[4,19],"is_endless":false,"potions_floor_spawned":[7,13,14,27,31,41],"killed_by":"Time Eater","ascension_level":20}}