{"host":"tt20evgc5n9vpo9f","time":1612933230,"event":{"mods":["BaseMod","BetterRewards","Friendly Minions","Hermit","Minty Spire (QoL Compilation)","StSLib","The Cursed","The Jungle","The Servant 0.9.4"],"gold_per_floor":[117,131,131,148,167,196,196,196,196,227,6,6,34,47,47,152,152,172,172,185,185,185,185,198,231,231,245,277,308,308,326,326,428,428,439,439,484,499,499,527,544,578,646,646,646,659,659,678,678,678],"floor_reached":51,"language":"ENG","playtime":1963,"items_purged":["hermit:Strike_Hermit"],"score":1263,"play_id":"afabdb6c-72f4-43bc-bcd5-6fb920dd6fcc","local_time":"20210209210030","is_ascension_mode":true,"campfire_choices":[{"data":"hermit:Manifest","floor":7,"key":"SMITH"},{"data":"hermit:Midnight","floor":12,"key":"SMITH"},{"data":"hermit:GoldenBullet","floor":15,"key":"SMITH"},{"data":"hermit:GoldenBullet","floor":23,"key":"SMITH"},{"data":"hermit:Covet","floor":30,"key":"SMITH"},{"data":"hermit:ShadowCloak","floor":32,"key":"SMITH"},{"data":"hermit:ShadowCloak","floor":45,"key":"SMITH"},{"floor":49,"key":"RECALL"}],"circlet_count":0,"master_deck":["hermit:Strike_Hermit+1","hermit:Strike_Hermit+1","hermit:Defend_Hermit+1","hermit:Defend_Hermit+1","hermit:Defend_Hermit+1","hermit:Snapshot+1","hermit:Covet+1","hermit:GoldenBullet+1","hermit:Manifest+1","hermit:Malice+1","hermit:Midnight+1","hermit:GoldenBullet+1","hermit:ShadowCloak+1","hermit:SprayPray+1","hermit:SprayPray+1","hermit:BlackWind+1","hermit:SprayPray+1","hermit:Manifest+1","hermit:Malice+1","hermit:Dissolve+1","hermit:ShadowCloak+1","hermit:BlackWind+1","CurseOfTheBell","hermit:Determination+1","hermit:GhostlyPresence+1","hermit:Coalescence+1","Madness+1","Madness+1","hermit:SprayPray+1","hermit:BlackWind+1"],"relics":["hermit:Momento","Oddly Smooth Stone","Lee\u0027s Waffle","Letter Opener","Mercury Hourglass","hermit:Horseshoe","Membership Card","Darkstone Periapt","Coffee Dripper","MutagenicStrength","Vajra","StoneCalendar","Calipers","Red Mask","Calling Bell","Pen Nib","StrikeDummy","Pocketwatch","Bird Faced Urn","Dream Catcher","Eternal Feather","Shuriken","Mark of the Bloom"],"acts_visited":["Exordium","TheCity","TheBeyond"],"potions_floor_usage":[6,16,16,25,25,28,28,37,42],"damage_taken":[{"damage":0,"enemies":"Cultist","floor":1,"turns":3},{"damage":7,"enemies":"2 Louse","floor":2,"turns":3},{"damage":0,"enemies":"Small Slimes","floor":4,"turns":3},{"damage":11,"enemies":"Exordium Wildlife","floor":5,"turns":3},{"damage":15,"enemies":"Gremlin Nob","floor":6,"turns":5},{"damage":0,"enemies":"3 Sentries","floor":10,"turns":3},{"damage":8,"enemies":"Gremlin Nob","floor":13,"turns":4},{"damage":2,"enemies":"Blue Slaver","floor":14,"turns":2},{"damage":31,"enemies":"Hexaghost","floor":16,"turns":9},{"damage":0,"enemies":"Chosen","floor":18,"turns":4},{"damage":3,"enemies":"2 Thieves","floor":20,"turns":3},{"damage":10,"enemies":"3 Cultists","floor":24,"turns":4},{"damage":2,"enemies":"Book of Stabbing","floor":25,"turns":3},{"damage":1,"enemies":"Centurion and Healer","floor":27,"turns":3},{"damage":37,"enemies":"Gremlin Leader","floor":28,"turns":7},{"damage":12,"enemies":"Masked Bandits","floor":29,"turns":2},{"damage":0,"enemies":"Sentry and Sphere","floor":31,"turns":2},{"damage":0,"enemies":"Automaton","floor":33,"turns":8},{"damage":3,"enemies":"3 Shapes","floor":35,"turns":2},{"damage":25,"enemies":"2 Orb Walkers","floor":37,"turns":4},{"damage":12,"enemies":"Orb Walker","floor":38,"turns":2},{"damage":2,"enemies":"Giant Head","floor":40,"turns":8},{"damage":12,"enemies":"4 Shapes","floor":41,"turns":3},{"damage":22,"enemies":"Nemesis","floor":42,"turns":7},{"damage":3,"enemies":"3 Darklings","floor":46,"turns":4},{"damage":0,"enemies":"Spire Growth","floor":48,"turns":4},{"damage":19,"enemies":"Time Eater","floor":50,"turns":9}],"seed_played":"-4183196611771885540","potions_obtained":[{"floor":3,"key":"ColorlessPotion"},{"floor":3,"key":"LiquidBronze"},{"floor":3,"key":"hermit:Eclipse"},{"floor":6,"key":"PowerPotion"},{"floor":18,"key":"hermit:Tonic"},{"floor":20,"key":"BlessingOfTheForge"},{"floor":25,"key":"GamblersBrew"},{"floor":28,"key":"FairyPotion"},{"floor":35,"key":"LiquidBronze"},{"floor":38,"key":"hermit:Eclipse"},{"floor":40,"key":"Energy Potion"},{"floor":48,"key":"SkillPotion"}],"is_trial":false,"path_per_floor":["M","M","?","M","M","E","R","?","T","E","$","R","E","M","R","B",null,"M","?","M","?","?","R","M","E","T","M","E","?","R","M","R","B",null,"M","?","?","M","?","E","M","E","T","?","R","M","?","M","R","B",null],"character_chosen":"HERMIT","items_purchased":["hermit:GoldenBullet","Oddly Smooth Stone","Lee\u0027s Waffle","hermit:ShadowCloak","Membership Card","hermit:SprayPray"],"campfire_rested":0,"item_purchase_floors":[0,0,0,11,11,11],"current_hp_per_floor":[82,75,75,75,64,49,49,42,42,42,42,42,34,32,32,1,82,82,66,63,63,63,63,53,51,51,50,13,1,1,1,1,1,93,90,90,65,57,45,49,43,27,27,81,81,80,80,80,80,61],"gold":678,"neow_bonus":"","is_daily":false,"chose_seed":false,"campfire_upgraded":7,"win_rate":0.0,"timestamp":1612933230,"path_taken":["M","M","?","?","M","E","R","?","T","E","$","R","E","M","R","BOSS","M","?","M","?","?","R","?","E","T","M","E","?","R","M","R","BOSS","M","?","?","M","?","E","M","E","T","?","R","M","?","M","R","BOSS"],"items_purchased_type":["Card","Relic","Relic","Card","Relic","Card"],"build_version":"2020-12-22","purchased_purges":1,"victory":true,"max_hp_per_floor":[82,82,82,82,82,82,82,82,82,82,82,82,82,82,82,82,82,82,87,87,87,87,87,87,87,87,87,87,87,87,87,87,87,93,93,93,93,93,93,93,93,93,93,81,81,81,81,81,81,81],"card_choices":[{"not_picked":["hermit:Coalescence","hermit:Scavenge"],"picked":"hermit:Manifest","floor":1},{"not_picked":["hermit:BodyArmor","hermit:Virtue","hermit:Ricochet"],"picked":"SKIP","floor":2},{"not_picked":["hermit:Glare","hermit:Deadeye"],"picked":"hermit:Malice","floor":4},{"not_picked":["hermit:Gestalt","hermit:HeroicBravado"],"picked":"hermit:Midnight","floor":5},{"not_picked":["hermit:Feint","hermit:EyeOfTheStorm","hermit:Coalescence"],"picked":"SKIP","floor":6},{"not_picked":["hermit:Feint","hermit:BodyArmor"],"picked":"hermit:GoldenBullet","floor":10},{"not_picked":["hermit:CursedWeapon","hermit:Quickdraw","hermit:Brawl"],"picked":"SKIP","floor":13},{"not_picked":["hermit:ItchyTrigger","hermit:FlashPowder"],"picked":"hermit:SprayPray","floor":14},{"not_picked":["hermit:Purgatory","hermit:EternalForm"],"picked":"hermit:BlackWind","floor":16},{"not_picked":["hermit:DeadMansHand","hermit:Glare","hermit:CalledShot+1"],"picked":"SKIP","floor":18},{"not_picked":["hermit:Feint","hermit:Enervate","hermit:TakeCover+1"],"picked":"SKIP","floor":20},{"not_picked":["hermit:WideOpen","hermit:Dive"],"picked":"hermit:SprayPray","floor":24},{"not_picked":["hermit:Dive","hermit:Adapt"],"picked":"hermit:Manifest+1","floor":25},{"not_picked":["hermit:EyeOfTheStorm","hermit:LowProfile"],"picked":"hermit:Malice","floor":27},{"not_picked":["hermit:HoleUp","hermit:HighCaliber"],"picked":"hermit:Dissolve","floor":28},{"not_picked":["hermit:GhostlyPresence+1","hermit:Feint+1"],"picked":"hermit:ShadowCloak","floor":29},{"not_picked":["hermit:Feint","hermit:Scavenge","hermit:Ricochet"],"picked":"SKIP","floor":31},{"not_picked":["hermit:EternalForm","hermit:FromBeyond"],"picked":"hermit:BlackWind","floor":33},{"not_picked":["hermit:HighCaliber+1","hermit:Vantage+1"],"picked":"hermit:Determination+1","floor":35},{"not_picked":["hermit:HoleUp+1","hermit:FullyLoaded+1"],"picked":"hermit:GhostlyPresence+1","floor":37},{"not_picked":["hermit:GhostlyPresence","hermit:BigShot+1"],"picked":"hermit:Coalescence+1","floor":38},{"not_picked":["hermit:ShadowCloak","hermit:Determination+1"],"picked":"hermit:SprayPray","floor":40},{"not_picked":["hermit:Coalescence","hermit:Ricochet","hermit:TrackingShot"],"picked":"SKIP","floor":41},{"not_picked":["hermit:Shortfuse","hermit:TakeAim+1"],"picked":"hermit:BlackWind","floor":42},{"not_picked":["hermit:CalledShot","hermit:Dive+1","hermit:Snipe+1"],"picked":"SKIP","floor":46},{"not_picked":["hermit:EyeOfTheStorm+1","hermit:TakeCover+1","hermit:Roulette+1"],"picked":"SKIP","floor":48}],"player_experience":1463474,"relics_obtained":[{"floor":6,"key":"Letter Opener"},{"floor":9,"key":"Mercury Hourglass"},{"floor":10,"key":"hermit:Horseshoe"},{"floor":13,"key":"Darkstone Periapt"},{"floor":25,"key":"Vajra"},{"floor":26,"key":"StoneCalendar"},{"floor":28,"key":"Calipers"},{"floor":29,"key":"Red Mask"},{"floor":34,"key":"Pen Nib"},{"floor":34,"key":"StrikeDummy"},{"floor":34,"key":"Pocketwatch"},{"floor":37,"key":"Bird Faced Urn"},{"floor":40,"key":"Dream Catcher"},{"floor":42,"key":"Eternal Feather"},{"floor":43,"key":"Shuriken"}],"event_choices":[{"damage_healed":0,"gold_gain":0,"player_choice":"Got Potions","damage_taken":0,"max_hp_gain":0,"max_hp_loss":0,"event_name":"Lab","floor":3,"gold_loss":0},{"cards_removed":["hermit:Defend_Hermit"],"damage_healed":0,"gold_gain":0,"player_choice":"Card Removal","damage_taken":7,"max_hp_gain":0,"max_hp_loss":0,"event_name":"Golden Wing","floor":8,"gold_loss":0},{"damage_healed":0,"gold_gain":0,"player_choice":"Shed Blood","damage_taken":21,"max_hp_gain":5,"max_hp_loss":0,"event_name":"Forgotten Altar","floor":19,"gold_loss":0},{"damage_healed":0,"gold_gain":0,"player_choice":"Ignored","damage_taken":0,"max_hp_gain":0,"max_hp_loss":0,"event_name":"Ghosts","floor":21,"gold_loss":0},{"damage_healed":0,"gold_gain":0,"player_choice":"Inject Mutagens","damage_taken":0,"relics_obtained":["MutagenicStrength"],"max_hp_gain":0,"max_hp_loss":0,"event_name":"Drug Dealer","floor":22,"gold_loss":0},{"damage_healed":0,"gold_gain":0,"player_choice":"Fought Bandits","damage_taken":0,"max_hp_gain":0,"max_hp_loss":0,"event_name":"Masked Bandits","floor":29,"gold_loss":0},{"cards_removed":["hermit:Strike_Hermit"],"damage_healed":0,"gold_gain":0,"player_choice":"Removed Attack","damage_taken":0,"max_hp_gain":0,"max_hp_loss":0,"event_name":"Falling","floor":36,"gold_loss":0},{"damage_healed":0,"gold_gain":0,"player_choice":"Fight","damage_taken":0,"max_hp_gain":0,"max_hp_loss":0,"event_name":"Mysterious Sphere","floor":37,"gold_loss":0},{"damage_healed":0,"gold_gain":0,"player_choice":"Embrace Madness","damage_taken":12,"max_hp_gain":0,"max_hp_loss":0,"event_name":"Winding Halls","floor":39,"gold_loss":0,"cards_obtained":["Madness","Madness"]},{"damage_healed":81,"gold_gain":0,"player_choice":"Heal","damage_taken":0,"max_hp_gain":0,"max_hp_loss":12,"event_name":"The Moai Head","floor":44,"gold_loss":0},{"damage_healed":0,"gold_gain":0,"player_choice":"Upgrade","damage_taken":0,"relics_obtained":["Mark of the Bloom"],"max_hp_gain":0,"max_hp_loss":0,"event_name":"MindBloom","floor":47,"gold_loss":0,"cards_upgraded":["hermit:Strike_Hermit","hermit:Strike_Hermit","hermit:Defend_Hermit","hermit:Defend_Hermit","hermit:Defend_Hermit","hermit:Snapshot","hermit:Malice","hermit:SprayPray","hermit:SprayPray","hermit:BlackWind","hermit:SprayPray","hermit:Malice","hermit:Dissolve","hermit:BlackWind","Madness","Madness","hermit:SprayPray","hermit:BlackWind"]}],"is_beta":false,"boss_relics":[{"not_picked":["Busted Crown","Ectoplasm"],"picked":"Coffee Dripper"},{"not_picked":["Empty Cage","hermit:BartenderGlass"],"picked":"Calling Bell"}],"items_purged_floors":[0],"is_endless":false,"potions_floor_spawned":[4,5,6,18,20,25,28,35,38,40,48],"ascension_level":4}}