{"host":"iyj530209nkhhjuz","time":1612969746,"event":{"mods":["AchievementEnabler","BaseMod","Better Match","Better Note","Better Third Choice","BetterRewards","Colored Map","Colored Powertips","Dark Map","Fox Events","Highlight Path","Minty Spire (QoL Compilation)","Permanent Neow","Random Character Button","Rare Cards Sparkle","Relic Stats","StSLib","Waifu the Spire"],"gold_per_floor":[109,120,9,23,42,72,72,72,98,124,134,154,172,202,202,297,297,311,311,327,346,13,13,13,38,111,145,145,145,145,20,20,121,121,163,163,61,75,0,0,31,31,31,61,71,71,71,85,85,85],"floor_reached":51,"language":"ENG","playtime":6549,"items_purged":["Strike_P","Strike_P","Defend_P"],"score":1157,"play_id":"046cba6c-cab6-411f-bdca-bf9461d8e28c","local_time":"20210210160906","is_ascension_mode":true,"campfire_choices":[{"data":"Eruption","floor":7.0,"key":"SMITH"},{"data":"Perseverance","floor":15.0,"key":"SMITH"},{"data":"Perseverance","floor":23.0,"key":"SMITH"},{"data":"Perseverance","floor":28.0,"key":"SMITH"},{"floor":32.0,"key":"REST"},{"data":"Wish","floor":40.0,"key":"SMITH"},{"floor":42,"key":"RECALL"},{"floor":47,"key":"DIG"},{"data":"1","floor":49,"key":"LIFT"}],"circlet_count":0,"master_deck":["Strike_P","Defend_P+1","Defend_P","Eruption+1","Vigilance","Consecrate","JustLucky","CarveReality","CutThroughFate","Finesse","CutThroughFate","ThirdEye+1","Perseverance+1","Perseverance+1","BattleHymn","Wireheading","Consecrate","JustLucky","DevaForm","BattleHymn+1","Seek+1","TalkToTheHand+1","Perseverance+1","SandsOfTime","Perseverance","Wish+1","Normality","TalkToTheHand+1"],"relics":["PureWater","Bag of Preparation","Frozen Eye","Unceasing Top","Orichalcum","War Paint","Toy Ornithopter","Pear","Empty Cage","Oddly Smooth Stone","Enchiridion","Lizard Tail","Molten Egg 2","HornCleat","Cursed Key","Regal Pillow","Red Mask","Damaru","Shovel","Girya","Omamori"],"acts_visited":["Exordium","TheCity","TheBeyond"],"potions_floor_usage":[50],"damage_taken":[{"damage":0.0,"enemies":"2 Louse","floor":1.0,"turns":2.0},{"damage":0.0,"enemies":"Cultist","floor":2.0,"turns":2.0},{"damage":0.0,"enemies":"Jaw Worm","floor":4.0,"turns":1.0},{"damage":11.0,"enemies":"Exordium Thugs","floor":5.0,"turns":6.0},{"damage":3.0,"enemies":"3 Sentries","floor":6.0,"turns":5.0},{"damage":1.0,"enemies":"Lagavulin","floor":10.0,"turns":7.0},{"damage":0.0,"enemies":"2 Fungi Beasts","floor":11.0,"turns":2.0},{"damage":0.0,"enemies":"Blue Slaver","floor":12.0,"turns":3.0},{"damage":0.0,"enemies":"3 Louse","floor":13.0,"turns":2.0},{"damage":8.0,"enemies":"3 Sentries","floor":14.0,"turns":5.0},{"damage":14.0,"enemies":"The Guardian","floor":16.0,"turns":7.0},{"damage":15.0,"enemies":"Spheric Guardian","floor":18.0,"turns":4.0},{"damage":11.0,"enemies":"Chosen","floor":20.0,"turns":6.0},{"damage":21.0,"enemies":"Sentry and Sphere","floor":21.0,"turns":5.0},{"damage":12.0,"enemies":"Slavers","floor":25.0,"turns":4.0},{"damage":4.0,"enemies":"Book of Stabbing","floor":27.0,"turns":6.0},{"damage":0.0,"enemies":"Automaton","floor":33.0,"turns":8.0},{"damage":0.0,"enemies":"Orb Walker","floor":35.0,"turns":4.0},{"damage":0.0,"enemies":"3 Darklings","floor":38.0,"turns":6.0},{"damage":43,"enemies":"Reptomancer","floor":41,"turns":5},{"damage":1,"enemies":"Giant Head","floor":44,"turns":5},{"damage":0,"enemies":"Spire Growth","floor":45,"turns":4},{"damage":10,"enemies":"Sphere and 2 Shapes","floor":48,"turns":8},{"damage":18,"enemies":"Time Eater","floor":50,"turns":15}],"seed_played":"-6575730216534892480","potions_obtained":[{"floor":1.0,"key":"Fruit Juice"},{"floor":4.0,"key":"CultistPotion"},{"floor":12.0,"key":"Fruit Juice"},{"floor":13.0,"key":"EssenceOfSteel"},{"floor":35.0,"key":"LiquidBronze"}],"is_trial":false,"path_per_floor":["M","M","$","M","M","E","R","?","T","E","M","M","M","E","R","B",null,"M","?","M","M","$","R","?","E","T","E","R","?","?","$","R","B",null,"M","?","$","M","?","R","E","R","T","E","M","$","R","M","R","B",null],"character_chosen":"WATCHER","items_purchased":["CarveReality","Bag of Preparation","Frozen Eye","Unceasing Top","AttackPotion","Consecrate","CutThroughFate","Finesse","SandsOfTime","Oddly Smooth Stone","Energy Potion","Energy Potion"],"campfire_rested":1,"item_purchase_floors":[0,0,0,0,0,0,3,3,22,22,37,37],"current_hp_per_floor":[63,63,63,63,52,49,49,77,77,76,76,82,82,84,84,70,92,77,77,66,45,45,45,29,27,27,23,23,23,23,23,50,50,92,92,92,92,92,92,92,49,49,49,48,48,48,48,38,38,25],"gold":85,"neow_bonus":"","is_daily":false,"chose_seed":false,"campfire_upgraded":5,"win_rate":0.0,"timestamp":1612969746,"path_taken":["M","M","$","M","M","E","R","?","T","E","M","M","?","E","R","BOSS","M","?","M","M","$","R","?","E","T","E","R","?","?","$","R","BOSS","M","?","$","?","?","R","E","R","T","E","M","?","R","M","R","BOSS"],"items_purchased_type":["Card","Relic","Relic","Relic","Potion","Card","Card","Card","Card","Relic","Potion","Potion"],"build_version":"2020-12-22","purchased_purges":3,"victory":true,"max_hp_per_floor":[77,77,77,77,77,77,77,77,77,77,77,82,82,92,92,92,92,92,92,92,92,92,92,92,92,92,92,92,92,92,92,92,92,92,92,92,92,92,92,92,92,92,92,92,92,92,92,92,92,92],"relic_stats":{"Lizard Tail":0,"Regal Pillow":45,"Shovel":1,"counters":[85,385],"Bag of Preparation":[96],"Orichalcum":[36],"War Paint":["Vigilance","Protect","Vault","Defend_P","Defend_P","ThirdEye"],"Cursed Key":1,"obtain_stats":[{"Gremlin Horn":43,"CeramicFish":0,"Vajra":4,"Lizard Tail":25,"HornCleat":27,"DollysMirror":36,"Sundial":47,"Strawberry":0,"Prayer Wheel":46,"Girya":44,"Pear":14,"Oddly Smooth Stone":22,"Pen Nib":44,"War Paint":42,"Akabeko":44,"SlaversCollar":34,"Shuriken":27,"Molten Egg 2":11,"foxEvents:LuckyCharm":5,"Unceasing Top":43,"Meat on the Bone":8,"Pocketwatch":7,"Regal Pillow":9,"Enchiridion":24,"Bag of Preparation":37,"Smiling Mask":26,"Ancient Tea Set":30,"Empty Cage":17,"Cursed Key":34,"Frozen Eye":0,"Nunchaku":8,"Matryoshka":37,"Shovel":43,"Pantograph":47,"Toolbox":0,"Tiny Chest":28,"Red Mask":41,"Ring of the Snake":0,"Runic Pyramid":17,"Golden Idol":3,"Circlet":0,"Damaru":41,"PreservedInsect":0,"Omamori":26,"Orichalcum":23,"Medical Kit":37,"White Beast Statue":37,"Ornamental Fan":9,"Turnip":9,"Bottled Lightning":6,"Membership Card":20,"PureWater":0,"Toy Ornithopter":30},{"Gremlin Horn":57,"CeramicFish":5,"Vajra":35,"Lizard Tail":76,"HornCleat":77,"DollysMirror":53,"Sundial":59,"Strawberry":5,"Prayer Wheel":31,"Girya":82,"Pear":71,"Oddly Smooth Stone":75,"Pen Nib":29,"War Paint":28,"Akabeko":57,"SlaversCollar":52,"Shuriken":49,"Molten Egg 2":11,"foxEvents:LuckyCharm":36,"Unceasing Top":28,"Meat on the Bone":4,"Pocketwatch":9,"Regal Pillow":38,"Enchiridion":75,"Bag of Preparation":27,"Smiling Mask":20,"Ancient Tea Set":23,"Empty Cage":43,"Cursed Key":78,"Frozen Eye":61,"Nunchaku":38,"Matryoshka":53,"Shovel":81,"Pantograph":59,"Toolbox":33,"Tiny Chest":22,"Red Mask":27,"Ring of the Snake":0,"Runic Pyramid":15,"Golden Idol":1,"Circlet":0,"Damaru":81,"PreservedInsect":33,"Omamori":48,"Orichalcum":19,"Medical Kit":27,"White Beast Statue":27,"Ornamental Fan":10,"Turnip":4,"Bottled Lightning":3,"Membership Card":17,"PureWater":0,"Toy Ornithopter":50},{"Gremlin Horn":240,"CeramicFish":27,"Vajra":144,"Lizard Tail":324,"HornCleat":330,"DollysMirror":221,"Sundial":251,"Strawberry":27,"Prayer Wheel":125,"Girya":358,"Pear":298,"Oddly Smooth Stone":320,"Pen Nib":116,"War Paint":111,"Akabeko":240,"SlaversCollar":217,"Shuriken":197,"Molten Egg 2":48,"foxEvents:LuckyCharm":147,"Unceasing Top":111,"Meat on the Bone":24,"Pocketwatch":42,"Regal Pillow":154,"Enchiridion":320,"Bag of Preparation":108,"Smiling Mask":82,"Ancient Tea Set":93,"Empty Cage":172,"Cursed Key":338,"Frozen Eye":263,"Nunchaku":154,"Matryoshka":221,"Shovel":353,"Pantograph":251,"Toolbox":139,"Tiny Chest":89,"Red Mask":108,"Ring of the Snake":0,"Runic Pyramid":62,"Golden Idol":4,"Circlet":0,"Damaru":353,"PreservedInsect":139,"Omamori":192,"Orichalcum":78,"Medical Kit":108,"White Beast Statue":108,"Ornamental Fan":44,"Turnip":24,"Bottled Lightning":16,"Membership Card":71,"PureWater":0,"Toy Ornithopter":201}],"Unceasing Top":[0],"Toy Ornithopter":31},"card_choices":[{"not_picked":["Nirvana","FlyingSleeves"],"picked":"JustLucky","floor":1.0},{"not_picked":["ClearTheMind","EmptyBody"],"picked":"CarveReality","floor":2.0},{"not_picked":["Indignation","EmptyBody"],"picked":"CutThroughFate","floor":4.0},{"not_picked":["Tantrum","EmptyBody"],"picked":"ThirdEye","floor":5.0},{"not_picked":["CarveReality","Prostrate"],"picked":"Perseverance","floor":6.0},{"not_picked":["ReachHeaven","SashWhip"],"picked":"Perseverance","floor":10.0},{"not_picked":["CutThroughFate","WaveOfTheHand"],"picked":"BattleHymn","floor":11.0},{"not_picked":["Judgement","BowlingBash"],"picked":"Wireheading","floor":12.0},{"not_picked":["Halt","Sanctity"],"picked":"Consecrate","floor":13.0},{"not_picked":["ClearTheMind","ReachHeaven"],"picked":"JustLucky","floor":14.0},{"not_picked":["Scrawl","MasterReality"],"picked":"DevaForm","floor":16.0},{"not_picked":["ClearTheMind","FollowUp"],"picked":"BattleHymn+1","floor":18.0},{"not_picked":["BowlingBash+1","ThirdEye"],"picked":"TalkToTheHand+1","floor":20.0},{"not_picked":["CutThroughFate","TalkToTheHand"],"picked":"Perseverance","floor":21.0},{"not_picked":["LikeWater","FearNoEvil"],"picked":"Perseverance","floor":25.0},{"not_picked":["Halt","ThirdEye","EmptyFist+1"],"picked":"SKIP","floor":27.0},{"not_picked":["Judgement","Omniscience"],"picked":"Wish","floor":33.0},{"not_picked":["FollowUp+1","Worship","Consecrate+1"],"picked":"SKIP","floor":35.0},{"not_picked":["WreathOfFlame+1","SashWhip+1","DeceiveReality+1"],"picked":"SKIP","floor":38.0},{"not_picked":["Omniscience","Conclude+1","Crescendo"],"picked":"SKIP","floor":41},{"not_picked":["DeceiveReality","TalkToTheHand+1","InnerPeace"],"picked":"SKIP","floor":44},{"not_picked":["CutThroughFate+1","FollowUp+1"],"picked":"TalkToTheHand+1","floor":45},{"not_picked":["EmptyMind+1","CutThroughFate+1","Sanctity"],"picked":"SKIP","floor":48}],"player_experience":505302,"relics_obtained":[{"floor":6.0,"key":"Orichalcum"},{"floor":9.0,"key":"War Paint"},{"floor":10.0,"key":"Toy Ornithopter"},{"floor":14.0,"key":"Pear"},{"floor":24.0,"key":"Enchiridion"},{"floor":25.0,"key":"Lizard Tail"},{"floor":26.0,"key":"Molten Egg 2"},{"floor":27.0,"key":"HornCleat"},{"floor":41,"key":"Damaru"},{"floor":43,"key":"Shovel"},{"floor":44,"key":"Girya"},{"floor":47,"key":"Omamori"}],"event_choices":[{"damage_healed":28.0,"max_hp_gain":0.0,"max_hp_loss":0.0,"gold_gain":0.0,"event_name":"Wheel of Change","player_choice":"Full Heal","floor":8.0,"gold_loss":0.0,"damage_taken":0.0},{"cards_removed":["Seek"],"damage_healed":0.0,"max_hp_gain":0.0,"max_hp_loss":0.0,"gold_gain":0.0,"event_name":"betterNote:BetterNote","player_choice":"Take \u0026 Give","floor":19.0,"gold_loss":0.0,"damage_taken":0.0,"cards_obtained":["Seek"]},{"damage_healed":0.0,"max_hp_gain":0.0,"max_hp_loss":0.0,"gold_gain":0.0,"event_name":"Cursed Tome","player_choice":"Obtained Book","floor":24.0,"gold_loss":0.0,"damage_taken":16.0},{"damage_healed":0.0,"max_hp_gain":0.0,"max_hp_loss":0.0,"gold_gain":0.0,"event_name":"Forgotten Altar","player_choice":"Smashed Altar","floor":29.0,"gold_loss":0.0,"damage_taken":0.0,"cards_obtained":["Decay"]},{"cards_removed":["Decay"],"damage_healed":0.0,"max_hp_gain":0.0,"max_hp_loss":0.0,"gold_gain":0.0,"event_name":"betterThird:BetterWriting","player_choice":"Elegance","floor":30.0,"gold_loss":0.0,"damage_taken":0.0},{"cards_removed":["CarveReality"],"damage_healed":0.0,"max_hp_gain":0.0,"max_hp_loss":0.0,"gold_gain":0.0,"event_name":"WeMeetAgain","player_choice":"Gave Card","floor":36.0,"gold_loss":0.0,"damage_taken":0.0,"relics_obtained":["Regal Pillow"]},{"damage_healed":0.0,"max_hp_gain":0.0,"max_hp_loss":0.0,"gold_gain":0.0,"event_name":"Tomb of Lord Red Mask","player_choice":"Paid","floor":39.0,"gold_loss":75.0,"damage_taken":0.0,"relics_obtained":["Red Mask"]}],"is_beta":false,"boss_relics":[{"not_picked":["Coffee Dripper","Calling Bell"],"picked":"Empty Cage"},{"not_picked":["Velvet Choker","Pandora\u0027s Box"],"picked":"Cursed Key"}],"items_purged_floors":[0,22,31],"is_endless":false,"potions_floor_spawned":[1,4,12,13,16,21,35,38,41,45],"ascension_level":3}}