{"host":"eft627g0ddukeijo","time":1612955869,"event":{"mods":["AchievementEnabler","BaseMod","Bestiary","Better Note","Block Reminder","Colored Powertips","Highlight Path","Minty Spire (QoL Compilation)","Permanent Neow","Rare Cards Sparkle","Relic Stats","StSLib","Weighted Paths"],"gold_per_floor":[110,110,38,38,56,56,56],"floor_reached":6,"language":"ENG","playtime":205,"items_purged":[],"score":49,"play_id":"83952503-ede6-4301-9d96-987f6daee70a","local_time":"20210210201749","is_ascension_mode":true,"campfire_choices":[],"circlet_count":0,"master_deck":["Strike_R","Strike_R","Strike_R","Strike_R","Strike_R","Defend_R","Defend_R","Defend_R","Defend_R","Bash","Twin Strike","Disarm","Decay","Sword Boomerang"],"relics":["Burning Blood","Juzu Bracelet","Golden Idol"],"acts_visited":["Exordium"],"potions_floor_usage":[6],"damage_taken":[{"damage":12,"enemies":"2 Louse","floor":1,"turns":4},{"damage":3,"enemies":"Cultist","floor":5,"turns":3},{"damage":52,"enemies":"3 Sentries","floor":6,"turns":7}],"seed_played":"-63583835044853093","potions_obtained":[{"floor":1,"key":"Energy Potion"}],"is_trial":false,"path_per_floor":["M","?","$","?","M","E"],"character_chosen":"IRONCLAD","items_purchased":["Disarm"],"campfire_rested":0,"item_purchase_floors":[3],"current_hp_per_floor":[66,46,46,46,49,0,0],"gold":56,"neow_bonus":"RANDOM_COMMON_RELIC","is_daily":false,"chose_seed":false,"campfire_upgraded":0,"win_rate":0.0,"timestamp":1612955869,"path_taken":["M","?","$","?","M","E"],"items_purchased_type":["Card"],"build_version":"2020-12-22","purchased_purges":0,"victory":false,"max_hp_per_floor":[80,80,80,80,80,80,80],"relic_stats":{"counters":[3,14],"Golden Idol":4,"Juzu Bracelet":0,"obtain_stats":[{"Golden Idol":2,"Juzu Bracelet":0,"Burning Blood":0},{"Golden Idol":1,"Juzu Bracelet":0,"Burning Blood":0},{"Golden Idol":4,"Juzu Bracelet":0,"Burning Blood":0}],"Burning Blood":12},"card_choices":[{"not_picked":["Thunderclap","Warcry"],"picked":"Twin Strike","floor":1},{"not_picked":["Sever Soul","Bloodletting"],"picked":"Sword Boomerang","floor":5}],"player_experience":550655,"relics_obtained":[],"event_choices":[{"damage_healed":0,"gold_gain":0,"player_choice":"Take Damage","damage_taken":20,"relics_obtained":["Golden Idol"],"max_hp_gain":0,"max_hp_loss":0,"event_name":"Golden Idol","floor":2,"gold_loss":0},{"damage_healed":0,"gold_gain":0,"player_choice":"Cursed","damage_taken":0,"max_hp_gain":0,"max_hp_loss":0,"event_name":"Wheel of Change","floor":4,"gold_loss":0,"cards_obtained":["Decay"]}],"is_beta":false,"boss_relics":[],"items_purged_floors":[],"is_endless":false,"potions_floor_spawned":[1],"killed_by":"3 Sentries","ascension_level":9}}