{"host":"qy1e0kd24tpj3i2m","time":1612968165,"event":{"mods":["Act Like it!","BaseMod","Better Skull","Better Vampires","Colored Map","Colored Powertips","Custom Start","Faster Ascension Climbing","Friendly Minions","GifTheSpireLib","Gremlin Skip","Highlight Path","Minty Spire (QoL Compilation)","Permanent Neow","Poor People Problems","Quick Restart","Red Circlet Mod","Relic Filter Mod","Relic Sorter","Reorder Act Four","SacredBarkPlus","Shop Mod","StSLib","SuperFastMode","Transform Curses","Wide Potions","没有小屋子和绿帽子啦"],"gold_per_floor":[112,132,146,156,156,156,156],"floor_reached":6,"language":"ZHS","playtime":154,"items_purged":[],"score":76,"play_id":"d6a6185a-490b-48f2-9584-82fe4783209b","local_time":"20210210234245","is_ascension_mode":true,"campfire_choices":[],"circlet_count":0,"master_deck":["AscendersBane","Strike_R","Strike_R","Strike_R","Strike_R","Strike_R","Defend_R","Defend_R","Defend_R","Defend_R","Bash","Whirlwind+1","Rage","Flame Barrier","Rage"],"relics":["Black Star"],"acts_visited":["Exordium"],"potions_floor_usage":[6],"damage_taken":[{"damage":1.0,"enemies":"Cultist","floor":1.0,"turns":3.0},{"damage":11.0,"enemies":"Jaw Worm","floor":2.0,"turns":5.0},{"damage":0.0,"enemies":"2 Louse","floor":3.0,"turns":1.0},{"damage":10.0,"enemies":"Large Slime","floor":4.0,"turns":8.0},{"damage":32,"enemies":"Gremlin Nob","floor":6,"turns":4}],"seed_played":"-6719088233264597198","potions_obtained":[{"floor":1.0,"key":"ElixirPotion"}],"is_trial":false,"path_per_floor":["M","M","M","M","?","E"],"character_chosen":"IRONCLAD","items_purchased":[],"campfire_rested":0,"item_purchase_floors":[],"current_hp_per_floor":[67,56,56,46,46,14,14],"gold":156,"neow_bonus":"BOSS_RELIC","is_daily":false,"chose_seed":false,"campfire_upgraded":0,"win_rate":0.0,"timestamp":1612968165,"path_taken":["M","?","M","M","?","E"],"items_purchased_type":[],"build_version":"2020-12-22","purchased_purges":0,"victory":false,"max_hp_per_floor":[75,75,75,75,75,75,75],"card_choices":[{"not_picked":["Rampage","Sentinel"],"picked":"Whirlwind","floor":1.0},{"not_picked":["Battle Trance","Havoc"],"picked":"Rage","floor":2.0},{"not_picked":["Iron Wave","Clash"],"picked":"Flame Barrier","floor":3.0},{"not_picked":["Sword Boomerang","Anger"],"picked":"Rage","floor":4.0}],"player_experience":1012039,"relics_obtained":[],"event_choices":[{"damage_healed":0.0,"max_hp_gain":0.0,"max_hp_loss":0.0,"gold_gain":0.0,"event_name":"Living Wall","player_choice":"Grow","floor":5.0,"gold_loss":0.0,"damage_taken":0.0,"cards_upgraded":["Whirlwind"]}],"is_beta":false,"boss_relics":[],"items_purged_floors":[],"is_endless":false,"potions_floor_spawned":[1],"killed_by":"Gremlin Nob","ascension_level":20}}