{"host":"9slw7l0ws16384qq","time":1612947975,"event":{"mods":["A Penny For Your Troubles","BaseMod","Colored Map","Downfall","Evolution","Hubris","Minty Spire (QoL Compilation)","Replay The Spire","StS++","StSLib"],"gold_per_floor":[99,99,99,112,125,156,156,156,169,188,188,217,217,217,217,217],"floor_reached":14,"language":"FRA","playtime":517,"items_purged":[],"score":203,"play_id":"a81af01f-d32a-4a05-8358-23a8f946ec87","local_time":"20210210100615","is_ascension_mode":true,"campfire_choices":[{"data":"Guardian:TwinSlam","floor":1,"key":"SMITH"},{"floor":8,"key":"REST"}],"circlet_count":0,"master_deck":["AscendersBane","Guardian:Strike_Guardian","Guardian:Strike_Guardian","Guardian:Strike_Guardian","Guardian:Strike_Guardian","Guardian:Defend_Guardian","Guardian:Defend_Guardian","Guardian:Defend_Guardian","Guardian:CurlUp","Guardian:TwinSlam+1","Guardian:Gem_Green","Guardian:Gem_Lightblue","Guardian:Gem_Green","Guardian:PiercingHide"],"relics":["Guardian:ModeShifter","EVO:Axolotl","Guardian:PickAxe","Guardian:StasisCodex","Tiny Chest","Pet Ghost","downfall:ShatteredFragment"],"acts_visited":["Exordium"],"potions_floor_usage":[6,12,12],"damage_taken":[{"damage":15,"enemies":"3 Sentries","floor":2,"turns":10},{"damage":15,"enemies":"2 Louse","floor":4,"turns":4},{"damage":5,"enemies":"Small Slimes","floor":5,"turns":4},{"damage":42,"enemies":"Gremlin Nob","floor":6,"turns":7},{"damage":0,"enemies":"Cultist","floor":9,"turns":3},{"damage":6,"enemies":"2 Fungi Beasts","floor":10,"turns":4},{"damage":0,"enemies":"Lagavulin","floor":12,"turns":7},{"damage":10,"enemies":"3 Sentries","floor":14,"turns":2}],"seed_played":"2112573199566575690","potions_obtained":[{"floor":4,"key":"Dexterity Potion"},{"floor":9,"key":"Reflective Coating"},{"floor":10,"key":"ColorlessPotion"},{"floor":12,"key":"StSpp:InhibitionPotion"}],"is_trial":false,"path_per_floor":["R","?","?","M","M","E","T","R","M","M","?","E","?","E"],"character_chosen":"GUARDIAN","items_purchased":[],"campfire_rested":1,"item_purchase_floors":[],"current_hp_per_floor":[80,65,70,55,50,8,8,35,35,29,29,29,5,0,0,0],"gold":217,"neow_bonus":"TEN_PERCENT_HP_BONUS","is_daily":false,"chose_seed":false,"campfire_upgraded":1,"win_rate":0.0,"timestamp":1612947975,"path_taken":["R","?","?","M","M","E","T","R","M","M","?","E","?","E"],"items_purchased_type":[],"build_version":"2020-12-22","purchased_purges":0,"victory":false,"max_hp_per_floor":[88,88,93,93,93,93,93,93,93,93,93,93,93,93,93,93],"card_choices":[{"not_picked":["Guardian:Gem_Green","Guardian:PrimingBeam"],"picked":"Guardian:Gem_Fragmented","floor":4},{"not_picked":["Guardian:EvasiveProtocol","Guardian:TemporalStrike"],"picked":"Guardian:Gem_Fragmented","floor":5},{"not_picked":["Guardian:VentSteam","Guardian:TemporalShield","Guardian:Repulse"],"picked":"SKIP","floor":6},{"not_picked":["Guardian:Gem_Yellow","Guardian:RollAttack","Guardian:PiercingHide"],"picked":"SKIP","floor":9},{"not_picked":["Guardian:Gem_Yellow","Guardian:RollAttack"],"picked":"Guardian:PiercingHide","floor":9},{"not_picked":["Guardian:Planning","Guardian:Gem_Green","Guardian:RefractedBeam"],"picked":"SKIP","floor":10},{"not_picked":["Guardian:TemporalStrike","Guardian:RollAttack","Guardian:Reroute"],"picked":"SKIP","floor":12}],"player_experience":1674386,"relics_obtained":[{"floor":6,"key":"Guardian:StasisCodex"},{"floor":7,"key":"Tiny Chest"},{"floor":12,"key":"Pet Ghost"}],"event_choices":[{"damage_healed":0,"gold_gain":0,"player_choice":"Donut","damage_taken":0,"max_hp_gain":5,"max_hp_loss":0,"event_name":"Big Fish","floor":3,"gold_loss":0}],"is_beta":false,"boss_relics":[],"items_purged_floors":[],"is_endless":false,"potions_floor_spawned":[4,9,10,12],"killed_by":"3 Sentries","ascension_level":13}}