{"host":"uu4d5a1dg638aknc","time":1612935252,"event":{"mods":["BaseMod","Minty Spire (QoL Compilation)","Quick Restart","Rare Cards Sparkle","Relic Stats","StSLib","The Alterego","The Bladedancer","Waifu the Spire"],"gold_per_floor":[116,134,134,153,123,123,198,198,198,212,231,231,231,246,246,246,246],"floor_reached":16,"language":"ZHS","playtime":571,"items_purged":[],"score":92,"play_id":"444fe17c-b251-4b03-971a-0a1091712bc0","local_time":"20210210133412","is_ascension_mode":false,"campfire_choices":[{"data":"blademaster:RagingBlow","floor":6,"key":"SMITH"},{"data":"blademaster:FuryOfTheElements","floor":8,"key":"SMITH"},{"floor":12,"key":"REST"},{"data":"blademaster:HighVoltage","floor":15,"key":"SMITH"}],"circlet_count":0,"master_deck":["blademaster:Strike","blademaster:Strike","blademaster:Strike","blademaster:Strike","blademaster:Defend","blademaster:Defend","blademaster:Defend","blademaster:Defend","blademaster:RagingBlow+1","blademaster:HighVoltage+1","blademaster:FuryOfTheElements+1","blademaster:ThunderingOpener"],"relics":["blademaster:DancersAmulet","Mummified Hand","White Beast Statue"],"acts_visited":["Exordium"],"potions_floor_usage":[11,11,11,16],"damage_taken":[{"damage":2,"enemies":"Jaw Worm","floor":1,"turns":5},{"damage":0,"enemies":"2 Louse","floor":2,"turns":2},{"damage":3,"enemies":"Small Slimes","floor":4,"turns":5},{"damage":2,"enemies":"Looter","floor":5,"turns":4},{"damage":19,"enemies":"Lots of Slimes","floor":10,"turns":8},{"damage":0,"enemies":"Exordium Thugs","floor":11,"turns":5},{"damage":1,"enemies":"3 Louse","floor":14,"turns":4},{"damage":61,"enemies":"Hexaghost","floor":16,"turns":11}],"seed_played":"5626194398764117733","potions_obtained":[{"floor":1,"key":"ColorlessPotion"},{"floor":4,"key":"Strength Potion"},{"floor":10,"key":"EssenceOfSteel"},{"floor":11,"key":"Swift Potion"},{"floor":14,"key":"Explosive Potion"}],"is_trial":false,"path_per_floor":["M","M","?","M","M","R","?","R","T","M","M","R","T","M","R","B"],"character_chosen":"THE_BLADEMASTER","items_purchased":[],"campfire_rested":1,"item_purchase_floors":[],"current_hp_per_floor":[73,73,73,70,68,68,57,57,57,38,38,60,60,59,59,0,0],"gold":246,"neow_bonus":"ONE_RANDOM_RARE_CARD","is_daily":false,"chose_seed":false,"campfire_upgraded":3,"win_rate":0.0,"timestamp":1612935252,"path_taken":["M","M","?","M","M","R","?","R","T","M","M","R","?","M","R","BOSS"],"items_purchased_type":[],"build_version":"2020-12-22","purchased_purges":0,"victory":false,"max_hp_per_floor":[75,75,75,75,75,75,75,75,75,75,75,75,75,75,75,75,75],"relic_stats":{"counters":[8,44],"Mummified Hand":[0],"obtain_stats":[{"Mummified Hand":9,"blademaster:DancersAmulet":0,"White Beast Statue":13},{"Mummified Hand":4,"blademaster:DancersAmulet":0,"White Beast Statue":6},{"Mummified Hand":16,"blademaster:DancersAmulet":0,"White Beast Statue":29}]},"card_choices":[{"not_picked":["blademaster:SlyStabs","blademaster:Frenzy","blademaster:CullingStrike"],"picked":"SKIP","floor":1},{"not_picked":["blademaster:KiBarrier","blademaster:ParryingStrike","blademaster:Flash"],"picked":"SKIP","floor":2},{"not_picked":["blademaster:SlyStabs","blademaster:Sunder","blademaster:AirSlash"],"picked":"SKIP","floor":4},{"not_picked":["blademaster:CombatPrep","blademaster:BloodyBlow","blademaster:Stability"],"picked":"SKIP","floor":5},{"not_picked":["blademaster:ChargingUp","blademaster:DragonStrike","blademaster:BloodyBlow"],"picked":"SKIP","floor":10},{"not_picked":["blademaster:FuriousStrike","blademaster:Frontflip"],"picked":"blademaster:ThunderingOpener","floor":11},{"not_picked":["blademaster:IcyWind","blademaster:BloodyBlow","blademaster:Sharpen"],"picked":"SKIP","floor":14}],"player_experience":97895,"relics_obtained":[{"floor":9,"key":"Mummified Hand"},{"floor":13,"key":"White Beast Statue"}],"event_choices":[{"damage_healed":0,"gold_gain":0,"player_choice":"Ignored","damage_taken":0,"max_hp_gain":0,"max_hp_loss":0,"event_name":"Golden Idol","floor":3,"gold_loss":0},{"damage_healed":0,"gold_gain":75,"player_choice":"Gather Gold","damage_taken":11,"max_hp_gain":0,"max_hp_loss":0,"event_name":"World of Goop","floor":7,"gold_loss":0}],"is_beta":false,"boss_relics":[],"items_purged_floors":[],"is_endless":false,"potions_floor_spawned":[1,4,10,11,14],"killed_by":"Hexaghost","ascension_level":0}}