{"host":"sum4dy402bbv9y4o","time":1612991437,"event":{"mods":["Aspiration","BaseMod","Conspire","Highlight Path","Minty Spire (QoL Compilation)","StSLib"],"gold_per_floor":[111,122,47,47,122,155,430,759,759,772,772,393,423,441,441,519,519,535,585,24,37,52,87,87,87,133,161,171,171,181,193,193,264,264,279,294,38,50,61,91,91,0,24,24,49,60,89,89,89,89,89],"floor_reached":50,"language":"ENG","playtime":2068,"items_purged":["Strike_P","Regret","Strike_P","Strike_P"],"score":1345,"play_id":"ed8cde66-0ab3-4335-a09d-45c9c57a65dc","local_time":"20210211001037","is_ascension_mode":true,"campfire_choices":[{"floor":11,"key":"REST"},{"data":"1","floor":15,"key":"LIFT"},{"floor":24,"key":"REST"},{"data":"2","floor":29,"key":"LIFT"},{"data":"3","floor":32,"key":"LIFT"},{"floor":41,"key":"REST"},{"data":"Eruption","floor":44,"key":"SMITH"},{"floor":49,"key":"REST"}],"circlet_count":0,"master_deck":["AscendersBane","Strike_P","Defend_P","Defend_P","Defend_P","Defend_P","Eruption+1","Vigilance","FollowUp","ReachHeaven","EmptyBody","Halt","BowlingBash","FearNoEvil","Consecrate","CarveReality","FollowUp","Establishment","DeceiveReality","FlurryOfBlows","Indignation","Wallop","MentalFortress","SashWhip+1","EmptyFist","WindmillStrike","Brilliance","SandsOfTime+1","EmptyFist","LikeWater","EmptyBody","Tantrum","Perseverance+1","LikeWater","Writhe","WaveOfTheHand"],"relics":["PureWater","NeowsBlessing","aspiration:Nostalgia","Burning Blood","Old Coin","Darkstone Periapt","Vajra","Girya","Black Star","Lizard Tail","White Beast Statue","Akabeko","MutagenicStrength","Bag of Marbles","Pear","Juzu Bracelet","conspire:SpecialSausage","Smiling Mask","Torii","Red Mask","MealTicket","Bird Faced Urn","Art of War","Dream Catcher"],"acts_visited":["Exordium","TheCity","TheBeyond"],"potions_floor_usage":[8,16,18,21,30,31,33,38,38,40,47,50,50],"damage_taken":[{"damage":0,"enemies":"Cultist","floor":1,"turns":1},{"damage":0,"enemies":"Small Slimes","floor":2,"turns":1},{"damage":0,"enemies":"Lagavulin","floor":6,"turns":1},{"damage":34,"enemies":"3 Sentries","floor":8,"turns":8},{"damage":1,"enemies":"2 Louse","floor":10,"turns":3},{"damage":10,"enemies":"Gremlin Nob","floor":13,"turns":3},{"damage":0,"enemies":"Lots of Slimes","floor":14,"turns":2},{"damage":0,"enemies":"Slime Boss","floor":16,"turns":4},{"damage":17,"enemies":"Shell Parasite","floor":18,"turns":3},{"damage":8,"enemies":"2 Thieves","floor":21,"turns":3},{"damage":28,"enemies":"Shelled Parasite and Fungi","floor":22,"turns":4},{"damage":48,"enemies":"Slavers","floor":23,"turns":5},{"damage":1,"enemies":"Gremlin Leader","floor":27,"turns":3},{"damage":2,"enemies":"Snecko","floor":28,"turns":4},{"damage":0,"enemies":"Snake Plant","floor":30,"turns":3},{"damage":0,"enemies":"3 Cultists","floor":31,"turns":3},{"damage":73,"enemies":"conspire:MysteriousRune","floor":33,"turns":9},{"damage":1,"enemies":"3 Shapes","floor":35,"turns":4},{"damage":0,"enemies":"Orb Walker","floor":36,"turns":1},{"damage":30,"enemies":"Maw","floor":38,"turns":7},{"damage":0,"enemies":"Transient","floor":39,"turns":6},{"damage":18,"enemies":"Nemesis","floor":40,"turns":5},{"damage":25,"enemies":"Mind Bloom Boss Battle","floor":45,"turns":7},{"damage":1,"enemies":"Jaw Worm Horde","floor":46,"turns":2},{"damage":41,"enemies":"Reptomancer","floor":47,"turns":5},{"damage":87,"enemies":"Donu and Deca","floor":50,"turns":7}],"seed_played":"-7522207447790156321","potions_obtained":[{"floor":6,"key":"StancePotion"},{"floor":8,"key":"BottledMiracle"},{"floor":10,"key":"StancePotion"},{"floor":23,"key":"LiquidMemories"},{"floor":27,"key":"BottledMiracle"},{"floor":30,"key":"SteroidPotion"},{"floor":31,"key":"Fruit Juice"},{"floor":33,"key":"StancePotion"},{"floor":35,"key":"Weak Potion"},{"floor":38,"key":"PowerPotion"},{"floor":39,"key":"Block Potion"},{"floor":40,"key":"Dexterity Potion"},{"floor":47,"key":"BottledMiracle"}],"is_trial":false,"path_per_floor":["M","M","$","?","?","E","?","E","T","M","R","$","E","M","R","B",null,"M","?","$","M","M","E","R","?","T","E","M","R","M","M","R","B",null,"M","M","$","M","M","E","R","?","T","R","?","M","E","?","R","B"],"character_chosen":"WATCHER","items_purchased":["Vajra","FearNoEvil","Consecrate","Lizard Tail","FlurryOfBlows","Block Potion","LikeWater","EmptyBody"],"campfire_rested":4,"item_purchase_floors":[12,12,12,20,20,20,37,37],"current_hp_per_floor":[61,61,61,61,50,50,50,22,22,27,47,47,43,49,49,55,65,54,48,48,46,24,23,43,43,43,58,62,62,68,79,79,12,65,70,76,76,52,58,46,70,70,70,70,51,56,25,48,74,0,0],"gold":89,"neow_bonus":"THREE_ENEMY_KILL","is_daily":false,"chose_seed":false,"campfire_upgraded":1,"win_rate":0.0,"timestamp":1612991437,"path_taken":["M","M","$","?","?","E","?","E","T","M","R","$","E","?","R","BOSS","M","?","$","?","M","E","R","?","T","E","M","R","M","M","R","BOSS","M","M","$","M","M","E","R","?","T","R","?","M","E","?","R","BOSS"],"items_purchased_type":["Relic","Card","Card","Relic","Card","Potion","Card","Card"],"build_version":"2020-12-22","purchased_purges":4,"victory":false,"max_hp_per_floor":[68,68,68,68,68,68,68,68,68,68,68,68,68,68,68,68,68,68,68,68,68,68,68,68,68,68,78,78,78,78,83,83,83,83,83,83,83,83,83,83,83,83,83,83,83,83,83,89,89,89,89],"card_choices":[{"not_picked":["Evaluate","FlyingSleeves"],"picked":"FollowUp","floor":1},{"not_picked":["Collect","CrushJoints"],"picked":"ReachHeaven","floor":2},{"not_picked":["EmptyMind","Nirvana"],"picked":"EmptyBody","floor":6},{"not_picked":["PathToVictory","CrushJoints"],"picked":"Halt","floor":8},{"not_picked":["DevaForm","FlyingSleeves"],"picked":"BowlingBash","floor":10},{"not_picked":["Evaluate","CutThroughFate"],"picked":"CarveReality","floor":13},{"not_picked":["ReachHeaven","PathToVictory"],"picked":"FollowUp","floor":14},{"not_picked":["Devotion","SpiritShield"],"picked":"Establishment","floor":16},{"not_picked":["JustLucky","Halt"],"picked":"DeceiveReality","floor":18},{"not_picked":["Collect","ThirdEye"],"picked":"Indignation","floor":21},{"not_picked":["Nirvana","Wireheading"],"picked":"Wallop","floor":22},{"not_picked":["Prostrate+1","ThirdEye"],"picked":"MentalFortress","floor":23},{"not_picked":["Alpha","ForeignInfluence"],"picked":"SashWhip+1","floor":27},{"not_picked":["FlyingSleeves","ThirdEye","WheelKick"],"picked":"SKIP","floor":28},{"not_picked":["ClearTheMind","JustLucky"],"picked":"EmptyFist","floor":30},{"not_picked":["Protect","PathToVictory"],"picked":"WindmillStrike","floor":31},{"not_picked":["Blasphemy","Vault"],"picked":"Brilliance","floor":33},{"not_picked":["Prostrate","FlyingSleeves"],"picked":"SandsOfTime+1","floor":35},{"not_picked":["SashWhip","FollowUp"],"picked":"EmptyFist","floor":36},{"not_picked":["TalkToTheHand","Perseverance"],"picked":"Tantrum","floor":38},{"not_picked":["Fasting2","Protect"],"picked":"Perseverance+1","floor":39},{"not_picked":["EmptyBody+1","WheelKick"],"picked":"LikeWater","floor":40},{"not_picked":["EmptyMind+1","BattleHymn","ForeignInfluence"],"picked":"SKIP","floor":46},{"not_picked":["EmptyMind","CarveReality+1","Tantrum"],"picked":"SKIP","floor":47},{"not_picked":["Prostrate","Pray+1"],"picked":"WaveOfTheHand","floor":49}],"player_experience":3088883,"relics_obtained":[{"floor":6,"key":"aspiration:Nostalgia"},{"floor":8,"key":"Old Coin"},{"floor":9,"key":"Darkstone Periapt"},{"floor":13,"key":"Girya"},{"floor":23,"key":"White Beast Statue"},{"floor":23,"key":"Akabeko"},{"floor":26,"key":"Bag of Marbles"},{"floor":27,"key":"Pear"},{"floor":27,"key":"Juzu Bracelet"},{"floor":40,"key":"Smiling Mask"},{"floor":40,"key":"Torii"},{"floor":43,"key":"MealTicket"},{"floor":45,"key":"Bird Faced Urn"},{"floor":47,"key":"Art of War"},{"floor":47,"key":"Dream Catcher"}],"event_choices":[{"damage_healed":0,"gold_gain":0,"player_choice":"Ignored","damage_taken":0,"max_hp_gain":0,"max_hp_loss":0,"event_name":"Golden Idol","floor":4,"gold_loss":0},{"damage_healed":0,"gold_gain":75,"player_choice":"Gather Gold","damage_taken":11,"max_hp_gain":0,"max_hp_loss":0,"event_name":"World of Goop","floor":5,"gold_loss":0},{"damage_healed":0,"gold_gain":275,"player_choice":"Desecrate","damage_taken":0,"max_hp_gain":0,"max_hp_loss":0,"event_name":"Golden Shrine","floor":7,"gold_loss":0,"cards_obtained":["Regret"]},{"damage_healed":0,"gold_gain":50,"player_choice":"Touch","damage_taken":6,"max_hp_gain":0,"max_hp_loss":0,"event_name":"FaceTrader","floor":19,"gold_loss":0},{"damage_healed":0,"gold_gain":0,"player_choice":"Inject Mutagens","damage_taken":0,"relics_obtained":["MutagenicStrength"],"max_hp_gain":0,"max_hp_loss":0,"event_name":"Drug Dealer","floor":25,"gold_loss":0},{"damage_healed":0,"gold_gain":0,"player_choice":"Paid","damage_taken":0,"relics_obtained":["Red Mask"],"max_hp_gain":0,"max_hp_loss":0,"event_name":"Tomb of Lord Red Mask","floor":42,"gold_loss":91},{"damage_healed":0,"gold_gain":0,"player_choice":"Fight","damage_taken":0,"max_hp_gain":0,"max_hp_loss":0,"event_name":"MindBloom","floor":45,"gold_loss":0},{"damage_healed":17,"gold_gain":0,"player_choice":"Writhe","damage_taken":0,"max_hp_gain":0,"max_hp_loss":0,"event_name":"Winding Halls","floor":48,"gold_loss":0,"cards_obtained":["Writhe"]}],"is_beta":false,"boss_relics":[{"not_picked":["aspiration:RitualDagger","SacredBark"],"picked":"Black Star"},{"not_picked":["SlaversCollar","Runic Pyramid"],"picked":"conspire:SpecialSausage"}],"items_purged_floors":[3,12,20,37],"is_endless":false,"potions_floor_spawned":[6,8,10,23,27,28,30,31,33,35,36,38,39,40,45,46,47],"killed_by":"Donu and Deca","ascension_level":20}}