{"host":"qmnyg5dk1o6rw6mz","time":1612970495,"event":{"mods":["ATMod(阿瑾Mod)","AchievementEnabler","Act Like it!","BaseMod","Colored Map","Colored Powertips","Disable Question Mark Monsters","Highlight Path","Jorbs\u0027s Wanderer Trilogy","Lobotomy","LobotomyExtend","Minty Spire (QoL Compilation)","StSLib","【角色mod】十八桐人"],"gold_per_floor":[111,127,127,143,153,186,149,177,177,196,196,209,242,258,258,358,358,358,358],"floor_reached":18,"language":"ZHT","playtime":887,"items_purged":[],"score":259,"play_id":"7883a43c-5204-4187-9305-fee124332863","local_time":"20210210232135","is_ascension_mode":false,"campfire_choices":[],"circlet_count":0,"master_deck":["SpecialBullet","SpecialBullet","SpecialBullet","SpecialBullet","SpecialBullet","SpecialBullet","SpecialBullet","InformationCode","ControlCode","TrainingCode","Mercenary","SomewhereSpear","Scorched","QueenOfHatred","FeatherOfHonor","GreedKing","Laetitia_ego","TT2Protocol","Gaze","Woodsman","SpecialBullet","LittleHelper","SpecialBullet","ParadiseLost","SpecialBullet"],"relics":["CogitoBucket","AT_ATBox","Bag of Marbles","LetterFromLob","WingedGreaves","Mango","Calipers","HellTrain","AT_DeathDance","SlaversCollar"],"acts_visited":["Exordium","TheCity"],"potions_floor_usage":[6,10,13,16,16],"damage_taken":[{"damage":0,"enemies":"Cultist","floor":1,"turns":2},{"damage":6,"enemies":"2 Louse","floor":2,"turns":2},{"damage":0,"enemies":"Small Slimes","floor":4,"turns":1},{"damage":12,"enemies":"2 Fungi Beasts","floor":5,"turns":2},{"damage":5,"enemies":"3 Sentries","floor":6,"turns":2},{"damage":14,"enemies":"Gremlin Nob","floor":8,"turns":3},{"damage":64,"enemies":"Looter","floor":10,"turns":5},{"damage":0,"enemies":"Exordium Thugs","floor":12,"turns":1},{"damage":0,"enemies":"3 Sentries","floor":13,"turns":2},{"damage":4,"enemies":"Gremlin Gang","floor":14,"turns":2},{"damage":0,"enemies":"Slime Boss","floor":16,"turns":3},{"damage":95,"enemies":"Chosen","floor":18,"turns":6}],"seed_played":"-5507327522941713146","potions_obtained":[{"floor":1,"key":"Fire Potion"},{"floor":2,"key":"PowerPotion"},{"floor":8,"key":"Dexterity Potion"},{"floor":12,"key":"EssenceOfSteel"},{"floor":13,"key":"DistilledChaos"},{"floor":14,"key":"Fire Potion"}],"is_trial":false,"path_per_floor":["M","M","?","M","M","E","?","E","T","M","R","M","E","M","R","B",null,"M"],"character_chosen":"Angela","items_purchased":[],"campfire_rested":0,"item_purchase_floors":[],"current_hp_per_floor":[70,64,64,64,52,53,53,59,59,7,7,7,7,33,33,51,84,0,0],"gold":358,"neow_bonus":"RANDOM_COMMON_RELIC","is_daily":false,"chose_seed":false,"campfire_upgraded":0,"win_rate":0.0,"timestamp":1612970495,"path_taken":["M","M","?","M","M","E","?","E","T","M","R","M","E","M","R","BOSS","M"],"items_purchased_type":[],"build_version":"2020-12-22","purchased_purges":0,"victory":false,"max_hp_per_floor":[70,70,70,70,70,70,70,84,84,84,84,84,84,84,84,84,84,84,84],"card_choices":[{"not_picked":["Wellcheers","Murderer"],"picked":"Mercenary","floor":1},{"not_picked":["WristCuter"],"picked":"SomewhereSpear","floor":1},{"not_picked":["Alriune","Freischutz"],"picked":"Scorched","floor":2},{"not_picked":["Noise","Beak"],"picked":"SKIP","floor":2},{"not_picked":["CherryBlossoms","VoidDream"],"picked":"QueenOfHatred","floor":4},{"not_picked":["Lamp"],"picked":"FeatherOfHonor","floor":4},{"not_picked":["Wingbeat","Horn"],"picked":"SKIP","floor":5},{"not_picked":["SomewhereSpear","Tough"],"picked":"SKIP","floor":6},{"not_picked":["CherryBlossoms","ShyLook"],"picked":"GreedKing","floor":8},{"not_picked":["Horn"],"picked":"Laetitia_ego","floor":8},{"not_picked":["WristCuter","TodaysExpression"],"picked":"SKIP","floor":10},{"not_picked":["Loneliness"],"picked":"Gaze","floor":12},{"not_picked":["Scarecrow","BeautyBeast"],"picked":"Woodsman","floor":13},{"not_picked":["Amita","Beak"],"picked":"SKIP","floor":13},{"not_picked":["BlackSwan","Yin"],"picked":"LittleHelper","floor":14},{"not_picked":["Horn","Wingbeat"],"picked":"SKIP","floor":14},{"not_picked":["Justitia"],"picked":"ParadiseLost","floor":16}],"player_experience":140379,"relics_obtained":[{"floor":1,"key":"LetterFromLob"},{"floor":6,"key":"WingedGreaves"},{"floor":8,"key":"Mango"},{"floor":9,"key":"Calipers"},{"floor":13,"key":"AT_DeathDance"}],"event_choices":[{"cards_removed":["SpecialBullet"],"damage_healed":0,"gold_gain":0,"player_choice":"Forget","damage_taken":0,"max_hp_gain":0,"max_hp_loss":0,"event_name":"Living Wall","floor":3,"gold_loss":0},{"damage_healed":0,"gold_gain":0,"player_choice":"Left Gold","damage_taken":0,"max_hp_gain":0,"max_hp_loss":0,"event_name":"World of Goop","floor":7,"gold_loss":37}],"is_beta":false,"boss_relics":[{"not_picked":["Velvet Choker","AT_TrinityForce"],"picked":"SlaversCollar"}],"items_purged_floors":[],"is_endless":false,"potions_floor_spawned":[1,2,8,12,13,14],"killed_by":"Chosen","ascension_level":0}}