{"host":"bbld1ic1uj90ldt9","time":1612960141,"event":{"mods":["2.2 Compatiblity","AchievementEnabler","Act Like it!","BaseMod","Better Third Choice","Conspire","Downfall","Emptier Cage","Gensokyo","Hallownest","Hermit","Highlight Path","Hubris","Marisa????????","Minty Spire (QoL Compilation)","Random Character Button","Replay The Spire","StSLib","The Animator","The Bug Knight","The Cursed","The Disciple","The Hierophant","The Jungle","The Runesmith","The Servant 0.9.4"],"gold_per_floor":[99,112,112,130,142,42,66,66,66,95,95,110,110,135,146,258,258,158,192,192,192,192,192,219,119,145,195,195,36,36,111,161,321,321,321,408,58,129,156,156,202,202,283,302,350,447,447,611,695,695,695,762,30,30,30,30,30],"floor_reached":56,"language":"FRA","playtime":9409,"items_purged":["hubris:Envy","Writhe"],"score":1251,"play_id":"f6d89f54-404f-435d-ba50-47f04a20f6b6","local_time":"20210210132901","is_ascension_mode":true,"campfire_choices":[{"floor":1,"key":"RECALL"},{"data":"MasterSpark","floor":6,"key":"SMITH"},{"data":"Singularity","floor":11,"key":"SMITH"},{"data":"EarthLightRay","floor":18,"key":"SMITH"},{"floor":25,"key":"REST"},{"data":"WitchOfGreed","floor":28,"key":"SMITH"},{"data":"expansioncontent:QuickStudy","floor":30,"key":"SMITH"},{"floor":35,"key":"DIG"},{"data":"OortCloud","floor":40,"key":"SMITH"},{"floor":47,"key":"REST"},{"floor":54,"key":"REST"}],"circlet_count":0,"master_deck":["Strike_MRS","Strike_MRS+1","Strike_MRS","Strike_MRS","Defend_MRS","Defend_MRS","Defend_MRS+1","Defend_MRS","MasterSpark+1","UpSweep","GrandCross","6A","RefractionSpark","Singularity+1","EarthLightRay+1","WitchOfGreed","WitchOfGreed+1","MaximisePower","EnergyFlow+1","Hallucinations","AsteroidBelt","MilkyWay","Clumsy","WitchOfGreed","FairyDestructionRay+1","expansioncontent:QuickStudy+1","FairyDestructionRay+1","DarkMatter","ManaRampage","MilkyWay","CollectingQuirk+1","SprinkleStarSeal","OortCloud+1","WitchOfGreed","OpenUniverse+1","SporeBomb","GalacticHalo","MilkyWay","UltimateShortwave","Replay:SS_forest_2","expansioncontent:DashGenerateEvil"],"relics":["BewitchedHakkero","downfall:HeartBlessingRed","Replay:Rubber Ducky","Runesmith:Nanobots","conspire:Flyswatter","Replay:Baseball","hubris:GrandSneckoEye","downfall:HeartBlessingGreen","hubris:Icosahedron","theJungle:WildPear","Ring of Panic","Ring of Peace","downfall:HeartBlessingBlue","Blue Doll","ReplayTheSpireMod:CursedCoin","hubris:CrystalStatue","Art of War","Bronze Scales","Akabeko","Pen Nib","Whetstone","Replay:WaspNest","Oddly Smooth Stone","hubris:TinFlute"],"acts_visited":["Hallownest:Greenpath","theJungle:Jungle","TheBeyond","TheEnding"],"potions_floor_usage":[15,16,16,19,27,29,31,31,32,32,33,33,38,39,43,44,45,46,48,49,50,55],"damage_taken":[{"damage":2,"enemies":"Hallownest:monsterHuskGuard","floor":2,"turns":4},{"damage":3,"enemies":"Hallownest:2_MossCreeps","floor":4,"turns":6},{"damage":2,"enemies":"Hallownest:monsterHuskWarrior","floor":5,"turns":4},{"damage":5,"enemies":"Hallownest:eliteVengeflyKing","floor":10,"turns":8},{"damage":0,"enemies":"Hallownest:monsterMossCharger","floor":12,"turns":3},{"damage":12,"enemies":"Hallownest:eliteCrystalGuardian","floor":14,"turns":5},{"damage":0,"enemies":"Hallownest:Wandering_and_Horned","floor":15,"turns":3},{"damage":73,"enemies":"DF_ARCHETYPE_STREAMLINE","floor":16,"turns":11},{"damage":21,"enemies":"theJungle:Flameango_and_Byrd","floor":19,"turns":5},{"damage":0,"enemies":"theJungle:GiantWrat","floor":27,"turns":4},{"damage":0,"enemies":"downfall:FleeingMerchant","floor":29,"turns":5},{"damage":0,"enemies":"theJungle:Cassacara","floor":31,"turns":5},{"damage":0,"enemies":"theJungle:2_Snecko_Cultists","floor":32,"turns":3},{"damage":16,"enemies":"WA_ARCHETYPE_CALM","floor":33,"turns":8},{"damage":0,"enemies":"Orb Walker","floor":36,"turns":4},{"damage":4,"enemies":"downfall:FleeingMerchant","floor":37,"turns":4},{"damage":10,"enemies":"3 Darklings","floor":38,"turns":5},{"damage":15,"enemies":"Writhing Mass","floor":39,"turns":5},{"damage":45,"enemies":"Nemesis","floor":43,"turns":7},{"damage":0,"enemies":"Jaw Worm Horde","floor":44,"turns":1},{"damage":0,"enemies":"3 Darklings","floor":45,"turns":3},{"damage":3,"enemies":"4 Shapes","floor":46,"turns":11},{"damage":10,"enemies":"Giant Head","floor":48,"turns":8},{"damage":42,"enemies":"HollowMod:SlobberingHusk","floor":49,"turns":8},{"damage":28,"enemies":"SI_POISON_ARCHETYPE","floor":50,"turns":6},{"damage":70,"enemies":"downfall:CharBossMerchant","floor":52,"turns":8},{"damage":42,"enemies":"downfall:NeowBoss","floor":55,"turns":16},{"damage":165,"enemies":"downfall:NeowBossFinal","floor":56,"turns":7}],"seed_played":"8783086603792642599","potions_obtained":[{"floor":2,"key":"GamblersBrew"},{"floor":4,"key":"Slimebound:ThreeZeroPotion"},{"floor":14,"key":"Elixir"},{"floor":15,"key":"Strength Potion"},{"floor":19,"key":"Swift Potion"},{"floor":19,"key":"LifebloodPotion"},{"floor":27,"key":"Flashbang"},{"floor":29,"key":"sneckomod:MuddlingPotion"},{"floor":29,"key":"FearPotion"},{"floor":31,"key":"Fire Potion"},{"floor":31,"key":"champ:CounterPotion"},{"floor":31,"key":"Swift Potion"},{"floor":32,"key":"FairyPotion"},{"floor":32,"key":"DistilledChaos"},{"floor":33,"key":"Milkshake"},{"floor":33,"key":"conspire:TimeTravelPotion"},{"floor":36,"key":"FairyPotion"},{"floor":37,"key":"LiquidBronze"},{"floor":38,"key":"Reflective Coating"},{"floor":39,"key":"LiquidMemories"},{"floor":43,"key":"Strength Potion"},{"floor":44,"key":"Dexterity Potion"},{"floor":45,"key":"SkillPotion"},{"floor":46,"key":"BlessingOfTheForge"},{"floor":48,"key":"Adrenaline Potion"},{"floor":49,"key":"Death Potion"},{"floor":52,"key":"Regen Potion"}],"is_trial":false,"path_per_floor":["R","M","?","M","M","R","T","T","?","E","R","M","?","E","M","B",null,"R","M","?","?","?","?","T","R","T","M","R","$","R","E","M","B",null,"R","M","$","M","M","R","T","?","E","M","M","M","R","E","M","B",null,"E","$","R","B","B"],"character_chosen":"MARISA","items_purchased":["ReplayTheSpireMod:CursedCoin","WitchOfGreed","FairyDestructionRay+1","expansioncontent:QuickStudy","Bronze Scales","Akabeko","SprinkleStarSeal","UltimateShortwave","Replay:SS_forest_2","expansioncontent:DashGenerateEvil","hubris:TinFlute"],"campfire_rested":3,"item_purchase_floors":[29,29,29,29,37,37,37,53,53,53,53],"current_hp_per_floor":[82,80,80,77,75,75,75,75,75,70,70,70,81,73,73,4,76,76,61,61,61,71,71,71,117,117,120,120,120,120,120,120,104,116,116,116,112,108,99,99,99,99,60,60,60,63,99,95,67,39,100,36,36,72,51,0,0],"gold":30,"neow_bonus":"TWENTY_PERCENT_HP_BONUS","is_daily":false,"chose_seed":false,"campfire_upgraded":6,"win_rate":0.0,"timestamp":1612960141,"path_taken":["R","M","?","M","M","R","T","?","?","E","R","M","?","E","M","BOSS","R","M","?","?","?","?","T","R","?","M","R","$","R","E","M","BOSS","R","M","$","M","M","R","T","?","E","M","M","M","R","E","M","BOSS","E","$","R","BOSS","BOSS"],"items_purchased_type":["Relic","Card","Card","Card","Relic","Relic","Card","Card","Card","Card","Relic"],"build_version":"2020-12-22","purchased_purges":2,"victory":false,"max_hp_per_floor":[89,89,89,89,89,89,89,89,89,89,89,89,100,100,100,100,100,100,100,100,100,110,110,110,120,120,120,120,120,120,120,120,120,120,120,120,120,120,120,120,120,120,120,120,120,120,120,120,120,120,120,120,120,120,120,120,120],"card_choices":[{"not_picked":["WitchLeyline","UnstableBomb"],"picked":"GrandCross","floor":2},{"not_picked":["EventHorizon","ChargingUp"],"picked":"6A","floor":4},{"not_picked":["UnstableBomb","EventHorizon"],"picked":"RefractionSpark","floor":5},{"not_picked":["ShootTheMoon","Robbery"],"picked":"Singularity","floor":10},{"not_picked":["OrrerysSun","DC"],"picked":"EarthLightRay","floor":12},{"not_picked":["DarkSpark","OrrerysSun"],"picked":"WitchOfGreed","floor":14},{"not_picked":["DoubleSpark","PropBag"],"picked":"WitchOfGreed","floor":15},{"not_picked":["FinalSpark","BigCrunch"],"picked":"MaximisePower","floor":16},{"not_picked":["DC","Acceleration"],"picked":"EnergyFlow+1","floor":19},{"not_picked":["GravityBeat","DC"],"picked":"AsteroidBelt","floor":27},{"not_picked":["LuminesStrike+1","ChargingUp"],"picked":"MilkyWay","floor":29},{"not_picked":["EventHorizon","SporeBomb"],"picked":"FairyDestructionRay+1","floor":31},{"not_picked":["Occultation","MagicChant"],"picked":"DarkMatter","floor":32},{"not_picked":["BlazingStar","BinaryStars"],"picked":"ManaRampage","floor":33},{"not_picked":["GravityBeat","PulseMagic+1"],"picked":"MilkyWay","floor":36},{"not_picked":["PowerUp+1","SporeBomb"],"picked":"CollectingQuirk","floor":37},{"not_picked":["GalacticHalo+1","FairyDestructionRay+1"],"picked":"OortCloud","floor":38},{"not_picked":["FairyDestructionRay","UnstableBomb+1","WitchLeyline+1"],"picked":"SKIP","floor":39},{"not_picked":["Orbital+1","FairyDestructionRay"],"picked":"WitchOfGreed","floor":43},{"not_picked":["LuminesStrike","UnstableBomb+1"],"picked":"OpenUniverse+1","floor":44},{"not_picked":["WitchLeyline+1","UnstableBomb+1"],"picked":"SporeBomb","floor":45},{"not_picked":["Orbital+1","AlicesGift","Acceleration"],"picked":"SKIP","floor":46},{"not_picked":["MysteriousBeam+1","ChargingUp+1"],"picked":"GalacticHalo","floor":48},{"not_picked":["ManaConvection+1","PulseMagic","DoubleSpark"],"picked":"SKIP","floor":49},{"not_picked":["WitchLeyline+1","DoubleSpark+1"],"picked":"MilkyWay","floor":52}],"player_experience":2262881,"relics_obtained":[{"floor":7,"key":"Replay:Rubber Ducky"},{"floor":8,"key":"Runesmith:Nanobots"},{"floor":10,"key":"conspire:Flyswatter"},{"floor":14,"key":"Replay:Baseball"},{"floor":23,"key":"Ring of Panic"},{"floor":23,"key":"Ring of Peace"},{"floor":26,"key":"Blue Doll"},{"floor":31,"key":"hubris:CrystalStatue"},{"floor":35,"key":"Art of War"},{"floor":41,"key":"Pen Nib"},{"floor":43,"key":"Whetstone"},{"floor":48,"key":"Replay:WaspNest"},{"floor":52,"key":"Oddly Smooth Stone"}],"event_choices":[{"cards_removed":["WitchOfGreed"],"damage_healed":0,"gold_gain":0,"player_choice":"Removed Power","damage_taken":0,"max_hp_gain":0,"max_hp_loss":0,"event_name":"Falling","floor":42,"gold_loss":0}],"is_beta":false,"boss_relics":[{"not_picked":["Busted Crown","Replay:Grab Bag"],"picked":"hubris:GrandSneckoEye"},{"not_picked":["conspire:RoyalGoblet","hubris:Backtick"],"picked":"BewitchedHakkero"}],"items_purged_floors":[29,53],"is_endless":false,"potions_floor_spawned":[2,4,14,15,19,27,32,33,39,43,44,46,52],"killed_by":"downfall:NeowBossFinal","ascension_level":8}}