{"host":"ttx8tv95o5vka1nm","time":1612969813,"event":{"mods":["AchievementEnabler","BaseMod","BetterRewards","Colored Map","Evolution","Hermit","Hubris","Infinite Spire","Jorbs\u0027s Wanderer Trilogy","Minty Spire (QoL Compilation)","Relic Filter Mod","Reliquary","Robot Space Explorer","Shop Mod","Spicy Shops","StSLib","The Blue Laboratory","The Bug Knight","The Construct","The Cursed","The Disciple","The Forsaken","The Hierophant","The Necromancer","The Runesmith","TheBandit"],"gold_per_floor":[111,129,153,174,174,174,174,174,174,217,233,292,309,340,340,444,444,473,492,492,526,541,541,591,616,643,682,682,682,724,746,746,865,865,865,9,56,61,61],"floor_reached":38,"language":"ENG","playtime":3422,"items_purged":["stsjorbsmod:Defend_Wanderer"],"score":527,"play_id":"d6bcb24f-9239-47f8-9449-d6f21cc738d8","local_time":"20210211011013","is_ascension_mode":false,"campfire_choices":[{"data":"stsjorbsmod:Rediscovery","floor":6,"key":"SMITH"},{"data":"stsjorbsmod:Thorns","floor":8,"key":"SMITH"},{"data":"stsjorbsmod:OldPocket","floor":15,"key":"SMITH"},{"data":"stsjorbsmod:TinyHut","floor":23,"key":"SMITH"},{"data":"stsjorbsmod:Rediscovery","floor":29,"key":"SMITH"},{"data":"stsjorbsmod:Mending","floor":32,"key":"SMITH"},{"data":"stsjorbsmod:Pyromancy","floor":35,"key":"SMITH"}],"circlet_count":0,"master_deck":["stsjorbsmod:ForbiddenGrimoire+1","stsjorbsmod:Firebolt","stsjorbsmod:Firebolt+1","stsjorbsmod:Strike_Wanderer+1","stsjorbsmod:Defend_Wanderer","stsjorbsmod:Defend_Wanderer","stsjorbsmod:Defend_Wanderer+1","stsjorbsmod:FreshAdventure+1","stsjorbsmod:EyeOfTheStorm+1","stsjorbsmod:Rediscovery+1","stsjorbsmod:Thorns+1","stsjorbsmod:LocateObject+1","stsjorbsmod:TinyHut+1","stsjorbsmod:FracturedMind","stsjorbsmod:Mending+1","stsjorbsmod:OldPocket+1","stsjorbsmod:SchoolsOfMagic+1","stsjorbsmod:ColorSpray","stsjorbsmod:FlameWard","stsjorbsmod:Fireball","stsjorbsmod:MagicMirror","stsjorbsmod:Prestidigitation+1","infinitespire:TheBestDefense","stsjorbsmod:FlameWard+1","stsjorbsmod:Rediscovery+1","stsjorbsmod:WanderingMind+1","stsjorbsmod:Message","stsjorbsmod:Pyromancy+1","stsjorbsmod:Channel+1","stsjorbsmod:EyeOfTheStorm+1","stsjorbsmod:UnseenServant"],"relics":["stsjorbsmod:GrimoireRelic","EVO:Axolotl","Whetstone","Omamori","Bag of Marbles","Anchor","Coffee Dripper","Red Mask","Vajra","Blood Vial","reliquary:PurpleTingedLeaf","hubris:ScarierMask","hubris:TenFootPole","Art of War","hubris:RunicObelisk","MerchantsRug","reliquary:Buckler","CaptainsWheel","DollysMirror","Strawberry","Girya"],"acts_visited":["Exordium","TheCity","TheEnding"],"potions_floor_usage":[4,12,13,14,21,24,27,27,38],"damage_taken":[{"damage":0,"enemies":"Small Slimes","floor":1,"turns":3},{"damage":1,"enemies":"2 Louse","floor":2,"turns":3},{"damage":0,"enemies":"Jaw Worm","floor":3,"turns":3},{"damage":17,"enemies":"Exordium Thugs","floor":4,"turns":4},{"damage":5,"enemies":"Lagavulin","floor":10,"turns":6},{"damage":6,"enemies":"Exordium Wildlife","floor":11,"turns":4},{"damage":9,"enemies":"3 Sentries","floor":12,"turns":6},{"damage":1,"enemies":"Gremlin Gang","floor":13,"turns":3},{"damage":9,"enemies":"Gremlin Nob","floor":14,"turns":3},{"damage":3,"enemies":"Hexaghost","floor":16,"turns":6},{"damage":1,"enemies":"Shell Parasite","floor":18,"turns":4},{"damage":0,"enemies":"2 Thieves","floor":19,"turns":2},{"damage":0,"enemies":"Masked Bandits","floor":21,"turns":2},{"damage":9,"enemies":"Centurion and Healer","floor":22,"turns":5},{"damage":1,"enemies":"Nightmare","floor":24,"turns":7},{"damage":7,"enemies":"Chosen and Byrds","floor":25,"turns":3},{"damage":0,"enemies":"Slavers","floor":27,"turns":3},{"damage":0,"enemies":"Gremlin Leader","floor":30,"turns":4},{"damage":16,"enemies":"Shelled Parasite and Fungi","floor":31,"turns":4},{"damage":10,"enemies":"Champ","floor":33,"turns":6},{"damage":16,"enemies":"Shield and Spear","floor":37,"turns":5},{"damage":91,"enemies":"The Heart","floor":38,"turns":10}],"seed_played":"8068727069853435626","potions_obtained":[{"floor":1,"key":"Block Potion"},{"floor":10,"key":"LiquidBronze"},{"floor":11,"key":"Explosive Potion"},{"floor":12,"key":"Swift Potion"},{"floor":16,"key":"ColorlessPotion"},{"floor":21,"key":"BlessingOfTheForge"},{"floor":24,"key":"Energy Potion"},{"floor":25,"key":"GamblersBrew"},{"floor":30,"key":"SpeedPotion"},{"floor":31,"key":"blueLaboratory:PyrophylliteBrew"},{"floor":37,"key":"blueLaboratory:Moonshine"}],"is_trial":false,"path_per_floor":["M","M","M","M","?","R","?","R","T","E","M","E","M","E","R","B",null,"M","M","?","?","M","R","NM","M","T","E","AVR","R","E","M","R","B",null,"R","$","E","B"],"character_chosen":"WANDERER","items_purchased":["stsjorbsmod:Channel","MerchantsRug","reliquary:Buckler","CaptainsWheel","DollysMirror","Strawberry"],"campfire_rested":0,"item_purchase_floors":[36,36,36,36,36,36],"current_hp_per_floor":[68,68,68,55,48,48,48,48,48,50,52,49,58,55,55,64,76,76,76,76,76,71,71,78,75,75,78,78,78,78,66,66,78,78,78,85,74,0,0],"gold":61,"neow_bonus":"ONE_RANDOM_RARE_CARD","is_daily":false,"chose_seed":false,"campfire_upgraded":7,"win_rate":0.0,"timestamp":1612969813,"path_taken":["M","M","M","M","?","R","?","R","T","E","M","E","M","E","R","BOSS","M","M","?","?","M","R","NM","M","T","E","AVR","R","E","M","R","BOSS","R","$","E","BOSS"],"items_purchased_type":["Card","Relic","Relic","Relic","Relic","Relic"],"build_version":"2020-12-22","purchased_purges":1,"victory":false,"max_hp_per_floor":[68,68,68,68,68,68,68,68,68,70,74,74,76,76,76,76,76,76,76,76,76,76,76,78,78,78,78,78,78,78,78,78,78,78,78,85,85,85,85],"card_choices":[{"not_picked":["stsjorbsmod:LocateObject","stsjorbsmod:BurningFlask"],"picked":"stsjorbsmod:Thorns","floor":1},{"not_picked":["stsjorbsmod:ParryingBlow","stsjorbsmod:BookOfTongues"],"picked":"stsjorbsmod:LocateObject","floor":2},{"not_picked":["stsjorbsmod:LocateObject","stsjorbsmod:Materialize"],"picked":"stsjorbsmod:TinyHut","floor":3},{"not_picked":["stsjorbsmod:Materialize","stsjorbsmod:Index"],"picked":"stsjorbsmod:FracturedMind","floor":4},{"not_picked":["stsjorbsmod:FaerieFire","stsjorbsmod:Fear"],"picked":"stsjorbsmod:Mending","floor":10},{"not_picked":["stsjorbsmod:Inferno","stsjorbsmod:ParryingBlow"],"picked":"stsjorbsmod:OldPocket","floor":11},{"not_picked":["stsjorbsmod:Materialize","stsjorbsmod:Introspection"],"picked":"stsjorbsmod:SchoolsOfMagic","floor":12},{"not_picked":["stsjorbsmod:MageArmor","stsjorbsmod:Index"],"picked":"stsjorbsmod:ColorSpray","floor":13},{"not_picked":["stsjorbsmod:ParryingBlow","stsjorbsmod:Materialize"],"picked":"stsjorbsmod:FlameWard","floor":14},{"not_picked":["stsjorbsmod:MirrorImage","stsjorbsmod:Pyromancy"],"picked":"stsjorbsmod:Fireball","floor":16},{"not_picked":["stsjorbsmod:Hibernate","stsjorbsmod:Materialize","stsjorbsmod:Firebolt"],"picked":"SKIP","floor":18},{"not_picked":["stsjorbsmod:Hurt","stsjorbsmod:Channel"],"picked":"stsjorbsmod:MagicMirror","floor":19},{"not_picked":["stsjorbsmod:OldPocket","stsjorbsmod:ChatteringStrike"],"picked":"stsjorbsmod:Prestidigitation+1","floor":21},{"not_picked":["stsjorbsmod:Thorns","stsjorbsmod:BookOfTongues","stsjorbsmod:OldPocket"],"picked":"SKIP","floor":22},{"not_picked":["hubris:Fate","infinitespire:Oblivion"],"picked":"infinitespire:TheBestDefense","floor":24},{"not_picked":["stsjorbsmod:Aid","stsjorbsmod:Prepare+1"],"picked":"stsjorbsmod:FlameWard+1","floor":24},{"not_picked":["stsjorbsmod:BlackTentacles","stsjorbsmod:Firebolt+1","stsjorbsmod:DisguiseSelf+1"],"picked":"SKIP","floor":25},{"not_picked":["stsjorbsmod:LocateObject","stsjorbsmod:Message"],"picked":"stsjorbsmod:Rediscovery","floor":27},{"not_picked":["stsjorbsmod:FaerieFire","stsjorbsmod:WeightOfMemory"],"picked":"stsjorbsmod:WanderingMind","floor":30},{"not_picked":["stsjorbsmod:WeightOfMemory","stsjorbsmod:Inferno"],"picked":"stsjorbsmod:Message","floor":31},{"not_picked":["stsjorbsmod:Banish","stsjorbsmod:MirrorImage"],"picked":"stsjorbsmod:Pyromancy","floor":33},{"not_picked":["stsjorbsmod:ArcaneWeapon+1","stsjorbsmod:Materialize"],"picked":"stsjorbsmod:UnseenServant","floor":37}],"player_experience":895983,"relics_obtained":[{"floor":9,"key":"Whetstone"},{"floor":10,"key":"Omamori"},{"floor":12,"key":"Bag of Marbles"},{"floor":14,"key":"Anchor"},{"floor":21,"key":"Red Mask"},{"floor":24,"key":"Vajra"},{"floor":26,"key":"Blood Vial"},{"floor":27,"key":"reliquary:PurpleTingedLeaf"},{"floor":30,"key":"Art of War"},{"floor":37,"key":"Girya"}],"event_choices":[{"cards_removed":["stsjorbsmod:Strike_Wanderer"],"damage_healed":0,"gold_gain":0,"player_choice":"Card Removal","damage_taken":7,"max_hp_gain":0,"max_hp_loss":0,"event_name":"Golden Wing","floor":5,"gold_loss":0},{"damage_healed":0,"gold_gain":0,"player_choice":"Ignored","damage_taken":0,"max_hp_gain":0,"max_hp_loss":0,"event_name":"Ghosts","floor":20,"gold_loss":0},{"damage_healed":0,"gold_gain":0,"player_choice":"Fought Bandits","damage_taken":0,"max_hp_gain":0,"max_hp_loss":0,"event_name":"Masked Bandits","floor":21,"gold_loss":0}],"is_beta":false,"boss_relics":[{"not_picked":["reliquary:Craggleroot","SacredBark"],"picked":"Coffee Dripper"},{"not_picked":["reliquary:RedCape","SlaversCollar"],"picked":"hubris:RunicObelisk"}],"items_purged_floors":[28],"is_endless":true,"potions_floor_spawned":[1,10,11,12,16,21,24,25,30,31,37],"killed_by":"The Heart","ascension_level":0}}