{"host":"wuernuywc9gl215o","time":1612934139,"event":{"mods":["2.2 Compatiblity","AchievementEnabler","BaseMod","Bestiary","Block Reminder","Displayed Cursed Tome","Highlight Path","Key Reminder","Minty Spire (QoL Compilation)","Permanent Neow","Potion Indicator Mod","Quick Restart","Rare Cards Sparkle","Relic Stats","ojb\u0027s Info Mod"],"gold_per_floor":[118,135,154,168,128,153,153,184,184,184,201,16,41,60,60,155,155,166,166,181,96,8,37,37,37,37,37,71,83,135,149,149,254,304,319,371,371,389,80,113,113,142,142,142,165,195,195,44,44,44,44,44,18,48,48],"floor_reached":56,"language":"ENG","playtime":5244,"items_purged":["Strike_B","Strike_B"],"score":1499,"play_id":"03d1b8e3-3ee3-436d-8202-e297a69c3cce","local_time":"20210210051539","is_ascension_mode":true,"campfire_choices":[{"data":"Sweeping Beam","floor":7.0,"key":"SMITH"},{"data":"Streamline","floor":10.0,"key":"SMITH"},{"data":"Genetic Algorithm","floor":15.0,"key":"SMITH"},{"data":"RitualDagger","floor":27.0,"key":"SMITH"},{"data":"Defragment","floor":32.0,"key":"SMITH"},{"data":"Defragment","floor":41.0,"key":"SMITH"},{"floor":44.0,"key":"RECALL"},{"data":"Echo Form","floor":47.0,"key":"SMITH"},{"data":"Chaos","floor":49.0,"key":"SMITH"},{"data":"Buffer","floor":52.0,"key":"SMITH"}],"circlet_count":0,"master_deck":["Defend_B","Defend_B","Defend_B+1","Zap","Dualcast","Sweeping Beam+1","Streamline+1","Leap+1","Reboot+1","Coolheaded","Ball Lightning","Self Repair","Defragment+1","Genetic Algorithm+1","Amplify","Undo","RitualDagger+1","Sunder","Cold Snap","Loop","Loop","Recycle","Hologram+1","Cold Snap+1","Echo Form+1","Reinforced Body","Defragment+1","Chaos+1","Rebound","Master of Strategy","Buffer+1","White Noise","Go for the Eyes+1","Machine Learning","Capacitor"],"relics":["Nuclear Battery","Tiny Chest","Gremlin Horn","Sundial","Membership Card","Eternal Feather","Coffee Dripper","Peace Pipe","Incense Burner","Omamori","Bottled Lightning","Darkstone Periapt","DataDisk","Tiny House","StoneCalendar","Frozen Eye","War Paint","Dream Catcher","Ginger","Happy Flower","Bag of Marbles","OrangePellets","Lantern"],"acts_visited":["Exordium","TheCity","TheBeyond","TheEnding"],"potions_floor_usage":[55],"damage_taken":[{"damage":9.0,"enemies":"Small Slimes","floor":1.0,"turns":4.0},{"damage":1.0,"enemies":"Cultist","floor":2.0,"turns":3.0},{"damage":1.0,"enemies":"2 Louse","floor":3.0,"turns":2.0},{"damage":6.0,"enemies":"Looter","floor":4.0,"turns":3.0},{"damage":7.0,"enemies":"3 Sentries","floor":6.0,"turns":7.0},{"damage":14.0,"enemies":"Lagavulin","floor":8.0,"turns":5.0},{"damage":0.0,"enemies":"Large Slime","floor":11.0,"turns":3.0},{"damage":3.0,"enemies":"Gremlin Nob","floor":13.0,"turns":3.0},{"damage":7.0,"enemies":"Exordium Thugs","floor":14.0,"turns":3.0},{"damage":24.0,"enemies":"Slime Boss","floor":16.0,"turns":9.0},{"damage":17.0,"enemies":"2 Thieves","floor":18.0,"turns":4.0},{"damage":25.0,"enemies":"Spheric Guardian","floor":20.0,"turns":6.0},{"damage":4.0,"enemies":"Slavers","floor":23.0,"turns":4.0},{"damage":0.0,"enemies":"Gremlin Leader","floor":28.0,"turns":8.0},{"damage":7.0,"enemies":"3 Cultists","floor":29.0,"turns":6.0},{"damage":0.0,"enemies":"Snecko","floor":31.0,"turns":6.0},{"damage":17.0,"enemies":"Champ","floor":33.0,"turns":16.0},{"damage":0.0,"enemies":"3 Shapes","floor":35.0,"turns":5.0},{"damage":9.0,"enemies":"2 Orb Walkers","floor":36.0,"turns":6.0},{"damage":2.0,"enemies":"Orb Walker","floor":38.0,"turns":4.0},{"damage":34.0,"enemies":"Nemesis","floor":40.0,"turns":7.0},{"damage":0.0,"enemies":"Reptomancer","floor":42.0,"turns":8.0},{"damage":0.0,"enemies":"Giant Head","floor":46.0,"turns":10.0},{"damage":19.0,"enemies":"Donu and Deca","floor":50.0,"turns":10.0},{"damage":5.0,"enemies":"Shield and Spear","floor":54.0,"turns":7.0},{"damage":30,"enemies":"The Heart","floor":55,"turns":11}],"seed_played":"8660969001494202933","potions_obtained":[{"floor":1.0,"key":"FearPotion"},{"floor":5.0,"key":"SneckoOil"},{"floor":5.0,"key":"FocusPotion"},{"floor":5.0,"key":"Ancient Potion"},{"floor":6.0,"key":"EssenceOfDarkness"},{"floor":16.0,"key":"FocusPotion"},{"floor":18.0,"key":"FearPotion"},{"floor":23.0,"key":"Block Potion"},{"floor":34.0,"key":"FearPotion"},{"floor":35.0,"key":"Block Potion"},{"floor":42.0,"key":"PowerPotion"},{"floor":54.0,"key":"SteroidPotion"}],"is_trial":false,"path_per_floor":["M","M","M","M","?","E","R","E","T","R","M","$","E","M","R","B",null,"M","?","M","?","$","E","?","T","T","R","E","M","T","M","R","B",null,"M","?","?","M","$","E","R","E","T","R","T","E","R","$","R","B",null,"R","$","E","B",null],"character_chosen":"DEFECT","items_purchased":["Membership Card","Sunder","Cold Snap","Block Potion","Frozen Eye","War Paint","Master of Strategy","AttackPotion","OrangePellets","Machine Learning","Swift Potion"],"campfire_rested":0,"item_purchase_floors":[12,22,22,22,39,39,39,39,48,48,53],"current_hp_per_floor":[66,65,64,58,58,51,51,37,37,37,37,37,41,41,50,33,75,72,66,48,48,48,51,51,51,51,63,70,75,75,75,75,65,80,80,80,80,80,80,60,78,80,80,80,80,80,80,80,80,68,80,80,80,80,57],"gold":48,"neow_bonus":"BOSS_RELIC","is_daily":false,"chose_seed":false,"campfire_upgraded":9,"win_rate":0.0,"timestamp":1612934139,"path_taken":["M","M","M","M","?","E","R","E","T","R","M","$","E","M","R","BOSS","M","?","M","?","$","E","?","?","T","R","E","M","?","M","R","BOSS","M","?","?","M","$","E","R","E","T","R","?","E","R","$","R","BOSS","R","$","E","BOSS"],"items_purchased_type":["Relic","Card","Card","Potion","Relic","Relic","Card","Potion","Relic","Card","Potion"],"build_version":"2020-12-22","purchased_purges":2,"victory":true,"max_hp_per_floor":[75,75,75,75,75,75,75,75,75,75,75,75,75,75,75,75,75,75,75,75,75,75,75,75,75,75,75,75,75,75,75,75,75,80,80,80,80,80,80,80,80,80,80,80,80,80,80,80,80,80,80,80,80,80,80],"relic_stats":{"Darkstone Periapt":0,"Gremlin Horn":[27,27],"Happy Flower":[12],"counters":[26,160],"Eternal Feather":39,"StoneCalendar":[258],"Ginger":[4],"War Paint":["Defend_B","Reboot"],"Peace Pipe":0,"OrangePellets":[0],"Dream Catcher":0,"Sundial":[24],"Tiny Chest":2,"obtain_stats":[{"Darkstone Periapt":28,"Lantern":54,"Tiny House":34,"Gremlin Horn":8,"StoneCalendar":36,"Incense Burner":23,"Ginger":42,"Frozen Eye":39,"Dream Catcher":40,"Sundial":9,"Tiny Chest":6,"Cracked Core":0,"Happy Flower":45,"Eternal Feather":13,"Omamori":25,"War Paint":39,"Nuclear Battery":0,"Peace Pipe":21,"keyreminder:keyreminder":28,"OrangePellets":48,"DataDisk":30,"Coffee Dripper":17,"Bag of Marbles":46,"Membership Card":12,"Bottled Lightning":26},{"Darkstone Periapt":14,"Lantern":25,"Tiny House":17,"Gremlin Horn":6,"StoneCalendar":19,"Incense Burner":13,"Ginger":22,"Frozen Eye":20,"Dream Catcher":21,"Sundial":6,"Tiny Chest":5,"Cracked Core":0,"Happy Flower":22,"Eternal Feather":8,"Omamori":13,"War Paint":20,"Nuclear Battery":0,"Peace Pipe":12,"keyreminder:keyreminder":14,"OrangePellets":23,"DataDisk":15,"Coffee Dripper":10,"Bag of Marbles":23,"Membership Card":7,"Bottled Lightning":13},{"Darkstone Periapt":64,"Lantern":149,"Tiny House":92,"Gremlin Horn":24,"StoneCalendar":103,"Incense Burner":56,"Ginger":122,"Frozen Eye":107,"Dream Catcher":114,"Sundial":24,"Tiny Chest":19,"Cracked Core":0,"Happy Flower":122,"Eternal Feather":30,"Omamori":56,"War Paint":107,"Nuclear Battery":0,"Peace Pipe":52,"keyreminder:keyreminder":64,"OrangePellets":132,"DataDisk":70,"Coffee Dripper":42,"Bag of Marbles":132,"Membership Card":27,"Bottled Lightning":56}]},"card_choices":[{"not_picked":["Skim","Streamline"],"picked":"Sweeping Beam","floor":1.0},{"not_picked":["Sweeping Beam","Rebound"],"picked":"Streamline","floor":2.0},{"not_picked":["Steam","Ball Lightning"],"picked":"Leap","floor":3.0},{"not_picked":["Compile Driver","Barrage"],"picked":"Reboot","floor":4.0},{"not_picked":["Rebound","Redo"],"picked":"Coolheaded","floor":6.0},{"not_picked":["Beam Cell","Darkness"],"picked":"Ball Lightning","floor":8.0},{"not_picked":["Beam Cell","Coolheaded"],"picked":"Self Repair","floor":11.0},{"not_picked":["Lockon","Capacitor"],"picked":"Defragment","floor":13.0},{"not_picked":["Hologram","Self Repair"],"picked":"Genetic Algorithm","floor":14.0},{"not_picked":["Hyperbeam","Creative AI"],"picked":"Amplify","floor":16.0},{"not_picked":["Steam","Ball Lightning"],"picked":"Undo","floor":18.0},{"not_picked":["Static Discharge+1","Undo","Rip and Tear"],"picked":"SKIP","floor":20.0},{"not_picked":["Leap","Stack"],"picked":"Loop","floor":23.0},{"not_picked":["Stack","Go for the Eyes"],"picked":"Hologram+1","floor":28.0},{"not_picked":["Hello World","Blizzard","Force Field"],"picked":"SKIP","floor":29.0},{"not_picked":["Self Repair+1","Barrage+1"],"picked":"Cold Snap+1","floor":31.0},{"not_picked":["Core Surge","Buffer"],"picked":"Echo Form","floor":33.0},{"not_picked":["Genetic Algorithm+1","Gash+1"],"picked":"Reinforced Body","floor":34.0},{"not_picked":["Streamline","Stack"],"picked":"Defragment","floor":35.0},{"not_picked":["Cold Snap","Coolheaded+1"],"picked":"Chaos","floor":36.0},{"not_picked":["Chill+1","Steam+1"],"picked":"Rebound","floor":38.0},{"not_picked":["Compile Driver+1","Conserve Battery"],"picked":"Buffer","floor":40.0},{"not_picked":["Rebound","Blizzard+1"],"picked":"White Noise","floor":42.0},{"not_picked":["Ball Lightning+1","Auto Shields+1"],"picked":"Go for the Eyes+1","floor":46.0},{"not_picked":["Reboot","Scrape"],"picked":"Capacitor","floor":54.0}],"player_experience":881501,"relics_obtained":[{"floor":6.0,"key":"Tiny Chest"},{"floor":8.0,"key":"Gremlin Horn"},{"floor":9.0,"key":"Sundial"},{"floor":13.0,"key":"Eternal Feather"},{"floor":23.0,"key":"Incense Burner"},{"floor":25.0,"key":"Omamori"},{"floor":26.0,"key":"Bottled Lightning"},{"floor":28.0,"key":"Darkstone Periapt"},{"floor":30.0,"key":"DataDisk"},{"floor":36.0,"key":"StoneCalendar"},{"floor":40.0,"key":"Dream Catcher"},{"floor":42.0,"key":"Ginger"},{"floor":45.0,"key":"Happy Flower"},{"floor":46.0,"key":"Bag of Marbles"},{"floor":54.0,"key":"Lantern"}],"event_choices":[{"damage_healed":0.0,"max_hp_gain":0.0,"max_hp_loss":0.0,"gold_gain":0.0,"event_name":"The Woman in Blue","player_choice":"Bought 3 Potions","floor":5.0,"gold_loss":0.0,"damage_taken":0.0},{"damage_healed":0.0,"max_hp_gain":0.0,"max_hp_loss":0.0,"gold_gain":0.0,"event_name":"Nest","player_choice":"Joined the Cult","floor":19.0,"gold_loss":0.0,"damage_taken":6.0,"cards_obtained":["RitualDagger"]},{"damage_healed":0.0,"max_hp_gain":0.0,"max_hp_loss":0.0,"gold_gain":0.0,"event_name":"Addict","player_choice":"Obtained Relic","floor":21.0,"gold_loss":85.0,"damage_taken":0.0,"relics_obtained":["Peace Pipe"]},{"damage_healed":0.0,"max_hp_gain":0.0,"max_hp_loss":0.0,"gold_gain":0.0,"cards_transformed":["Strike_B","Strike_B"],"event_name":"Drug Dealer","player_choice":"Became Test Subject","floor":24.0,"gold_loss":0.0,"damage_taken":0.0,"cards_obtained":["Loop","Recycle"]},{"damage_healed":0.0,"max_hp_gain":0.0,"max_hp_loss":0.0,"gold_gain":0.0,"event_name":"Mysterious Sphere","player_choice":"Fight","floor":36.0,"gold_loss":0.0,"damage_taken":0.0},{"cards_removed":["Defend_B"],"damage_healed":0.0,"max_hp_gain":0.0,"max_hp_loss":0.0,"gold_gain":0.0,"event_name":"Purifier","player_choice":"Purged","floor":37.0,"gold_loss":0.0,"damage_taken":0.0}],"is_beta":false,"boss_relics":[{"not_picked":["Velvet Choker","Black Star"],"picked":"Coffee Dripper"},{"not_picked":["Fusion Hammer","SacredBark"],"picked":"Tiny House"}],"items_purged_floors":[12,39],"is_endless":false,"potions_floor_spawned":[1,6,11,16,18,23,35,42,46,54],"ascension_level":3}}