{"host":"6xsbn6ynqlzwllfm","time":1612996152,"event":{"mods":["2.2 Compatiblity","BaseMod","Bestiary","Colored Map","Colored Powertips","Curses Come First","Highlight Path","Keyboard Shortcuts","Minty Spire (QoL Compilation)","Relic Stats","Slay the Relics Exporter","StSLib","SuperFastMode"],"gold_per_floor":[115,115,127,402,12,41,51,76,76,105,105,105,133,152,152,229,229,242,167,187,198,31,58,58,83,83,109,127,48,76,95,95,171,171,181,181,19,1018,1032,1062,1074,1086,1098,1139,1151,1190,1212,1235,1247,1259,1271,1283,1295,12,47,47],"floor_reached":57,"language":"ENG","playtime":2470,"items_purged":["Regret","Normality"],"score":3267,"play_id":"e23a61e4-4058-4426-8c5a-b40ab1b6175a","local_time":"20210210172912","is_ascension_mode":true,"campfire_choices":[{"floor":11,"key":"DIG"},{"floor":15,"key":"DIG"},{"floor":24,"key":"DIG"},{"floor":32,"key":"DIG"},{"floor":41,"key":"RECALL"},{"floor":45,"key":"DIG"},{"floor":49,"key":"REST"},{"floor":53,"key":"DIG"}],"circlet_count":0,"master_deck":["AscendersBane","Strike_R+1","Strike_R+1","Strike_R","Strike_R","Defend_R","Defend_R","Defend_R","Defend_R","Bash","Fiend Fire","Anger","Flex","Thunderclap","Evolve","Dramatic Entrance","Combust","Exhume","Body Slam+1","Fiend Fire+1","Heavy Blade+1","Whirlwind+1","Fiend Fire+1","Bloodletting","Feel No Pain","Rage","Offering+1","Dramatic Entrance+1","Secret Technique+1","Good Instincts+1","Normality","Shame","Writhe","Offering+1","Dual Wield+1","Evolve","Entrench+1"],"relics":["Burning Blood","Toolbox","Unceasing Top","Shuriken","Shovel","Molten Egg 2","Akabeko","TungstenRod","Dead Branch","Runic Pyramid","Chemical X","Self Forming Clay","Mercury Hourglass","Blue Candle","Eternal Feather","InkBottle","Pantograph","Toxic Egg 2","Cursed Key","ClockworkSouvenir","MawBank","The Courier","CaptainsWheel","Boot","Gremlin Horn","StrikeDummy","OrangePellets","Du-Vu Doll","Kunai","Bottled Flame","Nunchaku","Oddly Smooth Stone","Art of War","Bag of Marbles"],"acts_visited":["Exordium","TheCity","TheBeyond","TheEnding"],"potions_floor_usage":[10,13,13,16,23,33,50,56],"damage_taken":[{"damage":7,"enemies":"Jaw Worm","floor":1,"turns":3},{"damage":6,"enemies":"Cultist","floor":3,"turns":3},{"damage":15,"enemies":"3 Sentries","floor":6,"turns":3},{"damage":0,"enemies":"2 Louse","floor":7,"turns":2},{"damage":21,"enemies":"Gremlin Nob","floor":8,"turns":4},{"damage":6,"enemies":"Lagavulin","floor":10,"turns":2},{"damage":6,"enemies":"3 Sentries","floor":13,"turns":3},{"damage":5,"enemies":"Looter","floor":14,"turns":2},{"damage":36,"enemies":"The Guardian","floor":16,"turns":9},{"damage":0,"enemies":"Spheric Guardian","floor":18,"turns":1},{"damage":0,"enemies":"3 Byrds","floor":20,"turns":3},{"damage":2,"enemies":"3 Cultists","floor":21,"turns":3},{"damage":11,"enemies":"Book of Stabbing","floor":23,"turns":1},{"damage":6,"enemies":"Slavers","floor":25,"turns":2},{"damage":20,"enemies":"Gremlin Leader","floor":27,"turns":2},{"damage":0,"enemies":"Snake Plant","floor":28,"turns":1},{"damage":0,"enemies":"Slavers","floor":30,"turns":2},{"damage":5,"enemies":"Centurion and Healer","floor":31,"turns":1},{"damage":50,"enemies":"Champ","floor":33,"turns":6},{"damage":12,"enemies":"3 Shapes","floor":35,"turns":3},{"damage":5,"enemies":"3 Darklings","floor":39,"turns":1},{"damage":0,"enemies":"Reptomancer","floor":40,"turns":2},{"damage":26,"enemies":"Giant Head","floor":44,"turns":4},{"damage":20,"enemies":"Nemesis","floor":46,"turns":3},{"damage":45,"enemies":"Maw","floor":47,"turns":6},{"damage":8,"enemies":"4 Shapes","floor":48,"turns":2},{"damage":43,"enemies":"Time Eater","floor":50,"turns":7},{"damage":75,"enemies":"Awakened One","floor":51,"turns":5},{"damage":37,"enemies":"Shield and Spear","floor":55,"turns":3},{"damage":20,"enemies":"The Heart","floor":56,"turns":7}],"seed_played":"1496026569537172840","potions_obtained":[{"floor":6,"key":"Regen Potion"},{"floor":8,"key":"AttackPotion"},{"floor":10,"key":"EssenceOfSteel"},{"floor":14,"key":"FearPotion"},{"floor":16,"key":"Dexterity Potion"},{"floor":21,"key":"SkillPotion"},{"floor":27,"key":"FairyPotion"},{"floor":33,"key":"ElixirPotion"},{"floor":40,"key":"Energy Potion"},{"floor":47,"key":"PowerPotion"},{"floor":48,"key":"Ancient Potion"},{"floor":55,"key":"SpeedPotion"}],"is_trial":false,"path_per_floor":["M","?","M","?","$","E","M","E","T","E","R","?","E","M","R","B",null,"M","?","M","M","$","E","R","E","T","E","M","$","E","M","R","B",null,"M","?","$","?","M","E","R","T","T","E","R","E","M","M","R","B","B",null,"R","$","E","B",null],"character_chosen":"IRONCLAD","items_purchased":["Toolbox","Evolve","Dramatic Entrance","Chemical X","Feel No Pain","ClockworkSouvenir","OrangePellets","Du-Vu Doll","Kunai","Bottled Flame","Nunchaku","Oddly Smooth Stone","Art of War","Evolve"],"campfire_rested":1,"item_purchase_floors":[5,5,5,22,29,37,54,54,54,54,54,54,54,54],"current_hp_per_floor":[67,67,67,67,67,58,64,49,49,49,49,29,41,42,42,12,54,60,60,66,68,68,63,63,63,63,49,55,55,61,62,68,24,57,51,42,42,42,43,49,67,67,67,47,68,54,15,13,54,31,26,58,68,68,37,48],"gold":47,"neow_bonus":"THREE_RARE_CARDS","is_daily":false,"chose_seed":false,"campfire_upgraded":0,"win_rate":0.0,"timestamp":1612996152,"path_taken":["M","?","?","?","$","E","?","E","T","E","R","?","E","M","R","BOSS","M","?","M","M","$","E","R","E","T","E","M","$","E","M","R","BOSS","M","?","$","?","?","E","R","?","T","E","R","E","M","M","R","BOSS","BOSS","R","$","E","BOSS"],"items_purchased_type":["Relic","Card","Card","Relic","Card","Relic","Relic","Relic","Relic","Relic","Relic","Relic","Relic","Card"],"build_version":"2020-12-22","purchased_purges":2,"victory":true,"max_hp_per_floor":[68,68,68,68,68,68,68,68,68,68,68,68,68,68,68,68,68,68,68,68,68,68,68,68,68,68,68,68,68,68,68,68,68,68,68,68,68,68,68,68,68,68,68,68,68,68,68,68,68,68,68,68,68,68,68,68],"relic_stats":{"Gremlin Horn":[6,7],"counters":[30,95],"Self Forming Clay":[162],"Dead Branch":[538],"Blue Candle":[24],"Eternal Feather":76,"Cursed Key":2,"MawBank":168,"Boot":[13],"Burning Blood":178,"Mercury Hourglass":[227],"OrangePellets":[4],"Nunchaku":[2],"Shovel":6,"Shuriken":[39],"Pantograph":64,"Art of War":[0],"Chemical X":[15],"Kunai":[3],"obtain_stats":[{"Gremlin Horn":46,"Cursed Key":34,"Boot":45,"Burning Blood":0,"ClockworkSouvenir":37,"Nunchaku":54,"Shovel":9,"Pantograph":30,"Toolbox":5,"Chemical X":22,"Kunai":54,"Toxic Egg 2":32,"InkBottle":27,"Runic Pyramid":17,"Self Forming Clay":23,"Dead Branch":15,"Blue Candle":25,"Oddly Smooth Stone":54,"Eternal Feather":26,"The Courier":42,"MawBank":40,"Akabeko":11,"Mercury Hourglass":24,"Du-Vu Doll":54,"OrangePellets":54,"CaptainsWheel":44,"Bottled Flame":54,"Shuriken":8,"Molten Egg 2":10,"Art of War":54,"Bag of Marbles":55,"StrikeDummy":53,"Unceasing Top":6,"TungstenRod":13},{"Gremlin Horn":24,"Cursed Key":19,"Boot":23,"Burning Blood":0,"ClockworkSouvenir":20,"Nunchaku":28,"Shovel":5,"Pantograph":17,"Toolbox":2,"Chemical X":12,"Kunai":28,"Toxic Egg 2":18,"InkBottle":15,"Runic Pyramid":9,"Self Forming Clay":13,"Dead Branch":8,"Blue Candle":14,"Oddly Smooth Stone":28,"Eternal Feather":14,"The Courier":22,"MawBank":22,"Akabeko":6,"Mercury Hourglass":13,"Du-Vu Doll":28,"OrangePellets":28,"CaptainsWheel":23,"Bottled Flame":28,"Shuriken":5,"Molten Egg 2":6,"Art of War":28,"Bag of Marbles":29,"StrikeDummy":28,"Unceasing Top":3,"TungstenRod":7},{"Gremlin Horn":65,"Cursed Key":53,"Boot":62,"Burning Blood":0,"ClockworkSouvenir":55,"Nunchaku":85,"Shovel":15,"Pantograph":46,"Toolbox":6,"Chemical X":38,"Kunai":85,"Toxic Egg 2":47,"InkBottle":43,"Runic Pyramid":31,"Self Forming Clay":39,"Dead Branch":22,"Blue Candle":41,"Oddly Smooth Stone":85,"Eternal Feather":41,"The Courier":58,"MawBank":58,"Akabeko":17,"Mercury Hourglass":39,"Du-Vu Doll":85,"OrangePellets":85,"CaptainsWheel":62,"Bottled Flame":85,"Shuriken":15,"Molten Egg 2":17,"Art of War":85,"Bag of Marbles":88,"StrikeDummy":85,"Unceasing Top":9,"TungstenRod":20}],"Unceasing Top":[3],"TungstenRod":123,"InkBottle":[31]},"card_choices":[{"not_picked":["Brutality","Barricade"],"picked":"Fiend Fire","floor":0},{"not_picked":["Perfected Strike","Flex"],"picked":"Anger","floor":1},{"not_picked":["Warcry","Berserk"],"picked":"Thunderclap","floor":3},{"not_picked":["Iron Wave","Twin Strike"],"picked":"Combust","floor":7},{"not_picked":["Pommel Strike","Shrug It Off"],"picked":"Exhume","floor":8},{"not_picked":["Rampage+1","Shrug It Off"],"picked":"Body Slam+1","floor":10},{"not_picked":["Wild Strike+1","Clash+1","Pommel Strike+1"],"picked":"SKIP","floor":13},{"not_picked":["Bludgeon+1","Exhume"],"picked":"Fiend Fire+1","floor":16},{"not_picked":["Pommel Strike+1","Shrug It Off"],"picked":"Heavy Blade+1","floor":20},{"not_picked":["True Grit","Warcry"],"picked":"Whirlwind+1","floor":21},{"not_picked":["Heavy Blade+1","True Grit"],"picked":"Fiend Fire+1","floor":23},{"not_picked":["Flex+1","Sword Boomerang+1"],"picked":"Bloodletting","floor":25},{"not_picked":["Hemokinesis+1","Barricade"],"picked":"Rage","floor":30},{"not_picked":["Berserk","Brutality"],"picked":"Offering+1","floor":33},{"not_picked":["Secret Weapon+1","Swift Strike+1"],"picked":"Dramatic Entrance+1","floor":36},{"not_picked":["Secret Weapon+1","Jack Of All Trades+1"],"picked":"Secret Technique+1","floor":36},{"not_picked":["Trip+1","Mayhem"],"picked":"Good Instincts+1","floor":36},{"not_picked":["Twin Strike+1","Sword Boomerang+1","Armaments+1"],"picked":"SKIP","floor":40},{"not_picked":["Whirlwind+1","Clash+1"],"picked":"Offering+1","floor":44},{"not_picked":["True Grit+1","Heavy Blade+1"],"picked":"Dual Wield+1","floor":46},{"not_picked":["Iron Wave+1","True Grit+1","Battle Trance+1"],"picked":"SKIP","floor":47},{"not_picked":["Cleave+1","Wild Strike+1"],"picked":"Entrench+1","floor":55}],"player_experience":1449567,"relics_obtained":[{"floor":6,"key":"Unceasing Top"},{"floor":8,"key":"Shuriken"},{"floor":9,"key":"Shovel"},{"floor":10,"key":"Molten Egg 2"},{"floor":11,"key":"Akabeko"},{"floor":13,"key":"TungstenRod"},{"floor":15,"key":"Dead Branch"},{"floor":23,"key":"Self Forming Clay"},{"floor":24,"key":"Mercury Hourglass"},{"floor":25,"key":"Blue Candle"},{"floor":26,"key":"Eternal Feather"},{"floor":27,"key":"InkBottle"},{"floor":30,"key":"Pantograph"},{"floor":32,"key":"Toxic Egg 2"},{"floor":40,"key":"MawBank"},{"floor":42,"key":"The Courier"},{"floor":44,"key":"CaptainsWheel"},{"floor":45,"key":"Boot"},{"floor":46,"key":"Gremlin Horn"},{"floor":53,"key":"StrikeDummy"},{"floor":55,"key":"Bag of Marbles"}],"event_choices":[{"damage_healed":0,"gold_gain":0,"player_choice":"1 cards matched","damage_taken":0,"max_hp_gain":0,"max_hp_loss":0,"event_name":"Match and Keep!","floor":2,"gold_loss":0,"cards_obtained":["Flex"]},{"damage_healed":0,"gold_gain":275,"player_choice":"Desecrate","damage_taken":0,"max_hp_gain":0,"max_hp_loss":0,"event_name":"Golden Shrine","floor":4,"gold_loss":0,"cards_obtained":["Regret"]},{"damage_healed":0,"gold_gain":0,"player_choice":"Entered Light","damage_taken":20,"max_hp_gain":0,"max_hp_loss":0,"event_name":"Shining Light","floor":12,"gold_loss":0,"cards_upgraded":["Strike_R","Strike_R"]},{"cards_removed":["Strike_R"],"damage_healed":0,"gold_gain":0,"player_choice":"Gave Gold","damage_taken":0,"max_hp_gain":0,"max_hp_loss":0,"event_name":"Beggar","floor":19,"gold_loss":75},{"damage_healed":0,"gold_gain":0,"player_choice":"Memory 3","damage_taken":10,"max_hp_gain":0,"max_hp_loss":0,"event_name":"SensoryStone","floor":36,"gold_loss":0},{"damage_healed":0,"gold_gain":999,"player_choice":"Gold","damage_taken":0,"max_hp_gain":0,"max_hp_loss":0,"event_name":"MindBloom","floor":38,"gold_loss":0,"cards_obtained":["Normality","Normality"]}],"is_beta":false,"boss_relics":[{"not_picked":["Astrolabe","Sozu"],"picked":"Runic Pyramid"},{"not_picked":["Velvet Choker","Mark of Pain"],"picked":"Cursed Key"}],"items_purged_floors":[5,54],"is_endless":false,"potions_floor_spawned":[6,8,10,14,16,21,27,31,33,40,46,47,48,55],"ascension_level":20}}