{"host":"s1b9wbrnwri7g9vh","time":1612925272,"event":{"mods":["Act Like it!","BaseMod","Better Note","Hallownest","Hermit","Minty Spire (QoL Compilation)","Pale of the Ancients","Relic Stats","Replay The Spire","StSLib","The Druid","The Exalted","The Servant 0.9.4"],"gold_per_floor":[118,118,118,118,134,134,163,183,183,203,235,246,264,296,296,396,396,406,438,458,473,245,275,294,294,318,233,258,258,287,303,303,405,405,422,422,434,394,406,406,406,439,439,439,467,467,86,115,115,115,115,115,65,99,99,99],"floor_reached":55,"language":"ENG","playtime":4932,"items_purged":["Pain","Defend_G"],"score":1462,"play_id":"7eabb613-6d7f-46b0-9f43-ffbb4ba1f0a2","local_time":"20210210024752","is_ascension_mode":true,"campfire_choices":[{"data":"Backflip","floor":6,"key":"SMITH"},{"data":"Noxious Fumes","floor":25,"key":"SMITH"},{"data":"Footwork","floor":32,"key":"SMITH"},{"data":"ReplayTheSpireMod:Shiv Toss","floor":40,"key":"SMITH"},{"floor":44,"key":"RECALL"},{"data":"Footwork","floor":46,"key":"SMITH"},{"data":"Footwork","floor":49,"key":"SMITH"},{"data":"Pot Of Greed","floor":52,"key":"SMITH"}],"circlet_count":0,"master_deck":["Strike_G+1","Strike_G","Strike_G","Defend_G","Defend_G","Defend_G","Defend_G","Survivor","Acrobatics","Backflip+1","Blade Dance","Backstab","Backflip","Eviscerate","Footwork+1","Escape Plan","Calculated Gamble","Die Die Die+1","Blade Dance+1","ReplayTheSpireMod:Shiv Toss+1","Well Laid Plans","Pot Of Greed","Pot Of Greed","Noxious Fumes+1","Pot Of Greed+1","Dodge and Roll","Infinite Blades+1","Blade Dance+1","Dagger Spray+1","Cloak And Dagger+1","Footwork+1","Footwork+1","Prepared+1","Prepared+1"],"relics":["Ring of the Snake","NeowsBlessing","ReplayTheSpireMod:Ring of Exchange","ReplayTheSpireMod:Ring of Collecting","StrikeDummy","Mercury Hourglass","Bird Faced Urn","Lizard Tail","Painkiller Herb","Red Mask","Pet Ghost","Grinning Jar","Ring of Fury","Nunchaku","Strawberry","Gremlin Food","Vampiric Spirits","Darkstone Periapt","HoveringKite","Smiling Mask","Snack Pack","Shuriken","Eternal Feather","Bromod:ArcanePistoleer"],"acts_visited":["Exordium","TheCity","TheBeyond","TheEnding"],"potions_floor_usage":[11,16,16,30,33,33,35,55,55,55,55,55,55],"damage_taken":[{"damage":0,"enemies":"Small Slimes","floor":1,"turns":1},{"damage":0,"enemies":"2 Louse","floor":5,"turns":1},{"damage":0,"enemies":"Gremlin Nob","floor":7,"turns":1},{"damage":0,"enemies":"Jaw Worm","floor":8,"turns":5},{"damage":6,"enemies":"Large Slime","floor":10,"turns":6},{"damage":10,"enemies":"3 Sentries","floor":11,"turns":6},{"damage":0,"enemies":"3 Louse","floor":12,"turns":2},{"damage":0,"enemies":"2 Fungi Beasts","floor":13,"turns":3},{"damage":17,"enemies":"Replay:BlueRogue","floor":14,"turns":5},{"damage":23,"enemies":"Hexaghost","floor":16,"turns":12},{"damage":0,"enemies":"2 Thieves","floor":18,"turns":4},{"damage":13,"enemies":"Masked Bandits","floor":19,"turns":5},{"damage":0,"enemies":"Spheric Guardian","floor":20,"turns":3},{"damage":20,"enemies":"Snake Plant","floor":21,"turns":5},{"damage":6,"enemies":"Replay:Snechameleon","floor":23,"turns":5},{"damage":7,"enemies":"Snecko","floor":24,"turns":6},{"damage":13,"enemies":"Book of Stabbing","floor":28,"turns":4},{"damage":12,"enemies":"Slavers","floor":30,"turns":5},{"damage":10,"enemies":"Sentry and Sphere","floor":31,"turns":4},{"damage":42,"enemies":"Pondfish","floor":33,"turns":9},{"damage":7,"enemies":"3 Shapes","floor":35,"turns":3},{"damage":33,"enemies":"3 Darklings","floor":37,"turns":4},{"damage":1,"enemies":"4 Shapes","floor":39,"turns":4},{"damage":43,"enemies":"Reptomancer","floor":42,"turns":5},{"damage":41,"enemies":"Nemesis","floor":45,"turns":6},{"damage":5,"enemies":"R_Hoarder","floor":48,"turns":5},{"damage":37,"enemies":"Donu and Deca","floor":50,"turns":8},{"damage":57,"enemies":"Shield and Spear","floor":54,"turns":5},{"damage":155,"enemies":"The Heart","floor":55,"turns":6}],"seed_played":"7628666676356221470","potions_obtained":[{"floor":7,"key":"FearPotion"},{"floor":10,"key":"Adrenaline Potion"},{"floor":13,"key":"SteroidPotion"},{"floor":16,"key":"Weak Potion"},{"floor":23,"key":"Toxic Potion"},{"floor":24,"key":"Adrenaline Potion"},{"floor":31,"key":"Fire Potion"},{"floor":33,"key":"GamblersBrew"},{"floor":35,"key":"EntropicBrew"},{"floor":48,"key":"Milkshake"}],"is_trial":false,"path_per_floor":["M","?","?","?","M","R","E","M","T","M","E","M","M","E","R","B",null,"?","?","?","?","T","E","?","T","T","?","E","?","E","?","T","B",null,"?","?","?","?","?","T","?","E","T","T","E","T","T","E","T","B",null,"T","T","E","B"],"character_chosen":"THE_SILENT","items_purchased":["Pet Ghost","Well Laid Plans","Footwork","Shuriken"],"campfire_rested":0,"item_purchase_floors":[22,22,47,47],"current_hp_per_floor":[63,63,56,61,61,61,61,61,61,55,45,45,47,32,32,11,59,59,48,50,32,32,28,27,27,27,34,27,27,33,38,38,6,63,74,74,53,53,79,79,79,42,42,42,17,17,17,38,56,50,74,82,82,43,0,0],"gold":99,"neow_bonus":"THREE_ENEMY_KILL","is_daily":false,"chose_seed":false,"campfire_upgraded":7,"win_rate":0.0,"timestamp":1612925272,"path_taken":["M","?","?","?","M","R","E","M","T","M","E","M","M","E","R","BOSS","?","?","?","?","T","E","?","T","T","?","E","?","E","?","T","BOSS","?","?","?","?","?","T","?","E","T","T","E","T","T","E","T","BOSS","T","T","E","BOSS"],"items_purchased_type":["Relic","Card","Card","Relic"],"build_version":"2020-12-22","purchased_purges":2,"victory":false,"max_hp_per_floor":[70,70,70,75,75,75,75,75,75,75,75,75,75,75,75,75,75,75,75,75,75,75,75,75,75,75,82,82,82,82,82,82,82,82,82,82,82,82,82,82,82,82,82,82,82,82,82,82,82,82,82,82,82,82,82,82],"relic_stats":{"Darkstone Periapt":0,"Lizard Tail":41,"Nunchaku":[24],"counters":[29,138],"Shuriken":[24],"Bird Faced Urn":[122],"HoveringKite":[29],"Eternal Feather":26,"Smiling Mask":75,"obtain_stats":[{"Gremlin Food":28,"Darkstone Periapt":30,"ReplayTheSpireMod:Ring of Exchange":2,"NeowsBlessing":0,"Vampiric Spirits":29,"HoveringKite":34,"Painkiller Herb":17,"Eternal Feather":48,"Bromod:ArcanePistoleer":54,"Smiling Mask":42,"Pet Ghost":22,"Mercury Hourglass":9,"Lizard Tail":14,"Nunchaku":26,"Shuriken":47,"ReplayTheSpireMod:Ring of Collecting":2,"Bird Faced Urn":11,"Strawberry":27,"Ring of Fury":26,"Red Mask":19,"Snack Pack":45,"Grinning Jar":23,"StrikeDummy":7,"Ring of the Snake":0},{"Gremlin Food":17,"Darkstone Periapt":18,"ReplayTheSpireMod:Ring of Exchange":1,"NeowsBlessing":0,"Vampiric Spirits":17,"HoveringKite":20,"Painkiller Herb":10,"Eternal Feather":26,"Bromod:ArcanePistoleer":28,"Smiling Mask":24,"Pet Ghost":14,"Mercury Hourglass":4,"Lizard Tail":9,"Nunchaku":16,"Shuriken":25,"ReplayTheSpireMod:Ring of Collecting":1,"Bird Faced Urn":6,"Strawberry":16,"Ring of Fury":16,"Red Mask":12,"Snack Pack":25,"Grinning Jar":15,"StrikeDummy":3,"Ring of the Snake":0},{"Gremlin Food":74,"Darkstone Periapt":79,"ReplayTheSpireMod:Ring of Exchange":1,"NeowsBlessing":0,"Vampiric Spirits":74,"HoveringKite":92,"Painkiller Herb":42,"Eternal Feather":119,"Bromod:ArcanePistoleer":132,"Smiling Mask":108,"Pet Ghost":59,"Mercury Hourglass":8,"Lizard Tail":30,"Nunchaku":70,"Shuriken":114,"ReplayTheSpireMod:Ring of Collecting":1,"Bird Faced Urn":20,"Strawberry":70,"Ring of Fury":70,"Red Mask":51,"Snack Pack":114,"Grinning Jar":64,"StrikeDummy":3,"Ring of the Snake":0}],"Ring of the Snake":[58],"Mercury Hourglass":[514]},"card_choices":[{"not_picked":["Blade Dance","Concentrate"],"picked":"Acrobatics","floor":1},{"not_picked":["Dagger Spray","Outmaneuver"],"picked":"Backflip","floor":5},{"not_picked":["Bane","Flying Knee"],"picked":"Blade Dance","floor":7},{"not_picked":["Hidden Blade","Prepared"],"picked":"Backstab","floor":8},{"not_picked":["Flying Knee","Outmaneuver"],"picked":"Backflip","floor":10},{"not_picked":["PiercingWail","Outmaneuver"],"picked":"Eviscerate","floor":11},{"not_picked":["Backflip","Hidden Blade"],"picked":"Footwork","floor":12},{"not_picked":["Blade Dance","Slice"],"picked":"Escape Plan","floor":13},{"not_picked":["Bane","PiercingWail","ReplayTheSpireMod:Exploit Weakness"],"picked":"SKIP","floor":14},{"not_picked":["Poison Darts","Venomology"],"picked":"Die Die Die","floor":16},{"not_picked":["Dagger Throw","ReplayTheSpireMod:Exploit Weakness","Flying Knee+1"],"picked":"SKIP","floor":18},{"not_picked":["Outmaneuver","Dagger Throw"],"picked":"Blade Dance+1","floor":19},{"not_picked":["ReplayTheSpireMod:The Works","Reflex+1"],"picked":"ReplayTheSpireMod:Shiv Toss","floor":20},{"not_picked":["Outmaneuver","Slice","Skewer"],"picked":"SKIP","floor":21},{"not_picked":["Quick Slash+1","Hidden Blade"],"picked":"Noxious Fumes","floor":23},{"not_picked":["Terror","Dagger Throw"],"picked":"Dodge and Roll","floor":24},{"not_picked":["Toxin Wave","Atom Bomb"],"picked":"Infinite Blades+1","floor":28},{"not_picked":["Underhanded Strike","Outmaneuver","Choke"],"picked":"SKIP","floor":30},{"not_picked":["Catalyst","ReplayTheSpireMod:Exploit Weakness","Caltrops"],"picked":"SKIP","floor":31},{"not_picked":["Flying Knee","Outmaneuver","Caltrops"],"picked":"SKIP","floor":35},{"not_picked":["Acrobatics+1","Backflip+1"],"picked":"Blade Dance+1","floor":37},{"not_picked":["Underhanded Strike","Flechettes+1"],"picked":"Dagger Spray+1","floor":39},{"not_picked":["Deflect+1","Caltrops"],"picked":"Cloak And Dagger+1","floor":42},{"not_picked":["Phantasmal Killer","Backflip+1"],"picked":"Footwork","floor":45},{"not_picked":["Slice+1","ReplayTheSpireMod:Speed Training"],"picked":"Prepared+1","floor":48},{"not_picked":["PiercingWail","Cloak And Dagger"],"picked":"Prepared+1","floor":54}],"player_experience":589967,"relics_obtained":[{"floor":2,"key":"ReplayTheSpireMod:Ring of Exchange"},{"floor":2,"key":"ReplayTheSpireMod:Ring of Collecting"},{"floor":7,"key":"StrikeDummy"},{"floor":9,"key":"Mercury Hourglass"},{"floor":11,"key":"Bird Faced Urn"},{"floor":14,"key":"Lizard Tail"},{"floor":19,"key":"Red Mask"},{"floor":23,"key":"Grinning Jar"},{"floor":26,"key":"Ring of Fury"},{"floor":26,"key":"Nunchaku"},{"floor":28,"key":"Gremlin Food"},{"floor":30,"key":"Darkstone Periapt"},{"floor":42,"key":"Smiling Mask"},{"floor":45,"key":"Snack Pack"},{"floor":48,"key":"Eternal Feather"},{"floor":54,"key":"Bromod:ArcanePistoleer"}],"event_choices":[{"cards_removed":["Strike_G"],"damage_healed":0,"gold_gain":0,"player_choice":"Card Removal","damage_taken":7,"max_hp_gain":0,"max_hp_loss":0,"event_name":"Golden Wing","floor":3,"gold_loss":0},{"damage_healed":0,"gold_gain":0,"player_choice":"Donut","damage_taken":0,"max_hp_gain":5,"max_hp_loss":0,"event_name":"Big Fish","floor":4,"gold_loss":0},{"damage_healed":0,"gold_gain":0,"player_choice":"Fought Bandits","damage_taken":0,"max_hp_gain":0,"max_hp_loss":0,"event_name":"Masked Bandits","floor":19,"gold_loss":0},{"damage_healed":0,"gold_gain":0,"player_choice":"Obtained Relic","damage_taken":0,"relics_obtained":["Strawberry"],"max_hp_gain":0,"max_hp_loss":0,"event_name":"Addict","floor":27,"gold_loss":85},{"cards_removed":["Neutralize"],"damage_healed":0,"gold_gain":0,"player_choice":"Removed Attack","damage_taken":0,"max_hp_gain":0,"max_hp_loss":0,"event_name":"Falling","floor":36,"gold_loss":0},{"damage_healed":0,"gold_gain":0,"player_choice":"Upgraded Two","damage_taken":0,"max_hp_gain":0,"max_hp_loss":0,"event_name":"Designer","floor":38,"gold_loss":40,"cards_upgraded":["Strike_G","Die Die Die"]},{"damage_healed":0,"gold_gain":0,"player_choice":"Memory 1","damage_taken":0,"max_hp_gain":0,"max_hp_loss":0,"event_name":"SensoryStone","floor":41,"gold_loss":0}],"is_beta":false,"boss_relics":[{"not_picked":["Tiny House","Ring of Chaos"],"picked":"Painkiller Herb"},{"not_picked":["OrangePellets","TheAbacus"],"picked":"HoveringKite"}],"items_purged_floors":[47,53],"is_endless":false,"potions_floor_spawned":[7,10,13,16,23,24,31,33,35,39,48],"killed_by":"The Heart","ascension_level":9}}