{"host":"kx62hxkutszy5nb0","time":1612939519,"event":{"mods":["2.2 Compatiblity","AchievementEnabler","Aspiration","BaseMod","Better Altar","Better Match","Better Note","Better Sensory Stone","Better Skull","Better Third Choice","Better Vampires","CCEM2","Colored Map","Colored Powertips","Conspire","Custom Start","Dark Map","Defuse TimeMaze Blight","Displayed Cursed Tome","Downfall","Fiend Mod","Hermit","Hubris","Infinite Spire","Jorbs\u0027s Wanderer Trilogy","Koishi","Marked Mod","Minty Spire (QoL Compilation)","Prisma Mod","Relic Sorter","Relic Stats","Replay The Spire","Shade Mod","Shop Mod","Spikes Relics","StSLib","Td1madao Mod","The Alterego","The Construct","The Cursed","The Exalted","The Forsaken","The Judge","The Jungle","The Marked","TheSwordswoman","TheVacant","Uncapped","Virulent Crown","Yuri Mod","everything is the same but u backflip on backflip"],"gold_per_floor":[112,112,112,131,131,131,151,180,180,195,195,211,211,229,229,328,328,376,301,301,301,301,301,328,340,340,340,352,352,42,59,59,164,164,176,187,237,255,305,305,150,172,172,172,172,172,172,172,172,182],"floor_reached":51,"language":"ENG","playtime":2792,"items_purged":[],"score":763,"play_id":"d1e075ed-e87c-4499-bca8-db052b6990d1","local_time":"20210210164519","is_ascension_mode":false,"campfire_choices":[{"data":"Fire Up","floor":6,"key":"SMITH"},{"floor":11,"key":"REST"},{"floor":13,"key":"REST"},{"data":"New Defend Magic","floor":23,"key":"SMITH"},{"data":"Load Balancing","floor":27,"key":"SMITH"},{"data":"Chip","floor":29,"key":"SMITH"},{"floor":32,"key":"REST"},{"floor":40,"key":"REST"},{"floor":49,"key":"REST"}],"circlet_count":0,"master_deck":["Strike_C","Strike_C","Defend_C","Defend_C","Defend_C","Defend_C","Knight Kick","Chip+1","Fire Up+1","Energy Supply","White Contract","Preparedness","Preloading","Cooling Song","Load Balancing+1","Black Warm Hole","Winding Magic+1","New Defend Magic+1","Cooling Song","Black Execution","Three Hit+1","Pod Laser","Black Shadow","Shockwave Tdmadao","Defend System+1","Twin Teeth","Resistance+1","Twin Teeth","Black Contract","Defend System+1"],"relics":["Apod","Bag of Marbles","Mb Ring","BrokenLever","hubris:MysteriousPyramids","Potion Belt","hubris:BottledRain","Sandwich","Bromod:ArcaneBarrier","infinitespire:Midas Blood","ReplayTheSpireMod:TigerMarble","Iron Hammer","CCEMRelics:SelfSharpeningBlade","CCEMRelics:DarkMatter","Torii","conspire:InfiniteJournal","DollysMirror","Question Card","aspiration:PoetsPen","Shuriken","hubris:Towel","infinitespire:Bottled Soul"],"acts_visited":["Exordium","TheCity","TheBeyond"],"potions_floor_usage":[8,16,16,16,16,31,33,33,33,42],"damage_taken":[{"damage":0,"enemies":"Small Slimes","floor":1,"turns":3},{"damage":0,"enemies":"Cultist","floor":4,"turns":4},{"damage":1,"enemies":"Jaw Worm","floor":7,"turns":3},{"damage":31,"enemies":"Lagavulin","floor":8,"turns":7},{"damage":0,"enemies":"Large Slime","floor":10,"turns":5},{"damage":20,"enemies":"3 Louse","floor":12,"turns":4},{"damage":0,"enemies":"2 Fungi Beasts","floor":14,"turns":4},{"damage":20,"enemies":"Fading Forest","floor":16,"turns":11},{"damage":14,"enemies":"2 Thieves","floor":18,"turns":3},{"damage":5,"enemies":"conspire:SneckoGhost","floor":24,"turns":8},{"damage":0,"enemies":"Spheric Guardian","floor":25,"turns":3},{"damage":0,"enemies":"Snecko","floor":28,"turns":2},{"damage":5,"enemies":"conspire:HollyBat","floor":31,"turns":8},{"damage":12,"enemies":"hubris:MusketHawk","floor":33,"turns":6},{"damage":3,"enemies":"3 Shapes","floor":35,"turns":1},{"damage":0,"enemies":"3 Darklings","floor":36,"turns":3},{"damage":0,"enemies":"Mind Bloom Boss Battle","floor":37,"turns":5},{"damage":17,"enemies":"Transient","floor":38,"turns":5},{"damage":26,"enemies":"2 Orb Walkers","floor":39,"turns":4},{"damage":9,"enemies":"Writhing Mass","floor":42,"turns":4},{"damage":56,"enemies":"conspire:OrnateMirror","floor":50,"turns":4}],"seed_played":"4612787488728191650","potions_obtained":[{"floor":7,"key":"Block Potion"},{"floor":12,"key":"Block Potion"},{"floor":14,"key":"champ:CounterPotion"},{"floor":15,"key":"Milkshake"},{"floor":15,"key":"Explosive Potion"},{"floor":16,"key":"Ancient Potion"},{"floor":18,"key":"Dexterity Potion"},{"floor":25,"key":"Adrenaline Potion"},{"floor":28,"key":"Strength Potion"},{"floor":36,"key":"Elixir"},{"floor":39,"key":"Fire Potion"}],"is_trial":false,"path_per_floor":["M","?","?","M","?","R","M","E","T","M","R","M","R","M","R_BF","B",null,"M","?","?","?","AVR","R","E","M","T","R","M","R","$","M","R","B",null,"M","M","?","M","?","R","$","M","T","AVR","?","?","T","?","R","B",null],"character_chosen":"TD1MADAO_CLASS","items_purchased":["CCEMRelics:SelfSharpeningBlade","Pod Laser","DollysMirror"],"campfire_rested":5,"item_purchase_floors":[30,30,41],"current_hp_per_floor":[70,52,52,52,52,52,51,20,20,20,41,21,42,42,42,22,70,56,56,56,56,56,56,52,52,52,52,52,52,52,47,68,56,70,67,67,67,50,24,45,45,36,36,36,36,36,36,36,57,1],"gold":182,"neow_bonus":"RANDOM_COMMON_RELIC","is_daily":false,"chose_seed":false,"campfire_upgraded":4,"win_rate":0.0,"timestamp":1612939519,"path_taken":["M","?","?","M","?","R","M","E","T","M","R","M","R","?","R_BF","BOSS","M","?","?","?","AVR","R","E","M","T","R","M","R","?","M","R","BOSS","M","M","?","M","?","R","?","?","T","AVR","?","?","?","?","R","BOSS"],"items_purchased_type":["Relic","Card","Relic"],"build_version":"2020-12-22","purchased_purges":0,"victory":true,"max_hp_per_floor":[70,70,70,70,70,70,70,70,70,70,70,70,70,70,70,70,70,70,70,70,70,70,70,70,70,70,70,70,70,70,70,70,70,70,70,70,70,70,70,70,70,70,70,70,70,70,70,70,70,70],"relic_stats":{"Torii":5,"counters":[21,93],"Shuriken":[13],"Question Card":3,"obtain_stats":[{"Potion Belt":8,"Torii":37,"BrokenLever":3,"hubris:MysteriousPyramids":5,"hubris:Towel":46,"Question Card":43,"conspire:InfiniteJournal":39,"Sandwich":17,"CCEMRelics:DarkMatter":34,"CCEMRelics:SelfSharpeningBlade":30,"aspiration:PoetsPen":44,"DollysMirror":41,"Shuriken":44,"infinitespire:Bottled Soul":47,"Bromod:ArcaneBarrier":22,"Iron Hammer":26,"Bag of Marbles":0,"ReplayTheSpireMod:TigerMarble":24,"Apod":0,"Mb Ring":2,"hubris:BottledRain":9,"infinitespire:Midas Blood":22},{"Potion Belt":4,"Torii":17,"BrokenLever":1,"hubris:MysteriousPyramids":2,"hubris:Towel":20,"Question Card":20,"conspire:InfiniteJournal":19,"Sandwich":8,"CCEMRelics:DarkMatter":14,"CCEMRelics:SelfSharpeningBlade":12,"aspiration:PoetsPen":20,"DollysMirror":19,"Shuriken":20,"infinitespire:Bottled Soul":20,"Bromod:ArcaneBarrier":9,"Iron Hammer":11,"Bag of Marbles":0,"ReplayTheSpireMod:TigerMarble":10,"Apod":0,"Mb Ring":1,"hubris:BottledRain":4,"infinitespire:Midas Blood":9},{"Potion Belt":15,"Torii":76,"BrokenLever":3,"hubris:MysteriousPyramids":7,"hubris:Towel":89,"Question Card":89,"conspire:InfiniteJournal":85,"Sandwich":38,"CCEMRelics:DarkMatter":67,"CCEMRelics:SelfSharpeningBlade":54,"aspiration:PoetsPen":89,"DollysMirror":85,"Shuriken":89,"infinitespire:Bottled Soul":89,"Bromod:ArcaneBarrier":41,"Iron Hammer":52,"Bag of Marbles":0,"ReplayTheSpireMod:TigerMarble":49,"Apod":0,"Mb Ring":3,"hubris:BottledRain":15,"infinitespire:Midas Blood":41}]},"card_choices":[{"not_picked":["Reflection Mechanism","Here Defend Chip"],"picked":"Fire Up","floor":1},{"not_picked":["Floating Swing Kick","Resistance"],"picked":"Energy Supply","floor":4},{"not_picked":["Awareness","Cursed Blade"],"picked":"White Contract","floor":7},{"not_picked":["Recovery Mechanism","Machining"],"picked":"Preparedness","floor":8},{"not_picked":["Machining","Fixing"],"picked":"Preloading","floor":10},{"not_picked":["Rupture","Sudden Beat"],"picked":"Cooling Song","floor":12},{"not_picked":["Ruin Defend","Fire Blade"],"picked":"Load Balancing","floor":14},{"not_picked":["Format All Data","Retrieval Recycling"],"picked":"Black Warm Hole","floor":16},{"not_picked":["Cursed Blade","Sub Weapons"],"picked":"Winding Magic+1","floor":18},{"not_picked":["Format All Data","Oblique Hack"],"picked":"Black Execution","floor":24},{"not_picked":["Lunge","Bugfix","Reflection Mechanism"],"picked":"SKIP","floor":25},{"not_picked":["Machining","Preloading"],"picked":"Three Hit+1","floor":28},{"not_picked":["Transfer Energy","Ruin Defend"],"picked":"Black Shadow","floor":31},{"not_picked":["Pod Laser","Chip Synthesis"],"picked":"Shockwave Tdmadao","floor":33},{"not_picked":["Black Dance","White Contract+1"],"picked":"Defend System+1","floor":35},{"not_picked":["Black Shadow","Provocative"],"picked":"Twin Teeth","floor":36},{"not_picked":["Oblique Hack","Paralysis"],"picked":"Resistance+1","floor":37},{"not_picked":["Cursed Blade+1","Preloading+1"],"picked":"Twin Teeth","floor":38},{"not_picked":["Preparedness+1","Fixing+1"],"picked":"Black Contract","floor":39},{"not_picked":["Fixing+1","Floating Even","Resistance"],"picked":"SKIP","floor":42}],"player_experience":758483,"relics_obtained":[{"floor":3,"key":"BrokenLever"},{"floor":5,"key":"hubris:MysteriousPyramids"},{"floor":8,"key":"Potion Belt"},{"floor":9,"key":"hubris:BottledRain"},{"floor":24,"key":"ReplayTheSpireMod:TigerMarble"},{"floor":26,"key":"Iron Hammer"},{"floor":37,"key":"Torii"},{"floor":39,"key":"conspire:InfiniteJournal"},{"floor":43,"key":"Question Card"},{"floor":47,"key":"infinitespire:Bottled Soul"}],"event_choices":[{"damage_healed":0,"gold_gain":0,"player_choice":"Relic ","damage_taken":18,"max_hp_gain":0,"max_hp_loss":0,"event_name":"betterThird:BetterScrap","floor":2,"gold_loss":0,"cards_obtained":["EmptyMind"]},{"damage_healed":0,"gold_gain":0,"player_choice":"Relic","damage_taken":0,"max_hp_gain":0,"max_hp_loss":0,"event_name":"Wheel of Change","floor":5,"gold_loss":0},{"damage_healed":0,"gold_gain":0,"player_choice":"2","damage_taken":0,"max_hp_gain":0,"max_hp_loss":0,"event_name":"betterMatch:BetterMatch","floor":19,"gold_loss":0,"cards_obtained":[]},{"damage_healed":0,"gold_gain":0,"cards_transformed":["Strike_C"],"player_choice":"Transformed","damage_taken":0,"max_hp_gain":0,"max_hp_loss":0,"event_name":"Transmorgrifier","floor":20,"gold_loss":0,"cards_obtained":["New Defend Magic"]},{"damage_healed":0,"gold_gain":0,"player_choice":"Copied","damage_taken":0,"max_hp_gain":0,"max_hp_loss":0,"event_name":"Duplicator","floor":21,"gold_loss":0,"cards_obtained":["Cooling Song"]},{"damage_healed":0,"gold_gain":0,"player_choice":"Fight","damage_taken":0,"max_hp_gain":0,"max_hp_loss":0,"event_name":"MindBloom","floor":37,"gold_loss":0},{"damage_healed":0,"gold_gain":0,"player_choice":"Fight","damage_taken":0,"max_hp_gain":0,"max_hp_loss":0,"event_name":"Mysterious Sphere","floor":39,"gold_loss":0},{"cards_removed":["Strike_C"],"damage_healed":0,"gold_gain":0,"player_choice":"Removed Attack","damage_taken":0,"max_hp_gain":0,"max_hp_loss":0,"event_name":"Falling","floor":48,"gold_loss":0}],"is_beta":false,"boss_relics":[{"not_picked":["hubris:GrandSneckoEye","aspiration:RunicSpoon"],"picked":"Sandwich"},{"not_picked":["Runic Dome","Abe\u0027s Treasure"],"picked":"CCEMRelics:DarkMatter"}],"items_purged_floors":[],"is_endless":false,"potions_floor_spawned":[7,12,14,16,18,25,28,36,39],"ascension_level":0}}