{"host":"rjbqai8ni6dsiu37","time":1612977933,"event":{"mods":["100% Spire Juice","BaseMod","CapriCore","GungeonMod","Marisa£¨Ùöéë¡¡Øª×âÞÞ£©","Minty Spire (QoL Compilation)","Replay The Spire","Shop Mod","StSLib","Td1madao Mod","The Cursed","The Jungle","The Poker Player","WarShipGirlsR/??á´Ò³R mod"],"gold_per_floor":[209,94,74,86,86,86,119,119,167,192,202,213,213,268,268,268,268],"floor_reached":16,"language":"KOR","playtime":508,"items_purged":[],"score":184,"play_id":"8f019d52-c34a-45aa-86e4-6e6bbbb57a19","local_time":"20210211022533","is_ascension_mode":true,"campfire_choices":[{"data":"rmod:aviationdawn","floor":6,"key":"SMITH"},{"floor":8,"key":"REST"},{"data":"rmod:salvage","floor":13,"key":"SMITH"},{"floor":15,"key":"REST"}],"circlet_count":0,"master_deck":["AscendersBane","rmod:strick","rmod:strick","rmod:strick","rmod:strick","rmod:defend","rmod:defend","rmod:defend","rmod:defend","rmod:basicallowance","rmod:maingunfire","rmod:aviationdawn+1","rmod:auspiciousomen","rmod:smokecover","rmod:openingtorpedo","rmod:salvage+1","rmod:fletcher","rmod:fletcher"],"relics":["rmod:firstchargereward","DemoMod:GnawedKey","rmod:equipmentrecovery","Toy Ornithopter","Meat on the Bone","DemoMod:LamentConfigurum"],"acts_visited":["Exordium"],"potions_floor_usage":[7,10,12],"damage_taken":[{"damage":2,"enemies":"2 Louse","floor":1,"turns":2},{"damage":5,"enemies":"Jaw Worm","floor":4,"turns":3},{"damage":41,"enemies":"Lagavulin","floor":7,"turns":7},{"damage":36,"enemies":"Gremlin Nob","floor":10,"turns":5},{"damage":0,"enemies":"Small Slimes","floor":11,"turns":3},{"damage":13,"enemies":"Gremlin Gang","floor":12,"turns":6},{"damage":72,"enemies":"Fading Forest","floor":16,"turns":10}],"seed_played":"5370664830501139948","potions_obtained":[{"floor":1,"key":"Swift Potion"},{"floor":7,"key":"AttackPotion"},{"floor":11,"key":"SteroidPotion"}],"is_trial":false,"path_per_floor":["M","$","?","M","?","R","E","R","T","E","M","M","R","T","R","B"],"character_chosen":"PRAEFECT","items_purchased":["DemoMod:GnawedKey"],"campfire_rested":2,"item_purchase_floors":[2],"current_hp_per_floor":[61,61,61,56,56,56,15,36,36,5,17,21,21,21,42,0,0],"gold":268,"neow_bonus":"HUNDRED_GOLD","is_daily":false,"chose_seed":false,"campfire_upgraded":2,"win_rate":0.0,"timestamp":1612977933,"path_taken":["M","$","?","M","?","R","E","R","T","E","M","?","R","?","R","BOSS"],"items_purchased_type":["Relic"],"build_version":"2020-12-22","purchased_purges":0,"victory":false,"max_hp_per_floor":[70,70,70,70,70,70,70,70,70,70,70,70,70,70,70,70,70],"card_choices":[{"not_picked":["rmod:overbreakdown","rmod:maintain"],"picked":"rmod:aviationdawn","floor":1},{"not_picked":[],"picked":"rmod:aviationdawn","floor":3},{"not_picked":[],"picked":"rmod:auspiciousomen","floor":3},{"not_picked":["rmod:auspiciousomen","rmod:ammunitionsupply","rmod:expedition"],"picked":"SKIP","floor":4},{"not_picked":["rmod:lonelyqueen","rmod:secretscript"],"picked":"rmod:smokecover","floor":7},{"not_picked":["rmod:gendarmerie","rmod:launchingtorpedo"],"picked":"rmod:openingtorpedo","floor":10},{"not_picked":["rmod:aviationdawn","rmod:circuitoustactics"],"picked":"rmod:salvage","floor":11},{"not_picked":["rmod:smokecover","rmod:wolves","rmod:advancebysurprise"],"picked":"SKIP","floor":12}],"player_experience":254203,"relics_obtained":[{"floor":7,"key":"rmod:equipmentrecovery"},{"floor":9,"key":"Toy Ornithopter"},{"floor":10,"key":"Meat on the Bone"},{"floor":14,"key":"DemoMod:LamentConfigurum"}],"event_choices":[{"cards_removed":["rmod:aviationdawn"],"damage_healed":0,"gold_gain":0,"player_choice":"Purged","damage_taken":0,"max_hp_gain":0,"max_hp_loss":0,"event_name":"Purifier","floor":5,"gold_loss":0}],"is_beta":false,"boss_relics":[],"items_purged_floors":[],"is_endless":false,"potions_floor_spawned":[1,7,11],"killed_by":"Fading Forest","ascension_level":14}}