{"host":"fc5kl670efuhtomy","time":1612921362,"event":{"mods":["AchievementEnabler","BaseMod","Colored Powertips","Downfall","Marisa（F雨　魔理沙）","Minty Spire (QoL Compilation)","Quick Restart","Rare Cards Sparkle","Relic Stats","Replay The Spire","StSLib","The Bug Knight","The Construct","The Cursed","The Necromancer","The Servant 0.9.4","WarShipGirlsR/战舰少女R mod"],"gold_per_floor":[99,110,110,110,110,126,150,161,171,186,206,106,120,295,305,305,305,305],"floor_reached":16,"language":"ZHS","playtime":810,"items_purged":[],"score":121,"play_id":"f19b7c5c-3c66-4e8d-80f4-16f764653df1","local_time":"20210210094242","is_ascension_mode":false,"campfire_choices":[{"floor":12,"key":"RECALL"}],"circlet_count":0,"master_deck":["sneckomod:Strike","sneckomod:Strike","sneckomod:Strike","sneckomod:Defend","sneckomod:Defend","sneckomod:Defend+1","sneckomod:TailWhip","sneckomod:SnekBite","sneckomod:Unknown","Battle Trance","sneckomod:UnknownX","ReplayTheSpireMod:Splinters","White Noise+1","sneckomod:Unknown0Cost+1","sneckomod:SoulRoll+1","sneckomod:UnknownCommonSkill+1","sneckomod:MasterEye","Distraction+1","Doubt","sneckomod:Unknown0Cost+1"],"relics":["sneckomod:SneckoSoul","m_SnakeBloodCore","Toxic Egg 2","downfall:HeartBlessingBlue"],"acts_visited":["Exordium"],"potions_floor_usage":[10,11,16],"damage_taken":[{"damage":2,"enemies":"2 Louse","floor":2,"turns":3},{"damage":0,"enemies":"Small Slimes","floor":6,"turns":3},{"damage":0,"enemies":"Jaw Worm","floor":8,"turns":4},{"damage":2,"enemies":"3 Louse","floor":9,"turns":3},{"damage":14,"enemies":"Exordium Wildlife","floor":10,"turns":5},{"damage":2,"enemies":"Blue Slaver","floor":11,"turns":2},{"damage":8,"enemies":"Red Slaver","floor":13,"turns":4},{"damage":8,"enemies":"2 Fungi Beasts","floor":15,"turns":4},{"damage":89,"enemies":"IC_STATUS_ARCHETYPE","floor":16,"turns":10}],"seed_played":"-5128285241278240192","potions_obtained":[{"floor":2,"key":"sneckomod:DiceRollPotion"},{"floor":8,"key":"Flashbang"},{"floor":11,"key":"bronze:BurnAndBuffPotion"},{"floor":13,"key":"SpeedPotion"},{"floor":15,"key":"Explosive Potion"}],"is_trial":false,"path_per_floor":["R","M","?","?","T","M","T","M","M","M","M","R","M","?","M","B"],"character_chosen":"THE_SNECKO","items_purchased":[],"campfire_rested":0,"item_purchase_floors":[],"current_hp_per_floor":[99,97,97,97,97,99,99,99,99,88,89,99,94,94,89,0,0,0],"gold":305,"neow_bonus":"TEN_PERCENT_HP_BONUS","is_daily":false,"chose_seed":false,"campfire_upgraded":0,"win_rate":0.0,"timestamp":1612921362,"path_taken":["R","M","?","?","?","M","T","M","M","M","M","R","?","?","M","BOSS"],"items_purchased_type":[],"build_version":"2020-12-22","purchased_purges":0,"victory":false,"max_hp_per_floor":[99,99,99,99,99,99,99,99,99,99,99,109,109,109,109,109,109,109],"relic_stats":{"counters":[9,38],"obtain_stats":[{"m_SnakeBloodCore":4,"downfall:HeartBlessingBlue":12,"Toxic Egg 2":5,"sneckomod:SneckoSoul":0},{"m_SnakeBloodCore":1,"downfall:HeartBlessingBlue":6,"Toxic Egg 2":1,"sneckomod:SneckoSoul":0},{"m_SnakeBloodCore":3,"downfall:HeartBlessingBlue":20,"Toxic Egg 2":3,"sneckomod:SneckoSoul":0}]},"card_choices":[{"not_picked":["sneckomod:RainOfDice","sneckomod:WideSting"],"picked":"sneckomod:UnknownX","floor":2},{"not_picked":["Distraction+1","sneckomod:DiceCrush"],"picked":"White Noise+1","floor":6},{"not_picked":["sneckomod:QuickBite","sneckomod:UnknownUncommonAttack"],"picked":"sneckomod:Unknown0Cost+1","floor":8},{"not_picked":["sneckomod:SoulDraw+1","sneckomod:DiceCrush"],"picked":"sneckomod:SoulRoll+1","floor":9},{"not_picked":["sneckomod:DiceCrush","sneckomod:UnknownUncommonAttack"],"picked":"sneckomod:UnknownCommonSkill+1","floor":10},{"not_picked":["sneckomod:UnknownWeak+1","sneckomod:UnknownStrike"],"picked":"sneckomod:MasterEye","floor":11},{"not_picked":["sneckomod:QuickMove+1","Dagger Throw"],"picked":"Distraction+1","floor":13},{"not_picked":["Havoc+1","sneckomod:QuickMove+1"],"picked":"sneckomod:Unknown0Cost+1","floor":15}],"player_experience":194942,"relics_obtained":[{"floor":5,"key":"Toxic Egg 2"}],"event_choices":[],"is_beta":false,"boss_relics":[],"items_purged_floors":[],"is_endless":false,"potions_floor_spawned":[2,8,11,13,15],"killed_by":"IC_STATUS_ARCHETYPE","ascension_level":0}}