{"host":"q9718omregw4er46","time":1612987026,"event":{"mods":["BaseMod","Bestiary","Colored Powertips","Custom Start","Minty Spire (QoL Compilation)","Quick Restart","Relic Stats"],"gold_per_floor":[19,39,49,49,66,66,101,116,116,86,86,118,131,166,166,240,240,251,251,266,266,282,282,7,40,116,116,145,145,171,86,86,165,165,176,224,248,268,57,84,84,84,84,113,113,144,155,168,168,168,168,168,168,68,98,98],"floor_reached":57,"language":"ENG","playtime":3765,"items_purged":["Strike_R","Strike_R","Strike_R"],"score":2857,"play_id":"34623d16-ffa3-4960-9d74-176113976eaf","local_time":"20210211005706","is_ascension_mode":true,"campfire_choices":[{"data":"Demon Form","floor":6.0,"key":"SMITH"},{"data":"Feed","floor":11.0,"key":"SMITH"},{"data":"Dual Wield","floor":15.0,"key":"SMITH"},{"data":"Offering","floor":23.0,"key":"SMITH"},{"data":"Uppercut","floor":27.0,"key":"SMITH"},{"floor":29.0,"key":"REST"},{"data":"Combust","floor":32.0,"key":"SMITH"},{"floor":41.0,"key":"RECALL"},{"floor":45.0,"key":"REST"},{"floor":49.0,"key":"REST"},{"floor":53.0,"key":"REST"}],"circlet_count":0,"master_deck":["AscendersBane","Defend_R","Defend_R","Defend_R","Bash+1","Feed+1","Sword Boomerang","Dual Wield+1","Twin Strike+1","Demon Form+1","Disarm","Anger","Warcry","Shrug It Off","Offering+1","Dark Embrace+1","Evolve+1","Flame Barrier+1","Metallicize+1","Disarm","Necronomicurse","Cleave+1","Combust+1","Uppercut+1","Shrug It Off+1","Disarm+1","Corruption","Sentinel","Havoc","Seeing Red","Disarm","Clothesline+1","Dark Embrace+1","Pommel Strike+1"],"relics":["Burning Blood","Bag of Preparation","HornCleat","Mercury Hourglass","Astrolabe","Question Card","Necronomicon","Lantern","The Courier","Pantograph","Anchor","Boot","Ornamental Fan","Fusion Hammer","Turnip","Ancient Tea Set","Strange Spoon","Matryoshka","Juzu Bracelet","Bottled Lightning","Molten Egg 2","Bronze Scales","Whetstone"],"acts_visited":["Exordium","TheCity","TheBeyond","TheEnding"],"potions_floor_usage":[56],"damage_taken":[{"damage":4.0,"enemies":"2 Louse","floor":1.0,"turns":4.0},{"damage":1.0,"enemies":"Cultist","floor":2.0,"turns":3.0},{"damage":9.0,"enemies":"Jaw Worm","floor":3.0,"turns":5.0},{"damage":15.0,"enemies":"Red Slaver","floor":5.0,"turns":5.0},{"damage":20.0,"enemies":"Lagavulin","floor":7.0,"turns":7.0},{"damage":28.0,"enemies":"Lots of Slimes","floor":8.0,"turns":9.0},{"damage":8.0,"enemies":"Gremlin Nob","floor":12.0,"turns":3.0},{"damage":8.0,"enemies":"2 Fungi Beasts","floor":13.0,"turns":6.0},{"damage":31.0,"enemies":"Lagavulin","floor":14.0,"turns":6.0},{"damage":10.0,"enemies":"Slime Boss","floor":16.0,"turns":7.0},{"damage":34.0,"enemies":"Spheric Guardian","floor":18.0,"turns":7.0},{"damage":12.0,"enemies":"Shell Parasite","floor":20.0,"turns":6.0},{"damage":11.0,"enemies":"Snake Plant","floor":22.0,"turns":6.0},{"damage":36.0,"enemies":"Gremlin Leader","floor":25.0,"turns":7.0},{"damage":10.0,"enemies":"Book of Stabbing","floor":28.0,"turns":7.0},{"damage":18.0,"enemies":"Slavers","floor":30.0,"turns":8.0},{"damage":69.0,"enemies":"Collector","floor":33.0,"turns":11.0},{"damage":15.0,"enemies":"Orb Walker","floor":35.0,"turns":5.0},{"damage":27.0,"enemies":"2 Orb Walkers","floor":36.0,"turns":5.0},{"damage":8.0,"enemies":"3 Shapes","floor":38.0,"turns":5.0},{"damage":6.0,"enemies":"Nemesis","floor":40.0,"turns":7.0},{"damage":24.0,"enemies":"Giant Head","floor":44.0,"turns":5.0},{"damage":18.0,"enemies":"Reptomancer","floor":46.0,"turns":7.0},{"damage":12.0,"enemies":"Transient","floor":47.0,"turns":6.0},{"damage":23.0,"enemies":"Spire Growth","floor":48.0,"turns":4.0},{"damage":70.0,"enemies":"Donu and Deca","floor":50.0,"turns":7.0},{"damage":72.0,"enemies":"Time Eater","floor":51.0,"turns":12.0},{"damage":60.0,"enemies":"Shield and Spear","floor":55.0,"turns":9.0},{"damage":123,"enemies":"The Heart","floor":56,"turns":7}],"seed_played":"-1203071118973985953","potions_obtained":[{"floor":2.0,"key":"BlessingOfTheForge"},{"floor":5.0,"key":"LiquidBronze"},{"floor":10.0,"key":"LiquidMemories"},{"floor":10.0,"key":"SteroidPotion"},{"floor":12.0,"key":"AttackPotion"},{"floor":13.0,"key":"AttackPotion"},{"floor":14.0,"key":"Dexterity Potion"},{"floor":16.0,"key":"BloodPotion"},{"floor":20.0,"key":"Block Potion"},{"floor":22.0,"key":"Energy Potion"},{"floor":25.0,"key":"AttackPotion"},{"floor":30.0,"key":"SkillPotion"},{"floor":40.0,"key":"ElixirPotion"}],"is_trial":false,"path_per_floor":["M","M","M","?","M","R","E","M","T","?","R","E","M","E","R","B",null,"M","T","M","?","M","R","$","E","T","R","E","R","E","?","R","B",null,"M","?","T","M","$","E","R","?","T","E","R","E","M","M","R","B","B",null,"R","$","E","B",null],"character_chosen":"IRONCLAD","items_purchased":["Combust","Lantern","Strange Spoon"],"campfire_rested":4,"item_purchase_floors":[24,24,39],"current_hp_per_floor":[73,81,81,81,75,75,61,45,45,45,45,47,49,28,28,28,89,61,61,81,60,55,55,55,29,29,29,25,60,56,56,56,22,102,97,80,80,78,78,82,82,141,141,127,145,137,131,114,149,93,52,131,157,157,107,19],"gold":98,"neow_bonus":"THREE_RARE_CARDS","is_daily":false,"chose_seed":false,"campfire_upgraded":6,"win_rate":0.0,"timestamp":1612987026,"path_taken":["M","M","M","?","?","R","E","M","T","?","R","E","M","E","R","BOSS","M","?","?","?","M","R","$","E","T","R","E","R","E","?","R","BOSS","M","?","?","M","$","E","R","?","T","E","R","E","M","M","R","BOSS","BOSS","R","$","E","BOSS"],"items_purchased_type":["Card","Relic","Relic"],"build_version":"2020-12-22","purchased_purges":3,"victory":true,"max_hp_per_floor":[78,81,84,84,87,87,87,93,93,93,93,97,101,105,105,109,109,109,109,113,113,113,113,113,117,117,117,117,117,125,125,125,129,129,133,137,137,137,137,141,141,141,141,145,145,149,149,149,149,157,157,157,157,157,161,165],"relic_stats":{"counters":[29,185],"Astrolabe":["Dark Embrace","Evolve","Flame Barrier"],"Bag of Preparation":[48],"Juzu Bracelet":0,"Whetstone":["Bash","Twin Strike"],"Question Card":15,"Boot":[57],"Burning Blood":174,"Mercury Hourglass":[482],"Strange Spoon":[63],"Ornamental Fan":[148],"Pantograph":75,"Bronze Scales":[231],"Turnip":[3],"Necronomicon":[43],"obtain_stats":[{"Lantern":24,"Astrolabe":17,"The Courier":25,"Bag of Preparation":7,"Juzu Bracelet":43,"Whetstone":55,"Question Card":19,"Boot":30,"Ancient Tea Set":37,"Burning Blood":0,"Mercury Hourglass":14,"Strange Spoon":39,"Anchor":28,"HornCleat":12,"Matryoshka":40,"Ornamental Fan":31,"Pantograph":26,"Bronze Scales":46,"Molten Egg 2":44,"Fusion Hammer":34,"Turnip":36,"Necronomicon":21,"Bottled Lightning":43},{"Lantern":13,"Astrolabe":10,"The Courier":14,"Bag of Preparation":5,"Juzu Bracelet":21,"Whetstone":28,"Question Card":11,"Boot":16,"Ancient Tea Set":19,"Burning Blood":0,"Mercury Hourglass":9,"Strange Spoon":20,"Anchor":15,"HornCleat":7,"Matryoshka":21,"Ornamental Fan":16,"Pantograph":14,"Bronze Scales":23,"Molten Egg 2":22,"Fusion Hammer":17,"Turnip":19,"Necronomicon":12,"Bottled Lightning":21},{"Lantern":74,"Astrolabe":55,"The Courier":81,"Bag of Preparation":24,"Juzu Bracelet":128,"Whetstone":178,"Question Card":62,"Boot":95,"Ancient Tea Set":116,"Burning Blood":0,"Mercury Hourglass":48,"Strange Spoon":121,"Anchor":87,"HornCleat":36,"Matryoshka":128,"Ornamental Fan":95,"Pantograph":81,"Bronze Scales":140,"Molten Egg 2":133,"Fusion Hammer":106,"Turnip":116,"Necronomicon":68,"Bottled Lightning":128}]},"card_choices":[{"not_picked":["Limit Break","Berserk"],"picked":"Feed","floor":0.0},{"not_picked":["Flex","Headbutt"],"picked":"Sword Boomerang","floor":1.0},{"not_picked":["Cleave","Heavy Blade"],"picked":"Dual Wield","floor":2.0},{"not_picked":["Sword Boomerang","Body Slam"],"picked":"Twin Strike","floor":3.0},{"not_picked":["Carnage","Shrug It Off"],"picked":"Demon Form","floor":5.0},{"not_picked":["True Grit","Wild Strike"],"picked":"Disarm","floor":7.0},{"not_picked":["Clothesline","Dual Wield"],"picked":"Anger","floor":8.0},{"not_picked":["Heavy Blade","Feel No Pain"],"picked":"Warcry","floor":12.0},{"not_picked":["Flex","Twin Strike","Wild Strike"],"picked":"SKIP","floor":13.0},{"not_picked":["Body Slam","Flex"],"picked":"Shrug It Off","floor":14.0},{"not_picked":["Feed","Immolate"],"picked":"Offering","floor":16.0},{"not_picked":["Reckless Charge","Clash"],"picked":"Metallicize+1","floor":18.0},{"not_picked":["Carnage","Fire Breathing","Warcry+1"],"picked":"Disarm","floor":20.0},{"not_picked":["Clothesline","Warcry","Whirlwind"],"picked":"Cleave+1","floor":22.0},{"not_picked":["Inflame","Anger","Whirlwind"],"picked":"Uppercut","floor":25.0},{"not_picked":["Berserk","Ghostly Armor","Clothesline"],"picked":"Shrug It Off+1","floor":28.0},{"not_picked":["Dark Embrace","Wild Strike","Reckless Charge"],"picked":"Disarm+1","floor":30.0},{"not_picked":["Berserk","Impervious","Offering"],"picked":"Corruption","floor":33.0},{"not_picked":["Iron Wave","Havoc+1","Headbutt"],"picked":"Sentinel","floor":35.0},{"not_picked":["Pommel Strike","Cleave","Headbutt"],"picked":"Havoc","floor":36.0},{"not_picked":["Cleave","Shockwave+1","Perfected Strike+1","Wild Strike+1"],"picked":"SKIP","floor":38.0},{"not_picked":["Clash","Inflame","Second Wind"],"picked":"Seeing Red","floor":40.0},{"not_picked":["Twin Strike+1","Pommel Strike+1","Perfected Strike+1"],"picked":"Disarm","floor":44.0},{"not_picked":["Double Tap","Sword Boomerang+1","Havoc","Warcry"],"picked":"SKIP","floor":46.0},{"not_picked":["Sever Soul+1","Metallicize","Evolve"],"picked":"Clothesline+1","floor":47.0},{"not_picked":["Cleave+1","Metallicize","Rampage+1"],"picked":"Dark Embrace+1","floor":48.0},{"not_picked":["Whirlwind+1","Wild Strike+1","Feed+1"],"picked":"Pommel Strike+1","floor":55.0}],"player_experience":800673,"relics_obtained":[{"floor":7.0,"key":"Bag of Preparation"},{"floor":12.0,"key":"HornCleat"},{"floor":14.0,"key":"Mercury Hourglass"},{"floor":19.0,"key":"Question Card"},{"floor":21.0,"key":"Necronomicon"},{"floor":25.0,"key":"The Courier"},{"floor":26.0,"key":"Pantograph"},{"floor":28.0,"key":"Anchor"},{"floor":30.0,"key":"Boot"},{"floor":36.0,"key":"Turnip"},{"floor":37.0,"key":"Ancient Tea Set"},{"floor":40.0,"key":"Matryoshka"},{"floor":43.0,"key":"Juzu Bracelet"},{"floor":43.0,"key":"Bottled Lightning"},{"floor":44.0,"key":"Molten Egg 2"},{"floor":46.0,"key":"Bronze Scales"},{"floor":55.0,"key":"Whetstone"}],"event_choices":[{"damage_healed":0.0,"max_hp_gain":0.0,"max_hp_loss":0.0,"gold_gain":0.0,"event_name":"Match and Keep!","player_choice":"0 cards matched","floor":4.0,"gold_loss":0.0,"damage_taken":0.0,"cards_obtained":[]},{"damage_healed":0.0,"max_hp_gain":0.0,"max_hp_loss":0.0,"gold_gain":0.0,"event_name":"The Woman in Blue","player_choice":"Bought 2 Potions","floor":10.0,"gold_loss":0.0,"damage_taken":0.0},{"damage_healed":0.0,"max_hp_gain":0.0,"max_hp_loss":0.0,"gold_gain":0.0,"event_name":"Cursed Tome","player_choice":"Obtained Book","floor":21.0,"gold_loss":0.0,"damage_taken":21.0},{"damage_healed":0.0,"max_hp_gain":0.0,"max_hp_loss":0.0,"gold_gain":0.0,"event_name":"Addict","player_choice":"Obtained Relic","floor":31.0,"gold_loss":85.0,"damage_taken":0.0,"relics_obtained":["Ornamental Fan"]},{"damage_healed":0.0,"max_hp_gain":0.0,"max_hp_loss":0.0,"gold_gain":0.0,"event_name":"Mysterious Sphere","player_choice":"Fight","floor":36.0,"gold_loss":0.0,"damage_taken":0.0},{"damage_healed":59.0,"max_hp_gain":0.0,"max_hp_loss":0.0,"gold_gain":0.0,"event_name":"Wheel of Change","player_choice":"Full Heal","floor":42.0,"gold_loss":0.0,"damage_taken":0.0}],"is_beta":false,"boss_relics":[{"not_picked":["Ectoplasm","Mark of Pain"],"picked":"Astrolabe"},{"not_picked":["Black Star","Pandora\u0027s Box"],"picked":"Fusion Hammer"}],"items_purged_floors":[24,39,54],"is_endless":false,"potions_floor_spawned":[2,5,12,13,14,16,20,22,25,30,40,44],"ascension_level":20}}