{"host":"fxrgx7wt2cpkbhka","time":1612952341,"event":{"mods":["AchievementEnabler","BaseMod","Colored Powertips","Dark Map","Minty Spire (QoL Compilation)","Permanent Neow","Quick Restart","Slay-I","StSLib","Waifu the Spire"],"gold_per_floor":[110,110,110,110,110,110,144,144,144,171,191,5,20,53,53,151,151,164,164,164,174,89,89,106,120,120,120,145,145,165,194,194,291,291,305,305,305],"floor_reached":36,"language":"ENG","playtime":939,"items_purged":[],"score":764,"play_id":"fa0668fd-908e-4f89-a92e-8321c89d0d7c","local_time":"20210210021901","is_ascension_mode":true,"campfire_choices":[{"data":"Neutralize","floor":6.0,"key":"SMITH"},{"data":"Noxious Fumes","floor":8.0,"key":"SMITH"},{"data":"Bouncing Flask","floor":15.0,"key":"SMITH"},{"data":"Noxious Fumes","floor":23.0,"key":"SMITH"},{"floor":27.0,"key":"REST"},{"data":"Catalyst","floor":29.0,"key":"SMITH"},{"floor":32.0,"key":"REST"}],"circlet_count":0,"master_deck":["AscendersBane","Strike_G","Strike_G","Strike_G+1","Strike_G","Strike_G","Defend_G","Defend_G","Defend_G","Defend_G","Defend_G","Survivor+1","Neutralize+1","Noxious Fumes+1","Bouncing Flask+1","Poisoned Stab","Noxious Fumes+1","Poisoned Stab","Noxious Fumes+1","Dash+1","Catalyst+1","Catalyst+1","Injury","CurseOfTheBell","Deadly Poison+1"],"relics":["Ring of the Snake","NeowsBlessing","StoneCalendar","Peace Pipe","Torii","Snake Skull","Oddly Smooth Stone","Paper Crane","Cursed Key","MutagenicStrength","Happy Flower","Orichalcum","PreservedInsect","Calling Bell","Tiny Chest","Mummified Hand","Unceasing Top"],"acts_visited":["Exordium","TheCity","TheBeyond"],"potions_floor_usage":[],"damage_taken":[{"damage":0.0,"enemies":"Small Slimes","floor":1.0,"turns":1.0},{"damage":0.0,"enemies":"Lagavulin","floor":7.0,"turns":1.0},{"damage":0.0,"enemies":"Gremlin Nob","floor":10.0,"turns":2.0},{"damage":0.0,"enemies":"2 Louse","floor":11.0,"turns":2.0},{"damage":0.0,"enemies":"Jaw Worm","floor":13.0,"turns":3.0},{"damage":9.0,"enemies":"Lagavulin","floor":14.0,"turns":5.0},{"damage":18.0,"enemies":"Slime Boss","floor":16.0,"turns":6.0},{"damage":7.0,"enemies":"Shell Parasite","floor":18.0,"turns":4.0},{"damage":12.0,"enemies":"3 Byrds","floor":21.0,"turns":4.0},{"damage":6.0,"enemies":"Cultist and Chosen","floor":24.0,"turns":5.0},{"damage":0.0,"enemies":"Snake Plant","floor":25.0,"turns":2.0},{"damage":17.0,"enemies":"Slavers","floor":28.0,"turns":4.0},{"damage":1.0,"enemies":"Snecko","floor":30.0,"turns":4.0},{"damage":17.0,"enemies":"Gremlin Leader","floor":31.0,"turns":7.0},{"damage":43,"enemies":"Automaton","floor":33,"turns":7},{"damage":27,"enemies":"3 Darklings","floor":35,"turns":4},{"damage":21,"enemies":"2 Orb Walkers","floor":36,"turns":2}],"seed_played":"1115974465526293484","potions_obtained":[{"floor":1.0,"key":"LiquidMemories"},{"floor":7.0,"key":"Fruit Juice"},{"floor":16.0,"key":"LiquidBronze"},{"floor":24.0,"key":"Block Potion"},{"floor":28.0,"key":"Energy Potion"}],"is_trial":false,"path_per_floor":["M","?","?","?","?","R","E","R","T","E","M","$","M","E","R","B",null,"M","?","?","M","?","R","M","M","T","R","E","R","M","E","R","B",null,"M","?"],"character_chosen":"THE_SILENT","items_purchased":["Noxious Fumes","Oddly Smooth Stone"],"campfire_rested":2,"item_purchase_floors":[12,12],"current_hp_per_floor":[63,49,49,49,46,46,51,51,51,51,51,51,51,42,42,24,62,55,55,55,43,43,43,37,37,37,59,42,42,41,24,46,3,57,30,9,9],"gold":305,"neow_bonus":"THREE_ENEMY_KILL","is_daily":false,"chose_seed":false,"campfire_upgraded":5,"win_rate":0.0,"timestamp":1612952341,"path_taken":["M","?","?","?","?","R","E","R","T","E","M","$","M","E","R","BOSS","M","?","?","?","?","R","M","M","T","R","E","R","M","E","R","BOSS","M","?"],"items_purchased_type":["Card","Relic"],"build_version":"2020-12-22","purchased_purges":0,"victory":false,"max_hp_per_floor":[70,70,70,70,70,70,75,75,75,75,75,75,75,75,75,75,75,75,75,75,75,75,75,75,75,75,75,75,75,75,75,75,75,75,75,75,75],"card_choices":[{"not_picked":["Reflex","Dodge and Roll","Predator"],"picked":"SKIP","floor":1.0},{"not_picked":["Accuracy","Dash"],"picked":"Noxious Fumes","floor":7.0},{"not_picked":["Infinite Blades","All Out Attack"],"picked":"Bouncing Flask","floor":10.0},{"not_picked":["Flying Knee","Acrobatics"],"picked":"Poisoned Stab","floor":11.0},{"not_picked":["Blade Dance","Endless Agony"],"picked":"Poisoned Stab","floor":13.0},{"not_picked":["Skewer","Dodge and Roll","Flying Knee"],"picked":"SKIP","floor":14.0},{"not_picked":["Prepared","Acrobatics"],"picked":"Noxious Fumes","floor":18.0},{"not_picked":["Slice+1","Backflip"],"picked":"Dash+1","floor":21.0},{"not_picked":["All Out Attack","Flying Knee"],"picked":"Catalyst","floor":24.0},{"not_picked":["Tactician","Prepared"],"picked":"Catalyst+1","floor":25.0},{"not_picked":["Expertise+1","Cloak And Dagger","Riddle With Holes+1"],"picked":"SKIP","floor":28.0},{"not_picked":["Distraction+1","Quick Slash","Outmaneuver"],"picked":"SKIP","floor":30.0},{"not_picked":["Night Terror","Backflip","Prepared"],"picked":"SKIP","floor":31.0},{"not_picked":["Outmaneuver+1","Deflect+1"],"picked":"Deadly Poison+1","floor":35}],"player_experience":760272,"relics_obtained":[{"floor":7.0,"key":"Peace Pipe"},{"floor":9.0,"key":"Torii"},{"floor":10.0,"key":"Snake Skull"},{"floor":14.0,"key":"Paper Crane"},{"floor":28.0,"key":"Orichalcum"},{"floor":31.0,"key":"PreservedInsect"},{"floor":34,"key":"Tiny Chest"},{"floor":34,"key":"Mummified Hand"},{"floor":34,"key":"Unceasing Top"}],"event_choices":[{"damage_healed":0.0,"max_hp_gain":0.0,"max_hp_loss":0.0,"gold_gain":0.0,"event_name":"Shining Light","player_choice":"Entered Light","floor":2.0,"gold_loss":0.0,"damage_taken":14.0,"cards_upgraded":["Survivor","Strike_G"]},{"damage_healed":0.0,"max_hp_gain":0.0,"max_hp_loss":0.0,"gold_gain":0.0,"event_name":"Golden Wing","player_choice":"Ignored","floor":3.0,"gold_loss":0.0,"damage_taken":0.0},{"damage_healed":0.0,"max_hp_gain":0.0,"max_hp_loss":0.0,"gold_gain":0.0,"event_name":"The Cleric","player_choice":"Leave","floor":4.0,"gold_loss":0.0,"damage_taken":0.0},{"damage_healed":0.0,"max_hp_gain":0.0,"max_hp_loss":0.0,"gold_gain":0.0,"event_name":"Scrap Ooze","player_choice":"Success","floor":5.0,"gold_loss":0.0,"damage_taken":3.0,"relics_obtained":["StoneCalendar"]},{"damage_healed":0.0,"max_hp_gain":0.0,"max_hp_loss":0.0,"gold_gain":0.0,"event_name":"Drug Dealer","player_choice":"Inject Mutagens","floor":19.0,"gold_loss":0.0,"damage_taken":0.0,"relics_obtained":["MutagenicStrength"]},{"damage_healed":0.0,"max_hp_gain":0.0,"max_hp_loss":0.0,"gold_gain":0.0,"event_name":"Upgrade Shrine","player_choice":"Upgraded","floor":20.0,"gold_loss":0.0,"damage_taken":0.0,"cards_upgraded":["Noxious Fumes"]},{"damage_healed":0.0,"max_hp_gain":0.0,"max_hp_loss":0.0,"gold_gain":0.0,"event_name":"Addict","player_choice":"Obtained Relic","floor":22.0,"gold_loss":85.0,"damage_taken":0.0,"relics_obtained":["Happy Flower"]},{"damage_healed":0,"gold_gain":0,"player_choice":"Fight","damage_taken":0,"max_hp_gain":0,"max_hp_loss":0,"event_name":"Mysterious Sphere","floor":36,"gold_loss":0}],"is_beta":false,"boss_relics":[{"not_picked":["Black Star","Coffee Dripper"],"picked":"Cursed Key"},{"not_picked":["SacredBark","Fusion Hammer"],"picked":"Calling Bell"}],"items_purged_floors":[],"is_endless":false,"potions_floor_spawned":[1,7,16,24,28,30],"killed_by":"2 Orb Walkers","ascension_level":11}}