{"host":"5z7rhcocprldured","time":1612999815,"event":{"mods":["2.2 Compatiblity","AchievementEnabler","BaseMod","Best Route Mod","Better Altar","Better Match","Better Note","Better Sensory Stone","Better Skull","Better Third Choice","BetterRewards","Block Reminder","Colored Map","Colored Powertips","Emptier Cage","Googly Eyes","Hermit","Marisa????????","Minty Spire (QoL Compilation)","Permanent Neow","Potionbrewer","Rare Cards Sparkle","StSLib","Synergy Search","The Cursed","The Hierophant","The Runesmith","Unceasing Turn Reminder"],"gold_per_floor":[109,123,198,198,209,216,216,231,299,324,350,133,150,150,150,257,257,257],"floor_reached":17,"language":"ENG","playtime":858,"items_purged":[],"score":173,"play_id":"79ed4119-d816-4545-892d-5cc9e0f62e0b","local_time":"20210210233015","is_ascension_mode":false,"campfire_choices":[{"data":"hierophant:RepressedViolence","floor":7,"key":"SMITH"},{"floor":15,"key":"REST"}],"circlet_count":0,"master_deck":["hierophant:Strike_Hierophant","hierophant:Strike_Hierophant","hierophant:Punish","hierophant:Defend_Hierophant","hierophant:Defend_Hierophant","hierophant:Defend_Hierophant","hierophant:ChurchCoffers","Dramatic Entrance","hierophant:ThreeLashes","hierophant:FlamingChariot","hierophant:RepressedViolence+1","hierophant:FieryStrike","hierophant:LocustPlague","Apotheosis","hierophant:RustyCrate","hierophant:Doubloon","hierophant:Doubloon","hierophant:Exaltation","hierophant:Martyrdom+1","hierophant:Racketeering+1","hierophant:Embezzle+1"],"relics":["hierophant:PropheticMaskRelic","potionbrewer:AlchemistFlask","Orichalcum","HornCleat","potionbrewer:SlideRule","Strawberry","Astrolabe"],"acts_visited":["Exordium","TheCity"],"potions_floor_usage":[6],"damage_taken":[{"damage":6,"enemies":"Jaw Worm","floor":1,"turns":2},{"damage":0,"enemies":"Small Slimes","floor":2,"turns":2},{"damage":1,"enemies":"Cultist","floor":5,"turns":3},{"damage":11,"enemies":"Gremlin Nob","floor":6,"turns":4},{"damage":12,"enemies":"3 Sentries","floor":8,"turns":6},{"damage":7,"enemies":"Lagavulin","floor":10,"turns":5},{"damage":0,"enemies":"Red Slaver","floor":13,"turns":1},{"damage":45,"enemies":"Hexaghost","floor":16,"turns":10}],"seed_played":"-7242862504204421215","potions_obtained":[{"floor":1,"key":"potionbrewer:EndurancePotion"},{"floor":8,"key":"Block Potion"},{"floor":10,"key":"AttackPotion"},{"floor":16,"key":"potionbrewer:BarricadePotion"}],"is_trial":false,"path_per_floor":["M","M","?","?","M","E","R","E","T","E","T","$","M","$","R","B",null],"character_chosen":"HIEROPHANT","items_purchased":["Apotheosis","hierophant:RustyCrate"],"campfire_rested":1,"item_purchase_floors":[12,12],"current_hp_per_floor":[69,69,58,63,62,51,51,39,39,32,39,39,39,39,65,20,87,87],"gold":257,"neow_bonus":"RANDOM_COLORLESS","is_daily":false,"chose_seed":false,"campfire_upgraded":1,"win_rate":0.0,"timestamp":1612999815,"path_taken":["M","M","?","?","M","E","R","E","T","E","?","?","M","$","R","BOSS"],"items_purchased_type":["Card","Card"],"build_version":"2020-12-22","purchased_purges":0,"victory":false,"max_hp_per_floor":[75,75,75,80,80,80,80,80,80,80,87,87,87,87,87,87,87,87],"card_choices":[{"not_picked":["Purity","Mind Blast"],"picked":"Dramatic Entrance","floor":0},{"not_picked":["hierophant:Sermon","hierophant:RustyCrate"],"picked":"hierophant:ThreeLashes","floor":1},{"not_picked":["hierophant:SealAway","hierophant:Purify"],"picked":"hierophant:FlamingChariot","floor":2},{"not_picked":["hierophant:Sermon","hierophant:Martyrdom"],"picked":"hierophant:RepressedViolence","floor":5},{"not_picked":["hierophant:CoinFling","hierophant:OrnateJavelin"],"picked":"hierophant:FieryStrike","floor":6},{"not_picked":["hierophant:Chorus","hierophant:ArchangelShield"],"picked":"hierophant:LocustPlague","floor":8},{"not_picked":["hierophant:Doomsaying","hierophant:RepressedViolence","hierophant:Embezzle"],"picked":"SKIP","floor":10},{"not_picked":["hierophant:Flagellation","hierophant:OrnateBuckler"],"picked":"hierophant:Exaltation","floor":13}],"player_experience":172218,"relics_obtained":[{"floor":6,"key":"potionbrewer:AlchemistFlask"},{"floor":8,"key":"Orichalcum"},{"floor":9,"key":"HornCleat"},{"floor":10,"key":"potionbrewer:SlideRule"},{"floor":11,"key":"Strawberry"}],"event_choices":[{"damage_healed":0,"gold_gain":75,"player_choice":"Gold","damage_taken":11,"max_hp_gain":0,"max_hp_loss":0,"event_name":"betterThird:BetterGoop","floor":3,"gold_loss":0},{"damage_healed":0,"gold_gain":0,"player_choice":"Donut","damage_taken":0,"max_hp_gain":5,"max_hp_loss":0,"event_name":"Big Fish","floor":4,"gold_loss":0}],"is_beta":false,"boss_relics":[{"not_picked":["Velvet Choker","Runic Dome"],"picked":"Astrolabe"}],"items_purged_floors":[],"is_endless":false,"potions_floor_spawned":[1,8,10,16],"ascension_level":0}}