{"host":"26mrfot5w7uj2ebc","time":1612977647,"event":{"mods":["AchievementEnabler","BaseMod","Colored Map","Curses Come First","Minty Spire (QoL Compilation)","StSLib"],"gold_per_floor":[114,126,126,142,158,158,184,184,184,184,259,434,461,49,49,147,147,160,178,178,78,92,108,23,35,35,60,60,70,80,0,0,95,95,111,0,15,15,26,58,21,40,40,50,50,50,50],"floor_reached":46,"language":"KOR","playtime":1825,"items_purged":["Doubt","Strike_G"],"score":534,"play_id":"4c5206b2-f251-419c-9753-f2529ea38863","local_time":"20210211022047","is_ascension_mode":false,"campfire_choices":[{"data":"Neutralize","floor":6.0,"key":"SMITH"},{"data":"Bullet Time","floor":8.0,"key":"SMITH"},{"data":"Dagger Spray","floor":10.0,"key":"SMITH"},{"floor":15.0,"key":"REST"},{"data":"After Image","floor":28,"key":"SMITH"},{"data":"Calculated Gamble","floor":32,"key":"SMITH"}],"circlet_count":0,"master_deck":["Strike_G","Strike_G","Strike_G","Defend_G","Defend_G","Defend_G","Defend_G","Defend_G","Survivor","Neutralize+1","Dagger Spray+1","PiercingWail","Cloak And Dagger","Bullet Time+1","Phantasmal Killer","Calculated Gamble+1","After Image+1","Prepared+1","Blade Dance+1","Blade Dance+1","Dagger Spray","Envenom","Well Laid Plans","Venomology","CurseOfTheBell","Dagger Spray+1","Adrenaline","Tactician+1","Footwork"],"relics":["Runic Pyramid","Bottled Lightning","StrikeDummy","Darkstone Periapt","Mercury Hourglass","Coffee Dripper","Molten Egg 2","Singing Bowl","PreservedInsect","Calling Bell","Blood Vial","White Beast Statue","Tingsha","Red Mask","Matryoshka","Oddly Smooth Stone"],"acts_visited":["Exordium","TheCity","TheBeyond"],"potions_floor_usage":[27,33,33,35,37,39,39,39,40,40,42,42,44,45],"damage_taken":[{"damage":2.0,"enemies":"Small Slimes","floor":1.0,"turns":3.0},{"damage":0.0,"enemies":"2 Louse","floor":2.0,"turns":3.0},{"damage":0.0,"enemies":"Cultist","floor":4.0,"turns":4.0},{"damage":3.0,"enemies":"Blue Slaver","floor":5.0,"turns":5.0},{"damage":14.0,"enemies":"Gremlin Nob","floor":7.0,"turns":4.0},{"damage":13.0,"enemies":"Lagavulin","floor":13.0,"turns":8.0},{"damage":27.0,"enemies":"The Guardian","floor":16.0,"turns":8.0},{"damage":0,"enemies":"3 Byrds","floor":18,"turns":4},{"damage":0,"enemies":"Shell Parasite","floor":19,"turns":5},{"damage":13,"enemies":"Snake Plant","floor":22,"turns":5},{"damage":0,"enemies":"Sentry and Sphere","floor":23,"turns":3},{"damage":5,"enemies":"Centurion and Healer","floor":25,"turns":4},{"damage":13,"enemies":"Book of Stabbing","floor":27,"turns":3},{"damage":5,"enemies":"Snake Plant","floor":29,"turns":4},{"damage":21,"enemies":"Shelled Parasite and Fungi","floor":30,"turns":4},{"damage":6,"enemies":"Automaton","floor":33,"turns":7},{"damage":7,"enemies":"Orb Walker","floor":35,"turns":4},{"damage":1,"enemies":"3 Shapes","floor":37,"turns":2},{"damage":9,"enemies":"Jaw Worm Horde","floor":39,"turns":4},{"damage":42,"enemies":"Nemesis","floor":40,"turns":5},{"damage":0,"enemies":"Sphere and 2 Shapes","floor":42,"turns":4},{"damage":26,"enemies":"4 Shapes","floor":44,"turns":4},{"damage":0,"enemies":"Writhing Mass","floor":45,"turns":1},{"damage":19,"enemies":"Sphere and 2 Shapes","floor":46,"turns":3}],"seed_played":"-736309277138561355","potions_obtained":[{"floor":2.0,"key":"CunningPotion"},{"floor":13.0,"key":"Regen Potion"},{"floor":16.0,"key":"LiquidMemories"},{"floor":25,"key":"DistilledChaos"},{"floor":27,"key":"DistilledChaos"},{"floor":29,"key":"FearPotion"},{"floor":30,"key":"Weak Potion"},{"floor":33,"key":"Swift Potion"},{"floor":35,"key":"Swift Potion"},{"floor":37,"key":"PowerPotion"},{"floor":39,"key":"Energy Potion"},{"floor":40,"key":"Block Potion"},{"floor":42,"key":"Dexterity Potion"},{"floor":44,"key":"Energy Potion"}],"is_trial":false,"path_per_floor":["M","M","?","M","M","R","E","R","T","R","?","?","E","$","R","B",null,"M","M","?","$","M","M","?","M","T","E","R","M","M","$","R","B",null,"M","?","M","?","M","E","$","M","T","M","M","M"],"character_chosen":"THE_SILENT","items_purchased":["Mercury Hourglass","Calculated Gamble","Well Laid Plans","Footwork"],"campfire_rested":1,"item_purchase_floors":[14,14,31,41],"current_hp_per_floor":[68,68,61,61,58,58,44,44,44,44,33,33,20,20,41,29,70,70,70,70,70,57,57,57,52,52,41,41,38,19,19,19,13,82,75,75,76,76,71,31,31,35,35,13,15,0,0],"gold":50,"neow_bonus":"BOSS_RELIC","is_daily":false,"chose_seed":false,"campfire_upgraded":5,"win_rate":0.0,"timestamp":1612977647,"path_taken":["M","M","?","M","M","R","E","R","T","R","?","?","E","$","R","BOSS","M","M","?","?","M","M","?","M","T","E","R","?","M","$","R","BOSS","M","?","M","?","M","E","$","M","T","M","M","M"],"items_purchased_type":["Relic","Card","Card","Card"],"build_version":"2020-12-22","purchased_purges":2,"victory":false,"max_hp_per_floor":[70,70,70,70,70,70,70,70,70,70,70,70,70,70,70,70,70,70,70,70,70,70,70,70,70,70,72,72,74,76,76,76,76,82,82,82,82,82,84,84,84,86,86,88,88,88,88],"card_choices":[{"not_picked":["Bane","Quick Slash"],"picked":"Dagger Spray","floor":1.0},{"not_picked":["Underhanded Strike","Dagger Spray"],"picked":"PiercingWail","floor":2.0},{"not_picked":["Choke","Footwork","Dodge and Roll"],"picked":"SKIP","floor":4.0},{"not_picked":["Underhanded Strike","Poisoned Stab"],"picked":"Cloak And Dagger","floor":5.0},{"not_picked":["Escape Plan","Poisoned Stab"],"picked":"Bullet Time","floor":7.0},{"not_picked":["Dagger Throw","Slice"],"picked":"Phantasmal Killer","floor":13.0},{"not_picked":["Die Die Die","Corpse Explosion"],"picked":"After Image","floor":16.0},{"not_picked":["Quick Slash","Poisoned Stab"],"picked":"Prepared+1","floor":18},{"not_picked":["Blur","Flechettes"],"picked":"Blade Dance+1","floor":19},{"not_picked":["Bane","PiercingWail+1"],"picked":"Blade Dance+1","floor":22},{"not_picked":["Heel Hook","Skewer"],"picked":"Dagger Spray","floor":23},{"not_picked":["Finisher+1","PiercingWail+1"],"picked":"Envenom","floor":25},{"not_picked":["Terror","Backstab+1","Sucker Punch+1"],"picked":"Singing Bowl","floor":27},{"not_picked":["Outmaneuver","Infinite Blades","Concentrate"],"picked":"Singing Bowl","floor":29},{"not_picked":["Bane+1","Acrobatics","Backstab+1"],"picked":"Singing Bowl","floor":30},{"not_picked":["Storm of Steel","After Image"],"picked":"Venomology","floor":33},{"not_picked":["Underhanded Strike+1","Flying Knee+1"],"picked":"Dagger Spray+1","floor":35},{"not_picked":["Dagger Spray+1","Backflip"],"picked":"Adrenaline","floor":37},{"not_picked":["Heel Hook+1","Prepared","Deadly Poison+1"],"picked":"Singing Bowl","floor":39},{"not_picked":["Burst","Leg Sweep"],"picked":"Tactician+1","floor":40},{"not_picked":["Deadly Poison","Quick Slash+1","Poisoned Stab+1"],"picked":"Singing Bowl","floor":42},{"not_picked":["Masterful Stab+1","Concentrate+1","Dagger Throw+1"],"picked":"Singing Bowl","floor":44}],"player_experience":233317,"relics_obtained":[{"floor":7.0,"key":"Bottled Lightning"},{"floor":9.0,"key":"StrikeDummy"},{"floor":13.0,"key":"Darkstone Periapt"},{"floor":26,"key":"Singing Bowl"},{"floor":27,"key":"PreservedInsect"},{"floor":34,"key":"Blood Vial"},{"floor":34,"key":"White Beast Statue"},{"floor":34,"key":"Tingsha"},{"floor":40,"key":"Matryoshka"},{"floor":43,"key":"Oddly Smooth Stone"}],"event_choices":[{"cards_removed":["Strike_G"],"damage_healed":0.0,"max_hp_gain":0.0,"max_hp_loss":0.0,"gold_gain":0.0,"event_name":"Golden Wing","player_choice":"Card Removal","floor":3.0,"gold_loss":0.0,"damage_taken":7.0},{"damage_healed":0.0,"max_hp_gain":0.0,"max_hp_loss":0.0,"gold_gain":75.0,"event_name":"World of Goop","player_choice":"Gather Gold","floor":11.0,"gold_loss":0.0,"damage_taken":11.0},{"damage_healed":0.0,"max_hp_gain":0.0,"max_hp_loss":0.0,"gold_gain":175.0,"event_name":"Liars Game","player_choice":"AGREE","floor":12.0,"gold_loss":0.0,"damage_taken":0.0,"cards_obtained":["Doubt"]},{"damage_healed":0,"gold_gain":0,"player_choice":"Full Heal","damage_taken":0,"max_hp_gain":0,"max_hp_loss":0,"event_name":"Wheel of Change","floor":20,"gold_loss":0},{"damage_healed":0,"gold_gain":0,"player_choice":"Obtained Relic","damage_taken":0,"relics_obtained":["Molten Egg 2"],"max_hp_gain":0,"max_hp_loss":0,"event_name":"Addict","floor":24,"gold_loss":85},{"damage_healed":0,"gold_gain":0,"player_choice":"Paid","damage_taken":0,"relics_obtained":["Red Mask"],"max_hp_gain":0,"max_hp_loss":0,"event_name":"Tomb of Lord Red Mask","floor":36,"gold_loss":111},{"cards_removed":["Strike_G"],"damage_healed":0,"gold_gain":0,"player_choice":"Removed Attack","damage_taken":0,"max_hp_gain":0,"max_hp_loss":0,"event_name":"Falling","floor":38,"gold_loss":0}],"is_beta":false,"boss_relics":[{"not_picked":["Empty Cage","Runic Dome"],"picked":"Coffee Dripper"},{"not_picked":["Philosopher\u0027s Stone","Sozu"],"picked":"Calling Bell"}],"items_purged_floors":[14,21],"is_endless":false,"potions_floor_spawned":[2,13,16,25,27,29,30,33,35,37,39,40,42,44,45],"killed_by":"Sphere and 2 Shapes","ascension_level":0}}