{"host":"dxartouuumwbjwkm","time":1612968218,"event":{"mods":["BaseMod","Challenge The Spire","Minty Spire (QoL Compilation)","StSLib","The Animator"],"gold_per_floor":[129,54,54,66,93,93,18,49,72,72,84,84,60,21,21,21,21],"floor_reached":16,"language":"ENG","playtime":810,"items_purged":["animator:Defend"],"score":200,"play_id":"c5e7f5d6-e308-483d-aab2-5fb4c2a3cfd5","local_time":"20210210094338","is_ascension_mode":true,"campfire_choices":[{"floor":6,"key":"RECALL"},{"floor":12,"key":"REST"},{"floor":15,"key":"REST"}],"circlet_count":0,"master_deck":["AscendersBane","animator:Strike_NoGameNoLife","animator:Defend_NoGameNoLife","animator:Strike","animator:Strike","animator:Strike","animator:Defend","animator:DolaSchwi","animator:DolaCouronne","animator:NarberalGamma+1","animator:Tet","animator:IzunaHatsuse","animator:KrulTepes","animator:DolaStephanie"],"relics":["animator:LivingPicture","animator:TheMissingPiece","animator:PurgingStone","NeowsBlessing","Ornamental Fan"],"acts_visited":["Exordium"],"potions_floor_usage":[8,16,16],"damage_taken":[{"damage":0,"enemies":"2 Louse","floor":1,"turns":1},{"damage":0,"enemies":"Small Slimes","floor":4,"turns":1},{"damage":0,"enemies":"Cultist","floor":5,"turns":1},{"damage":10,"enemies":"Lagavulin","floor":8,"turns":6},{"damage":17,"enemies":"Lots of Slimes","floor":11,"turns":3},{"damage":9,"enemies":"Exordium Thugs","floor":13,"turns":5},{"damage":57,"enemies":"Hexaghost","floor":16,"turns":11}],"seed_played":"-1254487995526541190","potions_obtained":[{"floor":1,"key":"SpeedPotion"},{"floor":4,"key":"EssenceOfSteel"},{"floor":8,"key":"BlessingOfTheForge"}],"is_trial":false,"path_per_floor":["M","?","?","M","M","R","$","E","T","$","M","R","M","$","R","B"],"character_chosen":"THE_ANIMATOR","items_purchased":["animator:DolaStephanie"],"campfire_rested":2,"item_purchase_floors":[14],"current_hp_per_floor":[54,54,54,54,54,54,54,45,45,45,28,46,37,37,55,0,0],"gold":21,"neow_bonus":"THREE_ENEMY_KILL","is_daily":false,"chose_seed":false,"campfire_upgraded":0,"win_rate":0.0,"timestamp":1612968218,"path_taken":["M","?","?","?","?","R","$","E","T","?","?","R","M","$","R","BOSS"],"items_purchased_type":["Card"],"build_version":"2020-12-22","purchased_purges":1,"victory":false,"max_hp_per_floor":[60,60,60,60,60,60,60,61,61,61,61,61,61,61,61,61,61],"card_choices":[{"not_picked":["animator:Tatsumaki","animator:Genos"],"picked":"animator:NarberalGamma","floor":1},{"not_picked":["animator:Ciel","animator:Verdia","animator:Cocytus"],"picked":"SKIP","floor":4},{"not_picked":["animator:Demiurge","animator:Aqua"],"picked":"animator:Tet","floor":5},{"not_picked":["animator:Tet","animator:DolaCouronne"],"picked":"animator:IzunaHatsuse","floor":8},{"not_picked":["animator:HighElfArcher","animator:Genos"],"picked":"animator:KrulTepes","floor":11},{"not_picked":["animator:ZankiKiguchi","animator:KrulTepes","animator:Shinoa"],"picked":"SKIP","floor":13}],"player_experience":671442,"relics_obtained":[{"floor":8,"key":"Ornamental Fan"}],"event_choices":[{"cards_removed":["animator:Defend"],"damage_healed":0,"gold_gain":0,"player_choice":"Card Removal","damage_taken":0,"max_hp_gain":0,"max_hp_loss":0,"event_name":"The Cleric","floor":2,"gold_loss":75},{"damage_healed":0,"gold_gain":0,"player_choice":"Upgraded","damage_taken":0,"max_hp_gain":0,"max_hp_loss":0,"event_name":"Upgrade Shrine","floor":3,"gold_loss":0,"cards_upgraded":["animator:NarberalGamma"]}],"is_beta":false,"boss_relics":[],"items_purged_floors":[7],"is_endless":false,"potions_floor_spawned":[1,4,8],"killed_by":"Hexaghost","ascension_level":20}}