{"host":"psh83vqabmtchp5z","time":1612961695,"event":{"mods":["AchievementEnabler","Aspiration","BaseMod","Better Altar","Better Match","Better Skull","Better Third Choice","Better Vampires","BetterRewards","Challenge The Spire","Conspire","Downfall","Gold Saver","Lobotomy","LobotomyExtend","Minty Spire (QoL Compilation)","Quick Restart","Relic Filter","Replay The Spire","Shop Mod","Spicy Shops","StSLib","óô»ðÖ¸ÄÏ"],"gold_per_floor":[719,743,5,105,36,91,91,91,91,91,117,128,186,272,298,355,388,513,513,613,641,669,706,748,814,814,814,849,905,905,905,905,947,980,1116,1116,1116,1176,1198,1256,1256,1256,1334,1334,1386,1386,1386,1431,1480,2663,2700,2758],"floor_reached":53,"language":"ZHS","playtime":3968,"items_purged":["Writhe"],"score":1204,"play_id":"c92c1649-4300-4a09-a920-ebf3d8bf3050","local_time":"20210210205455","is_ascension_mode":false,"campfire_choices":[{"floor":37.0,"key":"RECALL"},{"data":"sneckomod:MasterEye","floor":42.0,"key":"SMITH"},{"data":"Twilight","floor":44.0,"key":"SMITH"}],"circlet_count":0,"master_deck":["sneckomod:Strike","sneckomod:Strike","sneckomod:TailWhip","sneckomod:SnekBite","sneckomod:Unknown","sneckomod:Unknown","Replay:SS_fish_1","sneckomod:RainOfDice","sneckomod:QuickBite","sneckomod:UnendingSupply+1","sneckomod:SnakeSap+1","sneckomod:RainOfDice","sneckomod:SnakeSap","sneckomod:UnknownUncommonAttack","Twilight+1","sneckomod:MasterEye+1","sneckomod:UnknownUncommonAttack","sneckomod:SoulDraw","sneckomod:UnknownRarePower","downfall:Haunted","downfall:Haunted","Parasite","sneckomod:Restock","Spreading Infection","sneckomod:RainOfDice","sneckomod:SoulDraw","sneckomod:PureSnecko","sneckomod:SoulDraw+1","sneckomod:UnknownBlock+1","sneckomod:Restock","sneckomod:RainOfDice","sneckomod:UnknownClassAngela+1","Replay:Bag of Tricks","Defend_G","Burst","sneckomod:UnendingSupply+1","sneckomod:RainOfDice+1","sneckomod:Mudshield","ReplayTheSpireMod:IOU","ReplayTheSpireMod:IOU","ReplayTheSpireMod:IOU","ReplayTheSpireMod:IOU","ReplayTheSpireMod:IOU","ReplayTheSpireMod:IOU","ReplayTheSpireMod:IOU","ReplayTheSpireMod:IOU","sneckomod:SoulRoll+1"],"relics":["sneckomod:SneckoSoul","Replay:Bandana","Replay:Ringing Soul","Old Coin","ReplayTheSpireMod:CursedCoin","Mirror","LetterFromLob","Bottled Flame","Iron Hammer","aspiration:FetidBarrel","Replay:Wax Seal","Divine Protection","aspiration:HummingbirdHeart","WarpedTongs","Potion Belt","Replay:Bottled Flurry","sneckomod:ConfusingCodex","RedMistMask","aspiration:RandomNobGenerator","Du-Vu Doll","Regal Pillow","conspire:BottledYoYo","Replay:Bottled Snecko","aspiration:RitualStick","Ring of Fangs","Ring of Hypnosis","Replay:Drink Me","Singing Bowl","Unceasing Top"],"acts_visited":["Exordium","TheCity","TheBeyond"],"potions_floor_usage":[],"damage_taken":[{"damage":0.0,"enemies":"2 Louse","floor":2.0,"turns":3.0},{"damage":10.0,"enemies":"downfall:FleeingMerchant","floor":3.0,"turns":4.0},{"damage":5.0,"enemies":"downfall:FleeingMerchant","floor":5.0,"turns":4.0},{"damage":16.0,"enemies":"Gremlin Nob","floor":6.0,"turns":3.0},{"damage":0.0,"enemies":"Small Slimes","floor":11.0,"turns":3.0},{"damage":0.0,"enemies":"downfall:FleeingMerchant","floor":12.0,"turns":4.0},{"damage":17.0,"enemies":"3 Sentries","floor":13.0,"turns":6.0},{"damage":0.0,"enemies":"3 Sentries","floor":14.0,"turns":5.0},{"damage":0.0,"enemies":"Cultist","floor":15.0,"turns":2.0},{"damage":0.0,"enemies":"Gremlin Nob","floor":16.0,"turns":2.0},{"damage":0.0,"enemies":"2 Fungi Beasts","floor":17.0,"turns":2.0},{"damage":0.0,"enemies":"SI_SHIV_ARCHETYPE","floor":18.0,"turns":4.0},{"damage":0.0,"enemies":"Spheric Guardian","floor":21.0,"turns":1.0},{"damage":0.0,"enemies":"Chosen","floor":22.0,"turns":1.0},{"damage":0.0,"enemies":"Snake Plant","floor":23.0,"turns":2.0},{"damage":0.0,"enemies":"Centurion and Healer","floor":24.0,"turns":2.0},{"damage":30.0,"enemies":"Book of Stabbing","floor":25.0,"turns":4.0},{"damage":0.0,"enemies":"Sentry and Sphere","floor":28.0,"turns":2.0},{"damage":13.0,"enemies":"conspire:MimicChest","floor":29.0,"turns":4.0},{"damage":0.0,"enemies":"Snake Plant","floor":33.0,"turns":1.0},{"damage":0.0,"enemies":"3 Cultists","floor":34.0,"turns":2.0},{"damage":36.0,"enemies":"DF_ARCHETYPE_CLAW","floor":35.0,"turns":4.0},{"damage":0.0,"enemies":"3 Darklings","floor":38.0,"turns":2.0},{"damage":0.0,"enemies":"Orb Walker","floor":39.0,"turns":1.0},{"damage":0.0,"enemies":"Transient","floor":40.0,"turns":5.0},{"damage":0.0,"enemies":"Nemesis","floor":45.0,"turns":1.0},{"damage":0.0,"enemies":"4 Shapes","floor":48.0,"turns":2.0},{"damage":1.0,"enemies":"Sphere and 2 Shapes","floor":49.0,"turns":2.0},{"damage":2,"enemies":"downfall:FleeingMerchant","floor":50,"turns":3},{"damage":0,"enemies":"3 Darklings","floor":51,"turns":1},{"damage":0,"enemies":"WA_ARCHETYPE_DIVINITY","floor":52,"turns":3}],"seed_played":"-5987344840884740567","potions_obtained":[{"floor":2.0,"key":"PowerPotion"},{"floor":6.0,"key":"Ancient Potion"},{"floor":11.0,"key":"Swift Potion"},{"floor":14.0,"key":"FearPotion"},{"floor":16.0,"key":"Fruit Juice"},{"floor":18.0,"key":"Fire Potion"},{"floor":25.0,"key":"Elixir"},{"floor":28.0,"key":"Energy Potion"},{"floor":33.0,"key":"Energy Potion"},{"floor":48.0,"key":"SpeedPotion"},{"floor":49.0,"key":"Flashbang"},{"floor":51,"key":"PowerPotion"}],"is_trial":false,"path_per_floor":["R","M","$","?","$","E","PTL","PTL","T","?","M","$","E","?","M","E","M","B",null,"R","M","M","M","M","E","T","?","M","?","?","?","T","M","M","B",null,"R","M","M","M","?","R","T","R","E","?","?","M","M","$","M","B",null],"character_chosen":"THE_SNECKO","items_purchased":["Replay:Bandana","Replay:Ringing Soul","Old Coin","ReplayTheSpireMod:CursedCoin","Mirror","Replay:SS_fish_1","Bottled Flame","Iron Hammer","aspiration:FetidBarrel","sneckomod:UnendingSupply+1","sneckomod:SnakeSap","Replay:Wax Seal"],"campfire_rested":0,"item_purchase_floors":[1,1,1,1,1,1,3,3,3,3,3,5],"current_hp_per_floor":[93,96,89,89,91,78,78,78,78,81,84,87,73,73,73,76,79,87,131,134,137,140,140,143,123,123,91,91,81,50,53,53,53,53,20,120,120,123,123,126,126,126,126,126,128,128,131,134,136,137,140,140],"gold":2758,"neow_bonus":"ONE_RANDOM_RARE_CARD","is_daily":false,"chose_seed":false,"campfire_upgraded":2,"win_rate":0.0,"timestamp":1612961695,"path_taken":["R","M","$","?","$","E","PTL","PTL","T","?","M","?","E","?","M","E","M","BOSS","R","M","M","M","M","E","T","?","M","?","?","?","?","?","M","BOSS","R","M","?","M","?","R","T","R","E","?","?","?","M","$","M","BOSS"],"items_purchased_type":["Relic","Relic","Relic","Relic","Relic","Card","Relic","Relic","Relic","Card","Card","Relic"],"build_version":"2020-12-22","purchased_purges":1,"victory":true,"max_hp_per_floor":[93,96,99,99,102,105,105,105,105,108,111,114,117,117,117,120,123,131,131,134,137,140,140,143,146,146,151,151,154,154,157,157,157,157,160,120,120,123,123,126,126,126,126,126,128,128,131,134,137,140,143,143],"card_choices":[{"not_picked":["sneckomod:QuickMove","sneckomod:Unknown2Cost"],"picked":"sneckomod:RainOfDice","floor":2.0},{"not_picked":["sneckomod:UnknownBlock","sneckomod:UnknownClassBLUE"],"picked":"sneckomod:QuickBite","floor":3.0},{"not_picked":["sneckomod:QuickBite","sneckomod:DiceCrush"],"picked":"sneckomod:Memorize","floor":5.0},{"not_picked":["sneckomod:Rotation","sneckomod:QuickMove"],"picked":"sneckomod:RainOfDice","floor":6.0},{"not_picked":["sneckomod:UnknownClassAngela","sneckomod:DangerNoodle"],"picked":"sneckomod:SnakeSap","floor":11.0},{"not_picked":["sneckomod:DiceCrush","sneckomod:UnknownClassTHE_BRONZE_AUTOMATON"],"picked":"sneckomod:UnknownUncommonAttack","floor":12.0},{"not_picked":["sneckomod:Unknown1Cost","sneckomod:SerpentIdol"],"picked":"sneckomod:MasterEye","floor":13.0},{"not_picked":["sneckomod:SoulCleanse","sneckomod:UnknownCommonAttack","sneckomod:UnknownStrike"],"picked":"SKIP","floor":15.0},{"not_picked":["sneckomod:UnknownBlock","sneckomod:UnknownWeak"],"picked":"sneckomod:UnknownUncommonAttack","floor":16.0},{"not_picked":["sneckomod:QuickBite","sneckomod:QuickMove"],"picked":"sneckomod:SoulDraw","floor":17.0},{"not_picked":["sneckomod:Unknown3Cost","sneckomod:UnknownBoss"],"picked":"sneckomod:UnknownRarePower","floor":18.0},{"not_picked":["sneckomod:DiceCrush","sneckomod:IronFang"],"picked":"sneckomod:RainOfDice","floor":21.0},{"not_picked":["sneckomod:QuickBite","sneckomod:DiceBlock"],"picked":"sneckomod:SoulDraw","floor":22.0},{"not_picked":["sneckomod:UnknownCommonAttack+1","sneckomod:Unknown2Cost","sneckomod:UnknownClassAngela"],"picked":"SKIP","floor":23.0},{"not_picked":["sneckomod:UnknownUncommonAttack","sneckomod:Unknown1Cost"],"picked":"sneckomod:PureSnecko","floor":24.0},{"not_picked":["sneckomod:DiceBoulder+1","sneckomod:UnknownStrike"],"picked":"sneckomod:SoulDraw+1","floor":25.0},{"not_picked":["sneckomod:SoulDraw","sneckomod:DiceBlock+1","sneckomod:UnknownUncommonSkill"],"picked":"SKIP","floor":28.0},{"not_picked":["sneckomod:DiceBlock+1","sneckomod:SoulExchange"],"picked":"sneckomod:UnknownBlock+1","floor":29.0},{"not_picked":["sneckomod:IronFang","sneckomod:UnknownClassTHE_BRONZE_AUTOMATON","sneckomod:DiceBoulder"],"picked":"SKIP","floor":33.0},{"not_picked":["sneckomod:CheapStock","sneckomod:DiceBoulder","sneckomod:IronFang+1"],"picked":"SKIP","floor":34.0},{"not_picked":["sneckomod:UnknownRarePower","sneckomod:UnknownRareAttack"],"picked":"sneckomod:Restock","floor":35.0},{"not_picked":["sneckomod:SerpentIdol","sneckomod:SlitherStrike+1"],"picked":"sneckomod:RainOfDice","floor":38.0},{"not_picked":["sneckomod:SnakeSap","sneckomod:UnknownStrike","sneckomod:UnknownBlock+1"],"picked":"SKIP","floor":39.0},{"not_picked":["sneckomod:DefensiveFlair+1","sneckomod:Nope+1"],"picked":"sneckomod:UnknownClassAngela+1","floor":40.0},{"not_picked":["sneckomod:UnknownClassAngela","sneckomod:QuickMove+1","sneckomod:SerpentIdol"],"picked":"Singing Bowl","floor":45.0},{"not_picked":["sneckomod:UnknownCommonAttack","sneckomod:QuickMove+1"],"picked":"sneckomod:UnendingSupply+1","floor":48.0},{"not_picked":["sneckomod:DiceCrush+1","sneckomod:SoulDraw"],"picked":"sneckomod:RainOfDice+1","floor":49.0},{"not_picked":["sneckomod:DiceBlock","sneckomod:UnknownWeak"],"picked":"sneckomod:Mudshield","floor":50},{"not_picked":["sneckomod:SerpentIdol+1","sneckomod:DefensiveFlair"],"picked":"sneckomod:SoulRoll+1","floor":51}],"player_experience":623251,"relics_obtained":[{"floor":2.0,"key":"LetterFromLob"},{"floor":6.0,"key":"Divine Protection"},{"floor":9.0,"key":"aspiration:HummingbirdHeart"},{"floor":13.0,"key":"Potion Belt"},{"floor":16.0,"key":"sneckomod:ConfusingCodex"},{"floor":16.0,"key":"RedMistMask"},{"floor":25.0,"key":"Regal Pillow"},{"floor":26.0,"key":"conspire:BottledYoYo"},{"floor":29.0,"key":"Replay:Bottled Snecko"},{"floor":31.0,"key":"Ring of Fangs"},{"floor":31.0,"key":"Ring of Hypnosis"},{"floor":43.0,"key":"Singing Bowl"},{"floor":45.0,"key":"Unceasing Top"}],"event_choices":[{"damage_healed":0.0,"max_hp_gain":0.0,"max_hp_loss":0.0,"gold_gain":0.0,"event_name":"Accursed Blacksmith","player_choice":"Rummage","floor":10.0,"gold_loss":0.0,"damage_taken":0.0,"relics_obtained":["WarpedTongs"],"cards_obtained":["Pain"]},{"damage_healed":0.0,"max_hp_gain":0.0,"max_hp_loss":0.0,"gold_gain":0.0,"event_name":"Accursed Blacksmith","player_choice":"Forge","floor":12.0,"gold_loss":0.0,"damage_taken":0.0,"cards_upgraded":["sneckomod:SnakeSap"]}],"is_beta":false,"boss_relics":[{"not_picked":["conspire:SlowCooker","Pandora\u0027s Box"],"picked":"aspiration:RandomNobGenerator"},{"not_picked":["Painkiller Herb","Ring of Chaos"],"picked":"Replay:Drink Me"}],"items_purged_floors":[1],"is_endless":false,"potions_floor_spawned":[2,6,11,14,16,18,25,28,33,34,48,49,51],"ascension_level":0}}