{"host":"4kmvpqjeiacgn1pr","time":1612974089,"event":{"mods":["A Penny For Your Troubles","AchievementEnabler","AlwaysNeverKeys","Aspiration","BaseMod","Bestiary","Better Altar","Better Match","Better Note","Better Sensory Stone","Better Skull","Better Third Choice","Better Vampires","BetterRewards","Colored Map","Colored Powertips","Conspire","Curses Come First","Downfall","Halation","Highlight Path","Infinite Spire","Minty Spire (QoL Compilation)","Permanent Neow","Quick Restart","Rare Cards Sparkle","Relic Sorter","Relic Stats","Replay The Spire","Reworked Bosses","Shop Mod","Smile Girya","Spicy Shops","Spikes Relics","StSLib","Waifu the Spire"],"gold_per_floor":[118,118,135,135,135,163,173,173,173,173,173],"floor_reached":10,"language":"ENG","playtime":360,"items_purged":[],"score":99,"play_id":"6143cc09-e008-48f3-a9fc-d41dc9c2363e","local_time":"20210210112129","is_ascension_mode":true,"campfire_choices":[],"circlet_count":0,"master_deck":["AscendersBane","Strike_G","Strike_G","Strike_G","Strike_G","Defend_G","Defend_G","Defend_G","Defend_G","Defend_G","Survivor","Neutralize","Flying Knee","Dagger Throw","Panacea","PiercingWail","Heel Hook","ReplayTheSpireMod:Speed Training","Injury"],"relics":["Ring of the Snake","StoneCalendar","CultistMask","WingedGreaves","Toxic Egg 2","infinitespire:Lucky Rock"],"acts_visited":["Exordium"],"potions_floor_usage":[6,6,10],"damage_taken":[{"damage":0,"enemies":"2 Louse","floor":1,"turns":4},{"damage":0,"enemies":"Cultist","floor":3,"turns":5},{"damage":4,"enemies":"Lagavulin","floor":6,"turns":6},{"damage":15,"enemies":"Jaw Worm","floor":7,"turns":4},{"damage":27,"enemies":"3 Sentries","floor":10,"turns":4}],"seed_played":"-819023640742493233","potions_obtained":[{"floor":1,"key":"BlessingOfTheForge"},{"floor":3,"key":"FearPotion"},{"floor":7,"key":"Poison Potion"}],"is_trial":false,"path_per_floor":["M","?","M","?","?","E","M","?","T","E"],"character_chosen":"THE_SILENT","items_purchased":[],"campfire_rested":0,"item_purchase_floors":[],"current_hp_per_floor":[45,45,45,45,45,41,26,26,26,0,0],"gold":173,"neow_bonus":"ONE_RARE_RELIC","is_daily":false,"chose_seed":false,"campfire_upgraded":0,"win_rate":0.0,"timestamp":1612974089,"path_taken":["M","?","?","?","?","E","?","?","T","E"],"items_purchased_type":[],"build_version":"2020-12-22","purchased_purges":0,"victory":false,"max_hp_per_floor":[70,70,70,70,70,70,70,70,70,70,70],"relic_stats":{"counters":[5,23],"StoneCalendar":[0],"obtain_stats":[{"StoneCalendar":0,"CultistMask":2,"WingedGreaves":6,"infinitespire:Lucky Rock":9,"Toxic Egg 2":8,"Ring of the Snake":0},{"StoneCalendar":0,"CultistMask":1,"WingedGreaves":3,"infinitespire:Lucky Rock":4,"Toxic Egg 2":4,"Ring of the Snake":0},{"StoneCalendar":0,"CultistMask":4,"WingedGreaves":15,"infinitespire:Lucky Rock":19,"Toxic Egg 2":19,"Ring of the Snake":0}],"Ring of the Snake":[10]},"card_choices":[{"not_picked":["Blade Dance","PiercingWail"],"picked":"Flying Knee","floor":1},{"not_picked":["Poisoned Stab","Outmaneuver"],"picked":"Dagger Throw","floor":3},{"not_picked":["ReplayTheSpireMod:Trickstab","Replay:Parry"],"picked":"Panacea","floor":4},{"not_picked":["Outmaneuver","ReplayTheSpireMod:The Works"],"picked":"Heel Hook","floor":6},{"not_picked":["Doppelganger","PiercingWail"],"picked":"ReplayTheSpireMod:Speed Training","floor":7}],"player_experience":460346,"relics_obtained":[{"floor":6,"key":"WingedGreaves"},{"floor":9,"key":"infinitespire:Lucky Rock"}],"event_choices":[{"damage_healed":0,"gold_gain":0,"player_choice":"Trade","damage_taken":0,"relics_obtained":["CultistMask"],"max_hp_gain":0,"max_hp_loss":0,"event_name":"FaceTrader","floor":2,"gold_loss":0},{"damage_healed":0,"gold_gain":1,"player_choice":"1","damage_taken":0,"max_hp_gain":0,"max_hp_loss":0,"event_name":"betterStone:BetterStone","floor":4,"gold_loss":0},{"damage_healed":0,"gold_gain":0,"cards_transformed":["Strike_G"],"player_choice":"Transformed","damage_taken":0,"max_hp_gain":0,"max_hp_loss":0,"event_name":"Transmorgrifier","floor":5,"gold_loss":0,"cards_obtained":["PiercingWail"]}],"is_beta":false,"boss_relics":[],"items_purged_floors":[],"is_endless":false,"potions_floor_spawned":[1,3,7],"killed_by":"3 Sentries","ascension_level":10}}