{"host":"v1zz5dqrlq7zjvm7","time":1612970363,"event":{"mods":["Act Like it!","BaseMod","Colored Map","Colored Powertips","Friendly Minions","Gensokyo","Minty Spire (QoL Compilation)","StSLib","The Alterego","UnlockEverythingMod","Waifu the Spire","Yakumo Yukari mod"],"gold_per_floor":[119,133,146,146,159,493,505,567,614,308,308,327,327,271,271,368,368,380,380,42,42,53,53,70,71,94,111,111,111,128,145,145,241,241,260,260,60,77,91,91,121,134,211,211,211,211,136,149,149,149],"floor_reached":51,"language":"ENG","playtime":2432,"items_purged":["alterego_mod:Strike","Decay","alterego_mod:DiscoLights"],"score":899,"play_id":"3e445c64-1e96-46a4-ae72-a0919b1ec0b5","local_time":"20210211014923","is_ascension_mode":false,"campfire_choices":[{"floor":13,"key":"REST"},{"floor":15,"key":"REST"},{"data":"alterego_mod:Venus","floor":23,"key":"SMITH"},{"data":"alterego_mod:BusterCard","floor":29,"key":"SMITH"},{"data":"alterego_mod:TrashNCrash","floor":32,"key":"SMITH"},{"data":"alterego_mod:RidiculouslyBig","floor":40,"key":"SMITH"},{"data":"alterego_mod:Support","floor":44,"key":"SMITH"},{"data":"alterego_mod:AlterEgo","floor":46,"key":"SMITH"},{"data":"alterego_mod:1TonWallop","floor":49,"key":"SMITH"}],"circlet_count":0,"master_deck":["alterego_mod:Strike","alterego_mod:Strike","alterego_mod:Defend","alterego_mod:Defend","alterego_mod:Defend","alterego_mod:Impale","alterego_mod:BigMeatyClaws","alterego_mod:BrynhildrsRune","alterego_mod:PerceptionDisorder","alterego_mod:BreastValley","alterego_mod:BusterCard+1","alterego_mod:TrashNCrash+1","alterego_mod:Support+1","alterego_mod:Birthday","alterego_mod:SakuraFive","alterego_mod:Venus+1","alterego_mod:1TonWallop+1","alterego_mod:RidiculouslyBig+1","alterego_mod:AlterEgo+1","alterego_mod:BiFurious+1","alterego_mod:BeGentle","alterego_mod:Cushion+1","Flash of Steel"],"relics":["alterego_mod:MasochisticConstitution","NeowsBlessing","Old Coin","Singing Bowl","Art of War","Pen Nib","Happy Flower","Meat on the Bone","Enchiridion","Centennial Puzzle","Akabeko","Runic Dome","Thread and Needle","Eternal Feather"],"acts_visited":["Exordium","TheCity","TheBeyond"],"potions_floor_usage":[6,8,16,16,25,27,28,33,33,41,41,50,50],"damage_taken":[{"damage":0,"enemies":"Cultist","floor":1,"turns":1},{"damage":0,"enemies":"Small Slimes","floor":2,"turns":1},{"damage":0,"enemies":"Jaw Worm","floor":3,"turns":1},{"damage":30,"enemies":"Exordium Wildlife","floor":5,"turns":8},{"damage":12,"enemies":"3 Sentries","floor":6,"turns":4},{"damage":17,"enemies":"3 Louse","floor":7,"turns":6},{"damage":28,"enemies":"3 Sentries","floor":8,"turns":10},{"damage":18,"enemies":"Looter","floor":12,"turns":4},{"damage":24,"enemies":"Slime Boss","floor":16,"turns":4},{"damage":21,"enemies":"3 Byrds","floor":18,"turns":5},{"damage":19,"enemies":"2 Thieves","floor":22,"turns":2},{"damage":30,"enemies":"Snake Plant","floor":24,"turns":6},{"damage":11,"enemies":"Book of Stabbing","floor":25,"turns":1},{"damage":11,"enemies":"Chosen and Byrds","floor":27,"turns":3},{"damage":14,"enemies":"Cultist and Chosen","floor":30,"turns":4},{"damage":22,"enemies":"Centurion and Healer","floor":31,"turns":5},{"damage":48,"enemies":"Collector","floor":33,"turns":9},{"damage":36,"enemies":"3 Darklings","floor":35,"turns":5},{"damage":7,"enemies":"3 Shapes","floor":38,"turns":4},{"damage":28,"enemies":"Jaw Worm Horde","floor":39,"turns":5},{"damage":28,"enemies":"Reptomancer","floor":41,"turns":3},{"damage":21,"enemies":"4 Shapes","floor":42,"turns":6},{"damage":0,"enemies":"Transient","floor":48,"turns":5},{"damage":47,"enemies":"Donu and Deca","floor":50,"turns":8}],"seed_played":"880992912076882952","potions_obtained":[{"floor":2,"key":"PanachePotion"},{"floor":6,"key":"FearPotion"},{"floor":7,"key":"BlessingOfTheForge"},{"floor":22,"key":"Dexterity Potion"},{"floor":25,"key":"EssenceOfSteel"},{"floor":28,"key":"SkillPotion"},{"floor":28,"key":"Fruit Juice"},{"floor":28,"key":"DistilledChaos"},{"floor":30,"key":"Swift Potion"},{"floor":39,"key":"Weak Potion"},{"floor":41,"key":"SteroidPotion"}],"is_trial":false,"path_per_floor":["M","M","M","?","M","E","M","?","T","$","?","M","R","?","R","B",null,"M","?","$","?","M","R","M","E","T","M","?","R","M","M","R","B",null,"M","?","$","M","M","R","E","M","T","R","?","R","$","M","R","B",null],"character_chosen":"The_Alterego","items_purchased":["DuplicationPotion","Pen Nib","Meat on the Bone","DistilledChaos","DuplicationPotion"],"campfire_rested":2,"item_purchase_floors":[10,10,20,37,47],"current_hp_per_floor":[70,70,70,70,50,46,44,24,24,24,17,2,24,24,46,25,76,58,58,58,42,38,38,32,36,36,40,45,45,57,53,53,20,99,70,70,70,66,53,53,56,52,52,64,64,76,76,80,92,60],"gold":149,"neow_bonus":"THREE_ENEMY_KILL","is_daily":false,"chose_seed":false,"campfire_upgraded":7,"win_rate":0.0,"timestamp":1612970363,"path_taken":["M","M","?","?","?","E","M","?","T","?","?","M","R","?","R","BOSS","M","?","?","?","M","R","M","E","T","M","?","R","M","?","R","BOSS","M","?","?","M","M","R","E","M","T","R","?","R","$","M","R","BOSS"],"items_purchased_type":["Potion","Relic","Relic","Potion","Potion"],"build_version":"2020-12-22","purchased_purges":3,"victory":true,"max_hp_per_floor":[70,70,70,70,71,72,73,74,74,74,74,75,75,75,75,76,76,77,77,77,77,78,78,81,84,84,87,92,92,95,98,98,99,99,102,102,102,103,104,104,105,108,108,108,108,108,108,110,110,111],"card_choices":[{"not_picked":["alterego_mod:Birthday","alterego_mod:Mirror"],"picked":"alterego_mod:PerceptionDisorder","floor":1},{"not_picked":["alterego_mod:Complex","alterego_mod:Undulate"],"picked":"alterego_mod:BreastValley","floor":2},{"not_picked":["alterego_mod:Skirt","alterego_mod:Cycle"],"picked":"alterego_mod:BusterCard","floor":3},{"not_picked":["alterego_mod:Punishment","alterego_mod:Complex"],"picked":"alterego_mod:DiscoLights","floor":5},{"not_picked":["alterego_mod:IdEs","alterego_mod:Schoolgirl"],"picked":"alterego_mod:TrashNCrash","floor":6},{"not_picked":["alterego_mod:Pet","alterego_mod:BeGentle"],"picked":"alterego_mod:Support","floor":7},{"not_picked":["alterego_mod:BustOut","alterego_mod:DiscoLights"],"picked":"alterego_mod:Birthday","floor":8},{"not_picked":["alterego_mod:DiscoLights","alterego_mod:RocketPunch"],"picked":"alterego_mod:SakuraFive","floor":12},{"not_picked":["alterego_mod:TrickOrTreatment","alterego_mod:Alter"],"picked":"alterego_mod:Venus","floor":16},{"not_picked":["alterego_mod:Skirt+1","alterego_mod:MaintainEyeContact+1"],"picked":"alterego_mod:1TonWallop","floor":18},{"not_picked":["alterego_mod:Exercise","alterego_mod:PerceptionDisorder"],"picked":"alterego_mod:RidiculouslyBig","floor":22},{"not_picked":["alterego_mod:Mirror","alterego_mod:Bounce+1","alterego_mod:Santa+1"],"picked":"Singing Bowl","floor":24},{"not_picked":["alterego_mod:Schoolgirl+1","alterego_mod:PerceptionDisorder","alterego_mod:Valentines"],"picked":"Singing Bowl","floor":25},{"not_picked":["alterego_mod:Punishment","alterego_mod:HighServant+1","alterego_mod:DiscoLights"],"picked":"Singing Bowl","floor":27},{"not_picked":["alterego_mod:Punishment+1","alterego_mod:Jiggle","alterego_mod:SuperDuperMasochism"],"picked":"Singing Bowl","floor":30},{"not_picked":["alterego_mod:MagicResistance","alterego_mod:SakuraPetals+1","alterego_mod:BusterCard"],"picked":"Singing Bowl","floor":31},{"not_picked":["alterego_mod:STier","alterego_mod:TrickOrTreatment"],"picked":"alterego_mod:AlterEgo","floor":33},{"not_picked":["alterego_mod:Punishment","alterego_mod:BusterCard","alterego_mod:Bounce"],"picked":"Singing Bowl","floor":35},{"not_picked":["alterego_mod:GoddessCore+1","alterego_mod:Punishment+1"],"picked":"alterego_mod:BiFurious+1","floor":38},{"not_picked":["alterego_mod:BiFurious+1","alterego_mod:Clones+1"],"picked":"alterego_mod:BeGentle","floor":39},{"not_picked":["alterego_mod:Table","alterego_mod:Bunnysuit+1"],"picked":"alterego_mod:Cushion+1","floor":41},{"not_picked":["alterego_mod:RocketPunch+1","alterego_mod:IndependentAction","alterego_mod:Mirror+1"],"picked":"Singing Bowl","floor":42},{"not_picked":["Forethought","Dark Shackles"],"picked":"Flash of Steel","floor":45},{"not_picked":["alterego_mod:Punishment","alterego_mod:Bounce","alterego_mod:ChallengeComplete"],"picked":"Singing Bowl","floor":48}],"player_experience":46617,"relics_obtained":[{"floor":6,"key":"Old Coin"},{"floor":8,"key":"Singing Bowl"},{"floor":9,"key":"Art of War"},{"floor":21,"key":"Enchiridion"},{"floor":25,"key":"Centennial Puzzle"},{"floor":26,"key":"Akabeko"},{"floor":41,"key":"Thread and Needle"},{"floor":43,"key":"Eternal Feather"}],"event_choices":[{"cards_removed":["alterego_mod:Strike"],"damage_healed":0,"gold_gain":0,"player_choice":"Offered Basic","damage_taken":0,"max_hp_gain":0,"max_hp_loss":0,"event_name":"Bonfire Elementals","floor":4,"gold_loss":0},{"damage_healed":0,"gold_gain":0,"player_choice":"Searched \u00271\u0027 times","damage_taken":0,"max_hp_gain":0,"max_hp_loss":0,"event_name":"Dead Adventurer","floor":8,"gold_loss":0},{"cards_removed":["alterego_mod:Defend"],"damage_healed":0,"gold_gain":0,"player_choice":"Card Removal","damage_taken":7,"max_hp_gain":0,"max_hp_loss":0,"event_name":"Golden Wing","floor":11,"gold_loss":0},{"damage_healed":0,"gold_gain":0,"player_choice":"Paid Gold","damage_taken":0,"relics_obtained":["Happy Flower"],"max_hp_gain":0,"max_hp_loss":0,"event_name":"WeMeetAgain","floor":14,"gold_loss":56},{"damage_healed":0,"gold_gain":0,"player_choice":"Cursed","damage_taken":0,"max_hp_gain":0,"max_hp_loss":0,"event_name":"Wheel of Change","floor":19,"gold_loss":0,"cards_obtained":["Decay"]},{"damage_healed":0,"gold_gain":0,"player_choice":"Obtained Book","damage_taken":16,"max_hp_gain":0,"max_hp_loss":0,"event_name":"Cursed Tome","floor":21,"gold_loss":0},{"damage_healed":0,"gold_gain":0,"player_choice":"Got Potions","damage_taken":0,"max_hp_gain":0,"max_hp_loss":0,"event_name":"Lab","floor":28,"gold_loss":0},{"cards_removed":["Regret"],"damage_healed":0,"gold_gain":0,"player_choice":"Took Card","damage_taken":0,"max_hp_gain":0,"max_hp_loss":0,"event_name":"NoteForYourself","floor":36,"gold_loss":0,"cards_obtained":["Regret"]},{"damage_healed":0,"gold_gain":0,"player_choice":"Memory 1","damage_taken":0,"max_hp_gain":0,"max_hp_loss":0,"event_name":"SensoryStone","floor":45,"gold_loss":0}],"is_beta":false,"boss_relics":[{"not_picked":["Fusion Hammer","Velvet Choker","Runic Pyramid"]},{"not_picked":["SlaversCollar","Tiny House"],"picked":"Runic Dome"}],"items_purged_floors":[10,20,37],"is_endless":false,"potions_floor_spawned":[2,6,7,22,25,30,39,41,48],"ascension_level":0}}