{"host":"85rg8sallz0lemh6","time":1612999595,"event":{"mods":["BaseMod","Bestiary","Colored Powertips","Highlight Path","Minty Spire (QoL Compilation)","Quick Restart"],"gold_per_floor":[119,194,194,369,369,369,398,398,445,445,192,221,233,252,252,347,347,367,68,68,102,17,42,42,76,100,128,140,152,264,288,300,312,312],"floor_reached":33,"language":"ENG","playtime":727,"items_purged":[],"score":408,"play_id":"81114f43-8710-44e4-8f8e-d723d54991c9","local_time":"20210210172635","is_ascension_mode":true,"campfire_choices":[{"data":"Dualcast","floor":6,"key":"SMITH"},{"data":"Zap","floor":10,"key":"SMITH"},{"data":"Auto Shields","floor":15,"key":"SMITH"},{"data":"Loop","floor":24,"key":"SMITH"},{"data":"Biased Cognition","floor":28,"key":"SMITH"},{"floor":32,"key":"REST"}],"circlet_count":0,"master_deck":["Strike_B","Strike_B+1","Strike_B+1","Defend_B","Defend_B","Defend_B","Defend_B","Zap+1","Dualcast+1","Auto Shields+1","Self Repair","Rip and Tear+1","Biased Cognition+1","Cold Snap+1","Ball Lightning+1","Loop+1","Doom and Gloom+1","Consume"],"relics":["Cracked Core","NeowsBlessing","Juzu Bracelet","Regal Pillow","Molten Egg 2","Symbiotic Virus","Nuclear Battery","Membership Card","Matryoshka","Red Mask","Sundial","Kunai","Question Card","Smiling Mask","Tiny Chest","MawBank","Du-Vu Doll","Shuriken"],"acts_visited":["Exordium","TheCity"],"potions_floor_usage":[30,30],"damage_taken":[{"damage":0,"enemies":"2 Louse","floor":1,"turns":1},{"damage":0,"enemies":"Lagavulin","floor":7,"turns":1},{"damage":0,"enemies":"Gremlin Nob","floor":12,"turns":1},{"damage":10,"enemies":"Jaw Worm","floor":13,"turns":2},{"damage":2,"enemies":"Small Slimes","floor":14,"turns":2},{"damage":35,"enemies":"Hexaghost","floor":16,"turns":11},{"damage":5,"enemies":"Spheric Guardian","floor":18,"turns":3},{"damage":9,"enemies":"Masked Bandits","floor":21,"turns":4},{"damage":28,"enemies":"Book of Stabbing","floor":23,"turns":6},{"damage":19,"enemies":"Slavers","floor":25,"turns":7},{"damage":17,"enemies":"Gremlin Leader","floor":27,"turns":5},{"damage":13,"enemies":"Colosseum Slavers","floor":30,"turns":3},{"damage":34,"enemies":"Colosseum Nobs","floor":30,"turns":4},{"damage":17,"enemies":"2 Thieves","floor":31,"turns":4},{"damage":63,"enemies":"Champ","floor":33,"turns":10}],"seed_played":"4494896904720930069","potions_obtained":[{"floor":7,"key":"Strength Potion"},{"floor":12,"key":"BlessingOfTheForge"},{"floor":13,"key":"Weak Potion"}],"is_trial":false,"path_per_floor":["M","?","?","?","?","R","E","?","T","R","$","E","M","M","R","B",null,"M","$","?","?","?","E","R","E","T","E","R","?","?","M","R","B"],"character_chosen":"DEFECT","items_purchased":["Molten Egg 2","Membership Card","Ball Lightning+1","Matryoshka"],"campfire_rested":1,"item_purchase_floors":[11,19,19,19],"current_hp_per_floor":[75,64,49,49,49,49,49,49,49,49,49,49,46,51,51,23,75,75,75,75,73,73,52,52,40,40,30,30,75,35,25,62,0,0],"gold":312,"neow_bonus":"THREE_ENEMY_KILL","is_daily":false,"chose_seed":false,"campfire_upgraded":5,"win_rate":0.0,"timestamp":1612999595,"path_taken":["M","?","?","?","?","R","E","?","T","R","$","E","M","M","R","BOSS","M","?","?","?","?","E","R","E","T","E","R","?","?","M","R","BOSS"],"items_purchased_type":["Relic","Relic","Card","Relic"],"build_version":"2020-12-22","purchased_purges":0,"victory":false,"max_hp_per_floor":[75,75,75,75,75,75,75,75,75,75,75,75,75,75,75,75,75,75,75,75,75,75,75,75,75,75,75,75,75,75,75,75,75,75],"card_choices":[{"not_picked":["Conserve Battery","Barrage"],"picked":"Auto Shields","floor":1},{"not_picked":["Turbo","Lockon"],"picked":"Self Repair","floor":7},{"not_picked":["Tempest","Amplify"],"picked":"Rip and Tear+1","floor":12},{"not_picked":["Redo","Reinforced Body","Turbo"],"picked":"SKIP","floor":13},{"not_picked":["Rip and Tear+1","Skim","Barrage+1"],"picked":"SKIP","floor":14},{"not_picked":["Reboot","Multi-Cast"],"picked":"Biased Cognition","floor":16},{"not_picked":["Compile Driver+1","Hello World"],"picked":"Cold Snap+1","floor":18},{"not_picked":["Ball Lightning+1","Hologram"],"picked":"Loop","floor":21},{"not_picked":["Leap","Hello World","Streamline+1"],"picked":"SKIP","floor":23},{"not_picked":["Beam Cell+1","Storm"],"picked":"Doom and Gloom+1","floor":25},{"not_picked":["Hyperbeam+1","Conserve Battery","Sunder+1","Steam Power"],"picked":"SKIP","floor":27},{"not_picked":["Melter+1","Heatsinks","Genetic Algorithm"],"picked":"Consume","floor":30},{"not_picked":["Sweeping Beam+1","Blizzard+1","Leap","Streamline+1"],"picked":"SKIP","floor":31}],"player_experience":95137,"relics_obtained":[{"floor":7,"key":"Juzu Bracelet"},{"floor":9,"key":"Regal Pillow"},{"floor":12,"key":"Symbiotic Virus"},{"floor":21,"key":"Red Mask"},{"floor":23,"key":"Kunai"},{"floor":25,"key":"Question Card"},{"floor":26,"key":"Smiling Mask"},{"floor":26,"key":"Tiny Chest"},{"floor":27,"key":"MawBank"},{"floor":30,"key":"Du-Vu Doll"},{"floor":30,"key":"Shuriken"}],"event_choices":[{"damage_healed":0,"gold_gain":75,"player_choice":"Gather Gold","damage_taken":11,"max_hp_gain":0,"max_hp_loss":0,"event_name":"World of Goop","floor":2,"gold_loss":0},{"damage_healed":0,"gold_gain":0,"player_choice":"Entered Light","damage_taken":15,"max_hp_gain":0,"max_hp_loss":0,"event_name":"Shining Light","floor":3,"gold_loss":0,"cards_upgraded":["Strike_B","Strike_B"]},{"damage_healed":0,"gold_gain":175,"player_choice":"AGREE","damage_taken":0,"max_hp_gain":0,"max_hp_loss":0,"event_name":"Liars Game","floor":4,"gold_loss":0,"cards_obtained":["Doubt"]},{"cards_removed":["Doubt"],"damage_healed":0,"gold_gain":0,"player_choice":"Purged","damage_taken":0,"max_hp_gain":0,"max_hp_loss":0,"event_name":"Purifier","floor":5,"gold_loss":0},{"damage_healed":0,"gold_gain":0,"cards_transformed":["Strike_B"],"player_choice":"Transformed","damage_taken":0,"max_hp_gain":0,"max_hp_loss":0,"event_name":"Transmorgrifier","floor":8,"gold_loss":0,"cards_obtained":["Chill"]},{"damage_healed":0,"gold_gain":0,"player_choice":"Ignored","damage_taken":0,"max_hp_gain":0,"max_hp_loss":0,"event_name":"Vampires","floor":20,"gold_loss":0},{"damage_healed":0,"gold_gain":0,"player_choice":"Fought Bandits","damage_taken":0,"max_hp_gain":0,"max_hp_loss":0,"event_name":"Masked Bandits","floor":21,"gold_loss":0},{"damage_healed":0,"gold_gain":0,"player_choice":"Obtained Relic","damage_taken":0,"relics_obtained":["Sundial"],"max_hp_gain":0,"max_hp_loss":0,"event_name":"Addict","floor":22,"gold_loss":85},{"cards_removed":["Chill"],"damage_healed":45,"gold_gain":0,"player_choice":"Offered Uncommon","damage_taken":0,"max_hp_gain":0,"max_hp_loss":0,"event_name":"Bonfire Elementals","floor":29,"gold_loss":0},{"damage_healed":0,"gold_gain":0,"player_choice":"Fight","damage_taken":0,"max_hp_gain":0,"max_hp_loss":0,"event_name":"Colosseum","floor":30,"gold_loss":0},{"damage_healed":0,"gold_gain":0,"player_choice":"Fought Nobs","damage_taken":0,"max_hp_gain":0,"max_hp_loss":0,"event_name":"Colosseum","floor":30,"gold_loss":0}],"is_beta":false,"boss_relics":[{"not_picked":["Pandora\u0027s Box","Philosopher\u0027s Stone"],"picked":"Nuclear Battery"}],"items_purged_floors":[],"is_endless":false,"potions_floor_spawned":[7,12,13,14,18,25,27],"killed_by":"Champ","ascension_level":3}}