{"host":"zsnmfqgcm92hlreo","time":1612949113,"event":{"mods":["AchievementEnabler","BaseMod","Bestiary","Block Reminder","Colored Map","Colored Powertips","Filter the Spire","Minty Spire (QoL Compilation)","Permanent Neow","Quick Restart","Relic Stats","StSLib","Weighted Paths"],"gold_per_floor":[110,260,335,353,353,353,60,120,120,145,161,193,209,238,238,312,312,329,14,31,0,0,0,20,20,20,20,30,30,63,82,82,157,157,170,195,22,0,0,27,27,58,112,160,160,160,19,39,39,39,39,39,39,39,74,74],"floor_reached":57,"language":"ENG","playtime":2728,"items_purged":["Doubt"],"score":2659,"play_id":"20715e40-6964-4d32-b877-f5163d98159e","local_time":"20210210032513","is_ascension_mode":true,"campfire_choices":[{"floor":6.0,"key":"REST"},{"floor":15.0,"key":"REST"},{"floor":23.0,"key":"REST"},{"data":"Demon Form","floor":25.0,"key":"SMITH"},{"floor":29.0,"key":"REST"},{"floor":32.0,"key":"REST"},{"floor":41.0,"key":"RECALL"},{"floor":45.0,"key":"REST"},{"floor":49.0,"key":"REST"},{"floor":53,"key":"REST"}],"circlet_count":0,"master_deck":["AscendersBane","Clothesline","Heavy Blade","Heavy Blade","Flame Barrier","Fire Breathing","Fire Breathing","Disarm","Rupture","Spot Weakness","Barricade","Iron Wave","Offering","Double Tap","Dropkick","Fiend Fire","Evolve","Inflame","Demon Form+1","Entrench","Shrug It Off","Heavy Blade","Entrench","Body Slam","Clothesline","Reaper","Entrench","Impervious","Shockwave","Exhume","Power Through","Shrug It Off+1"],"relics":["Snecko Eye","Bronze Scales","Self Forming Clay","InkBottle","Strawberry","Matryoshka","Juzu Bracelet","Pandora\u0027s Box","TungstenRod","Oddly Smooth Stone","Pear","Lantern","Fusion Hammer","Ginger","Red Mask","Ancient Tea Set","Frozen Egg 2","Red Skull","Bird Faced Urn","Shuriken"],"acts_visited":["Exordium","TheCity","TheBeyond","TheEnding"],"potions_floor_usage":[50,55],"damage_taken":[{"damage":0.0,"enemies":"2 Louse","floor":1.0,"turns":2.0},{"damage":0.0,"enemies":"Jaw Worm","floor":4.0,"turns":4.0},{"damage":24.0,"enemies":"Gremlin Nob","floor":8.0,"turns":4.0},{"damage":10.0,"enemies":"Lagavulin","floor":10.0,"turns":3.0},{"damage":11.0,"enemies":"Small Slimes","floor":11.0,"turns":3.0},{"damage":5.0,"enemies":"3 Sentries","floor":12.0,"turns":4.0},{"damage":9.0,"enemies":"Exordium Wildlife","floor":13.0,"turns":5.0},{"damage":22.0,"enemies":"Lagavulin","floor":14.0,"turns":6.0},{"damage":14.0,"enemies":"The Guardian","floor":16.0,"turns":8.0},{"damage":14.0,"enemies":"Chosen","floor":18.0,"turns":4.0},{"damage":17.0,"enemies":"3 Byrds","floor":20.0,"turns":4.0},{"damage":8.0,"enemies":"Centurion and Healer","floor":24.0,"turns":4.0},{"damage":4.0,"enemies":"Chosen and Byrds","floor":28.0,"turns":5.0},{"damage":42.0,"enemies":"Slavers","floor":30.0,"turns":6.0},{"damage":21.0,"enemies":"Snake Plant","floor":31.0,"turns":2.0},{"damage":33.0,"enemies":"Champ","floor":33.0,"turns":8.0},{"damage":34.0,"enemies":"3 Darklings","floor":35.0,"turns":6.0},{"damage":0.0,"enemies":"Mind Bloom Boss Battle","floor":36.0,"turns":9.0},{"damage":30.0,"enemies":"Nemesis","floor":40.0,"turns":5.0},{"damage":8.0,"enemies":"Giant Head","floor":42.0,"turns":6.0},{"damage":21.0,"enemies":"2 Orb Walkers","floor":44.0,"turns":5.0},{"damage":14.0,"enemies":"Orb Walker","floor":48.0,"turns":3.0},{"damage":53,"enemies":"Awakened One","floor":50,"turns":14},{"damage":49,"enemies":"Time Eater","floor":51,"turns":11},{"damage":31,"enemies":"Shield and Spear","floor":55,"turns":11},{"damage":56,"enemies":"The Heart","floor":56,"turns":12}],"seed_played":"4493033360142440772","potions_obtained":[{"floor":1.0,"key":"SpeedPotion"},{"floor":10.0,"key":"Ancient Potion"},{"floor":13.0,"key":"SkillPotion"},{"floor":14.0,"key":"SteroidPotion"},{"floor":20.0,"key":"Block Potion"},{"floor":31.0,"key":"Energy Potion"},{"floor":33.0,"key":"LiquidMemories"},{"floor":36.0,"key":"BlessingOfTheForge"},{"floor":40.0,"key":"GamblersBrew"}],"is_trial":false,"path_per_floor":["M","?","?","M","?","R","$","?","T","E","M","E","M","E","R","B",null,"M","$","M","?","?","R","M","R","T","?","M","R","E","M","R","B",null,"M","?","$","?","?","E","R","E","T","?","R","?","$","M","R","B","B",null,"R","$","E","B",null],"character_chosen":"IRONCLAD","items_purchased":["Heavy Blade","Bronze Scales","TungstenRod","Impervious","Power Through","Block Potion"],"campfire_rested":8,"item_purchase_floors":[7,7,19,37,47,47],"current_hp_per_floor":[68,68,57,57,57,75,75,51,51,48,37,32,23,1,25,11,64,50,50,33,33,33,57,49,49,59,59,55,82,40,19,46,13,72,90,92,92,92,92,81,81,92,92,75,92,92,92,78,92,89,88,91,92,92,92,63],"gold":74,"neow_bonus":"BOSS_RELIC","is_daily":false,"chose_seed":false,"campfire_upgraded":1,"win_rate":0.0,"timestamp":1612949113,"path_taken":["M","?","?","M","?","R","$","?","T","E","M","E","?","E","R","BOSS","M","$","M","?","?","R","M","R","T","?","M","R","E","M","R","BOSS","M","?","?","?","?","E","R","E","T","?","R","?","$","M","R","BOSS","BOSS","R","$","E","BOSS"],"items_purchased_type":["Card","Relic","Relic","Card","Card","Potion"],"build_version":"2020-12-22","purchased_purges":1,"victory":true,"max_hp_per_floor":[75,75,75,75,75,75,75,75,75,82,82,82,82,82,82,82,82,82,82,82,82,82,82,82,82,92,92,92,92,92,92,92,92,92,92,92,92,92,92,92,92,92,92,92,92,92,92,92,92,92,92,92,92,92,92,92],"relic_stats":{"counters":[26,154],"Self Forming Clay":[213],"Shuriken":[0],"Bronze Scales":[619],"Bird Faced Urn":[30],"Snecko Eye":[242,278,287,281],"Pandora\u0027s Box":["Iron Wave","Offering","Double Tap","Dropkick","Fiend Fire","Evolve","Clash","Inflame","Demon Form"],"Juzu Bracelet":2,"Ginger":[3],"obtain_stats":[{"Lantern":30,"Pear":26,"Self Forming Clay":8,"Oddly Smooth Stone":26,"Juzu Bracelet":14,"Ginger":36,"Frozen Egg 2":42,"Ancient Tea Set":40,"Burning Blood":0,"Matryoshka":12,"Shuriken":55,"Bronze Scales":7,"Strawberry":10,"Bird Faced Urn":44,"Snecko Eye":0,"Pandora\u0027s Box":17,"Fusion Hammer":34,"Red Mask":38,"InkBottle":9,"TungstenRod":19,"Red Skull":43},{"Lantern":14,"Pear":12,"Self Forming Clay":3,"Oddly Smooth Stone":12,"Juzu Bracelet":8,"Ginger":18,"Frozen Egg 2":20,"Ancient Tea Set":19,"Burning Blood":0,"Matryoshka":6,"Shuriken":25,"Bronze Scales":2,"Strawberry":4,"Bird Faced Urn":21,"Snecko Eye":0,"Pandora\u0027s Box":9,"Fusion Hammer":16,"Red Mask":18,"InkBottle":3,"TungstenRod":10,"Red Skull":20},{"Lantern":62,"Pear":51,"Self Forming Clay":10,"Oddly Smooth Stone":51,"Juzu Bracelet":31,"Ginger":87,"Frozen Egg 2":98,"Ancient Tea Set":92,"Burning Blood":0,"Matryoshka":20,"Shuriken":142,"Bronze Scales":6,"Strawberry":13,"Bird Faced Urn":103,"Snecko Eye":0,"Pandora\u0027s Box":39,"Fusion Hammer":72,"Red Mask":87,"InkBottle":10,"TungstenRod":43,"Red Skull":98}],"InkBottle":[44],"TungstenRod":71},"card_choices":[{"not_picked":["Cleave","Carnage"],"picked":"Clothesline","floor":1.0},{"not_picked":["Flex","Perfected Strike"],"picked":"Heavy Blade","floor":4.0},{"not_picked":["Intimidate","Berserk"],"picked":"Flame Barrier","floor":8.0},{"not_picked":["Iron Wave","Shrug It Off"],"picked":"Fire Breathing","floor":10.0},{"not_picked":["Clash","Anger"],"picked":"Fire Breathing","floor":11.0},{"not_picked":["Havoc","Wild Strike"],"picked":"Disarm","floor":12.0},{"not_picked":["Bloodletting","True Grit"],"picked":"Rupture","floor":13.0},{"not_picked":["True Grit","Clothesline"],"picked":"Spot Weakness","floor":14.0},{"not_picked":["Exhume","Berserk"],"picked":"Barricade","floor":16.0},{"not_picked":["Battle Trance","Pommel Strike"],"picked":"Entrench","floor":18.0},{"not_picked":["Carnage","Rupture"],"picked":"Shrug It Off","floor":20.0},{"not_picked":["Cleave","Power Through"],"picked":"Heavy Blade","floor":24.0},{"not_picked":["Sword Boomerang","Fiend Fire"],"picked":"Body Slam","floor":28.0},{"not_picked":["Anger","Evolve+1","Sentinel"],"picked":"SKIP","floor":30.0},{"not_picked":["Headbutt","Bloodletting"],"picked":"Clothesline","floor":31.0},{"not_picked":["Brutality","Double Tap"],"picked":"Reaper","floor":33.0},{"not_picked":["Armaments","Cleave"],"picked":"Entrench","floor":35.0},{"not_picked":["Blood for Blood","Armaments"],"picked":"Shockwave","floor":40.0},{"not_picked":["Fire Breathing+1","Sever Soul","True Grit"],"picked":"SKIP","floor":42.0},{"not_picked":["Wild Strike","Bloodletting"],"picked":"Exhume","floor":44.0},{"not_picked":["Clash","Second Wind","Perfected Strike"],"picked":"SKIP","floor":48.0},{"not_picked":["Twin Strike","Headbutt"],"picked":"Shrug It Off+1","floor":55}],"player_experience":1073360,"relics_obtained":[{"floor":8.0,"key":"Self Forming Clay"},{"floor":9.0,"key":"InkBottle"},{"floor":10.0,"key":"Strawberry"},{"floor":12.0,"key":"Matryoshka"},{"floor":14.0,"key":"Juzu Bracelet"},{"floor":26.0,"key":"Oddly Smooth Stone"},{"floor":26.0,"key":"Pear"},{"floor":30.0,"key":"Lantern"},{"floor":36.0,"key":"Ginger"},{"floor":40.0,"key":"Ancient Tea Set"},{"floor":42.0,"key":"Frozen Egg 2"},{"floor":43.0,"key":"Red Skull"},{"floor":44.0,"key":"Bird Faced Urn"},{"floor":55,"key":"Shuriken"}],"event_choices":[{"damage_healed":0.0,"max_hp_gain":0.0,"max_hp_loss":0.0,"gold_gain":150.0,"event_name":"Liars Game","player_choice":"AGREE","floor":2.0,"gold_loss":0.0,"damage_taken":0.0,"cards_obtained":["Doubt"]},{"damage_healed":0.0,"max_hp_gain":0.0,"max_hp_loss":0.0,"gold_gain":75.0,"event_name":"World of Goop","player_choice":"Gather Gold","floor":3.0,"gold_loss":0.0,"damage_taken":11.0},{"damage_healed":0.0,"max_hp_gain":0.0,"max_hp_loss":0.0,"gold_gain":0.0,"event_name":"Shining Light","player_choice":"Ignored","floor":5.0,"gold_loss":0.0,"damage_taken":0.0},{"damage_healed":0.0,"max_hp_gain":0.0,"max_hp_loss":0.0,"gold_gain":30.0,"event_name":"Dead Adventurer","player_choice":"Searched \u00272\u0027 times","floor":8.0,"gold_loss":0.0,"damage_taken":0.0},{"damage_healed":0.0,"max_hp_gain":0.0,"max_hp_loss":0.0,"gold_gain":0.0,"event_name":"Masked Bandits","player_choice":"Paid Fearfully","floor":21.0,"gold_loss":31.0,"damage_taken":0.0},{"cards_removed":["Clash"],"damage_healed":0.0,"max_hp_gain":0.0,"max_hp_loss":0.0,"gold_gain":0.0,"event_name":"Back to Basics","player_choice":"Elegance","floor":22.0,"gold_loss":0.0,"damage_taken":0.0},{"damage_healed":0.0,"max_hp_gain":0.0,"max_hp_loss":0.0,"gold_gain":0.0,"event_name":"The Library","player_choice":"Read","floor":27.0,"gold_loss":0.0,"damage_taken":0.0,"cards_obtained":["Entrench"]},{"damage_healed":0.0,"max_hp_gain":0.0,"max_hp_loss":0.0,"gold_gain":0.0,"event_name":"MindBloom","player_choice":"Fight","floor":36.0,"gold_loss":0.0,"damage_taken":0.0},{"damage_healed":0.0,"max_hp_gain":0.0,"max_hp_loss":0.0,"gold_gain":0.0,"event_name":"Tomb of Lord Red Mask","player_choice":"Paid","floor":38.0,"gold_loss":22.0,"damage_taken":0.0,"relics_obtained":["Red Mask"]},{"damage_healed":0.0,"max_hp_gain":0.0,"max_hp_loss":0.0,"gold_gain":0.0,"event_name":"SecretPortal","player_choice":"Ignored","floor":39.0,"gold_loss":0.0,"damage_taken":0.0},{"damage_healed":0.0,"max_hp_gain":0.0,"max_hp_loss":0.0,"gold_gain":0.0,"event_name":"Mysterious Sphere","player_choice":"Fight","floor":44.0,"gold_loss":0.0,"damage_taken":0.0},{"cards_removed":["Bash"],"damage_healed":0.0,"max_hp_gain":0.0,"max_hp_loss":0.0,"gold_gain":0.0,"event_name":"Falling","player_choice":"Removed Attack","floor":46.0,"gold_loss":0.0,"damage_taken":0.0}],"is_beta":false,"boss_relics":[{"not_picked":["Black Star","Runic Dome"],"picked":"Pandora\u0027s Box"},{"not_picked":["Velvet Choker","Coffee Dripper"],"picked":"Fusion Hammer"}],"items_purged_floors":[7],"is_endless":false,"potions_floor_spawned":[1,10,13,14,20,28,31,33,36,40,48],"ascension_level":20}}