{"host":"cjhtzh7tp54jdfyv","time":1612992233,"event":{"mods":["AchievementEnabler","BaseMod","Colored Map","Colored Powertips","Curses Come First","DeckTracker","Minty Spire (QoL Compilation)","RNG Fix","Relic Sorter","Relic Stats","StSLib","UnlockEverythingMod","ojb\u0027s Better Paths Mod","ojb\u0027s Info Mod"],"gold_per_floor":[115,265,265,281,34,66,31,57,57,90,103,103,118,134,134,213,213,233,253,269,7,7,32,32,59,59,73,73,100,100,126,126,203,203,218,18,38,38,50,81,98,127,154,184,201,201,232,232,232,232,232,232,232,3,34,34],"floor_reached":57,"language":"ENG","playtime":6057,"items_purged":["Defend_G","Strike_G","Strike_G","Strike_G"],"score":3060,"play_id":"82ac5dda-be6e-4688-8522-743b3ef6a940","local_time":"20210210162353","is_ascension_mode":true,"campfire_choices":[{"data":"Glass Knife","floor":12.0,"key":"SMITH"},{"data":"Accuracy","floor":15.0,"key":"SMITH"},{"floor":24,"key":"REST"},{"floor":28,"key":"REST"},{"floor":32,"key":"REST"},{"floor":49,"key":"RECALL"},{"data":"Accuracy","floor":53,"key":"SMITH"}],"circlet_count":0,"master_deck":["AscendersBane","Strike_G","Strike_G","Defend_G","Defend_G","Defend_G","Defend_G","Survivor","Neutralize","All Out Attack","Blade Dance","Infinite Blades","Venomology","Glass Knife+1","Accuracy+1","Tools of the Trade","Reflex+1","Leg Sweep+1","Cloak And Dagger+1","Acrobatics","Adrenaline","Blade Dance","Acrobatics","Dark Shackles","Master of Strategy","Secret Technique","Footwork+1","Malaise","Blade Dance+1","Doubt","Accuracy+1","Malaise","Reflex+1"],"relics":["Ring of the Snake","Pen Nib","Incense Burner","NeowsBlessing","Spirit Poop","Sling","Potion Belt","Blood Vial","Question Card","Blue Candle","Cursed Key","Bag of Preparation","Turnip","The Courier","Ornamental Fan","Lantern","SlaversCollar","Membership Card","Toy Ornithopter","Orichalcum","Meat on the Bone","Bottled Tornado","DollysMirror","Vajra","Bag of Marbles"],"acts_visited":["Exordium","TheCity","TheBeyond","TheEnding"],"potions_floor_usage":[18,19,19,23,23,25,25,29,31,31,33,37,39,40,41,41,42,44,50,51,51,55,55,55,56,56,56],"damage_taken":[{"damage":0.0,"enemies":"Jaw Worm","floor":1.0,"turns":1.0},{"damage":0.0,"enemies":"Small Slimes","floor":4.0,"turns":1.0},{"damage":0.0,"enemies":"3 Sentries","floor":6.0,"turns":1.0},{"damage":6.0,"enemies":"Gremlin Nob","floor":8.0,"turns":3.0},{"damage":17.0,"enemies":"Lagavulin","floor":10.0,"turns":6.0},{"damage":6.0,"enemies":"2 Louse","floor":11.0,"turns":3.0},{"damage":3.0,"enemies":"Blue Slaver","floor":13.0,"turns":3.0},{"damage":0.0,"enemies":"Gremlin Gang","floor":14.0,"turns":3.0},{"damage":20.0,"enemies":"Slime Boss","floor":16.0,"turns":8.0},{"damage":10,"enemies":"Spheric Guardian","floor":18,"turns":4},{"damage":21,"enemies":"2 Thieves","floor":19,"turns":5},{"damage":5,"enemies":"Centurion and Healer","floor":20,"turns":6},{"damage":23,"enemies":"Book of Stabbing","floor":23,"turns":4},{"damage":9,"enemies":"Slavers","floor":25,"turns":4},{"damage":17,"enemies":"Snecko","floor":27,"turns":7},{"damage":16,"enemies":"Gremlin Leader","floor":29,"turns":6},{"damage":0,"enemies":"Slavers","floor":31,"turns":4},{"damage":18,"enemies":"Collector","floor":33,"turns":7},{"damage":0,"enemies":"3 Darklings","floor":35,"turns":7},{"damage":0,"enemies":"3 Shapes","floor":37,"turns":7},{"damage":0,"enemies":"Writhing Mass","floor":39,"turns":6},{"damage":9,"enemies":"Nemesis","floor":40,"turns":5},{"damage":14,"enemies":"Spire Growth","floor":41,"turns":4},{"damage":0,"enemies":"Giant Head","floor":42,"turns":3},{"damage":16,"enemies":"Nemesis","floor":44,"turns":5},{"damage":7,"enemies":"3 Darklings","floor":45,"turns":11},{"damage":3,"enemies":"Giant Head","floor":47,"turns":6},{"damage":94,"enemies":"Time Eater","floor":50,"turns":17},{"damage":23,"enemies":"Donu and Deca","floor":51,"turns":11},{"damage":51,"enemies":"Shield and Spear","floor":55,"turns":8},{"damage":48,"enemies":"The Heart","floor":56,"turns":9}],"seed_played":"7739379608035748219","potions_obtained":[{"floor":4.0,"key":"Fire Potion"},{"floor":6.0,"key":"GhostInAJar"},{"floor":13.0,"key":"Explosive Potion"},{"floor":16.0,"key":"Block Potion"},{"floor":23,"key":"LiquidBronze"},{"floor":35,"key":"Poison Potion"},{"floor":41,"key":"GhostInAJar"}],"is_trial":false,"path_per_floor":["M","?","?","M","$","E","?","E","T","E","M","R","M","M","R","B",null,"M","M","M","$","?","E","R","E","T","M","R","E","?","E","R","B",null,"M","$","M","?","M","E","M","E","T","E","M","?","E","?","R","B","B",null,"R","$","E","B",null],"character_chosen":"THE_SILENT","items_purchased":["Sling","Bag of Preparation","Membership Card","DollysMirror","Weak Potion","Vajra"],"campfire_rested":3,"item_purchase_floors":[5,21,36,54,54,54],"current_hp_per_floor":[59,59,59,59,59,59,66,60,60,45,41,41,40,42,42,24,56,48,29,26,26,26,5,24,17,17,2,21,7,7,9,28,12,53,55,55,57,47,49,42,40,47,47,38,45,45,44,44,44,15,16,54,54,54,32,13],"gold":34,"neow_bonus":"THREE_ENEMY_KILL","is_daily":false,"chose_seed":false,"campfire_upgraded":3,"win_rate":0.0,"timestamp":1612992233,"path_taken":["M","?","?","M","?","E","?","E","T","E","M","R","M","M","R","BOSS","M","M","M","$","?","E","R","E","T","M","R","E","?","E","R","BOSS","M","?","M","?","M","E","M","E","T","E","?","?","E","?","R","BOSS","BOSS","R","$","E","BOSS"],"items_purchased_type":["Relic","Relic","Relic","Relic","Potion","Relic"],"build_version":"2020-12-22","purchased_purges":4,"victory":true,"max_hp_per_floor":[66,66,66,66,66,66,66,66,66,66,66,66,66,66,66,66,66,66,66,66,66,66,66,66,66,66,66,66,66,66,66,66,66,66,66,66,66,66,66,66,66,66,66,66,66,66,66,66,66,66,66,66,66,66,66,66],"relic_stats":{"counters":[31,175],"Blue Candle":[11],"Pen Nib":[42],"Bag of Preparation":[38],"Orichalcum":[84],"Question Card":27,"Cursed Key":2,"Blood Vial":54,"Ornamental Fan":[484],"Turnip":[11],"obtain_stats":[{"Lantern":29,"Spirit Poop":3,"Vajra":54,"Bag of Preparation":21,"Incense Burner":23,"Bottled Tornado":47,"Sling":5,"Cursed Key":17,"Blood Vial":8,"DollysMirror":54,"Ring of the Snake":0,"Potion Belt":6,"NeowsBlessing":0,"Blue Candle":10,"The Courier":25,"Pen Nib":31,"Orichalcum":42,"Question Card":9,"SlaversCollar":34,"Ornamental Fan":26,"Turnip":22,"Bag of Marbles":55,"Membership Card":36,"Toy Ornithopter":40,"Meat on the Bone":44},{"Lantern":16,"Spirit Poop":1,"Vajra":29,"Bag of Preparation":12,"Incense Burner":13,"Bottled Tornado":27,"Sling":2,"Cursed Key":9,"Blood Vial":4,"DollysMirror":29,"Ring of the Snake":0,"Potion Belt":3,"NeowsBlessing":0,"Blue Candle":5,"The Courier":14,"Pen Nib":17,"Orichalcum":24,"Question Card":4,"SlaversCollar":18,"Ornamental Fan":14,"Turnip":12,"Bag of Marbles":30,"Membership Card":19,"Toy Ornithopter":22,"Meat on the Bone":25},{"Lantern":65,"Spirit Poop":1,"Vajra":158,"Bag of Preparation":44,"Incense Burner":48,"Bottled Tornado":130,"Sling":2,"Cursed Key":29,"Blood Vial":6,"DollysMirror":158,"Ring of the Snake":0,"Potion Belt":3,"NeowsBlessing":0,"Blue Candle":12,"The Courier":52,"Pen Nib":69,"Orichalcum":108,"Question Card":6,"SlaversCollar":76,"Ornamental Fan":52,"Turnip":44,"Bag of Marbles":166,"Membership Card":83,"Toy Ornithopter":101,"Meat on the Bone":113}],"Toy Ornithopter":65,"Ring of the Snake":[62],"Meat on the Bone":60},"card_choices":[{"not_picked":["Sucker Punch","PiercingWail"],"picked":"All Out Attack","floor":1.0},{"not_picked":["Prepared","Caltrops"],"picked":"Blade Dance","floor":4.0},{"not_picked":["Blur","Heel Hook"],"picked":"Infinite Blades","floor":6.0},{"not_picked":["PiercingWail","All Out Attack"],"picked":"Venomology","floor":8.0},{"not_picked":["Setup","Deflect","Noxious Fumes"],"picked":"Glass Knife","floor":10.0},{"not_picked":["Prepared","Infinite Blades","Dagger Throw","Cloak And Dagger"],"picked":"SKIP","floor":11.0},{"not_picked":["Backstab","Quick Slash","Expertise"],"picked":"Accuracy","floor":13.0},{"not_picked":["PiercingWail","Expertise","Acrobatics","Reflex"],"picked":"SKIP","floor":14.0},{"not_picked":["Grand Finale","A Thousand Cuts","Unload"],"picked":"Tools of the Trade","floor":16.0},{"not_picked":["Blade Dance","Cloak And Dagger","Sucker Punch"],"picked":"Reflex+1","floor":18},{"not_picked":["Dagger Spray","Underhanded Strike","Well Laid Plans","Flying Knee"],"picked":"SKIP","floor":19},{"not_picked":["Crippling Poison","Finisher","Flechettes","Night Terror"],"picked":"SKIP","floor":20},{"not_picked":["Infinite Blades","Dodge and Roll","Flying Knee","Underhanded Strike"],"picked":"SKIP","floor":23},{"not_picked":["Catalyst+1","Dash","Deadly Poison"],"picked":"Leg Sweep+1","floor":25},{"not_picked":["Choke","PiercingWail","Dodge and Roll"],"picked":"Cloak And Dagger+1","floor":27},{"not_picked":["Crippling Poison+1","Quick Slash","PiercingWail"],"picked":"Acrobatics","floor":29},{"not_picked":["Heel Hook","A Thousand Cuts","PiercingWail","Sucker Punch"],"picked":"SKIP","floor":31},{"not_picked":["Grand Finale","Unload","Night Terror"],"picked":"Adrenaline","floor":33},{"not_picked":["Poisoned Stab+1","Flying Knee","Slice+1"],"picked":"Blade Dance","floor":35},{"not_picked":["Dagger Spray+1","Dagger Throw+1","Sucker Punch+1"],"picked":"Acrobatics","floor":37},{"not_picked":["Secret Weapon","Transmutation","Enlightenment"],"picked":"Dark Shackles","floor":38},{"not_picked":["Magnetism","Flash of Steel","Bandage Up"],"picked":"Master of Strategy","floor":38},{"not_picked":["Mind Blast","Mayhem","Swift Strike"],"picked":"Secret Technique","floor":38},{"not_picked":["Finisher","Backstab","Poisoned Stab+1"],"picked":"Footwork+1","floor":39},{"not_picked":["Bane","Underhanded Strike","Masterful Stab"],"picked":"Malaise","floor":40},{"not_picked":["Riddle With Holes","Prepared+1","Flying Knee"],"picked":"Blade Dance+1","floor":41},{"not_picked":["Slice","Unload","Deflect","Flechettes"],"picked":"SKIP","floor":42},{"not_picked":["Dodge and Roll","Underhanded Strike","Finisher","Outmaneuver"],"picked":"SKIP","floor":44},{"not_picked":["Catalyst","Deflect+1","Dagger Throw"],"picked":"Accuracy","floor":45},{"not_picked":["Quick Slash","Predator","Deadly Poison+1","Slice"],"picked":"SKIP","floor":47},{"not_picked":["Blur","Setup","Cloak And Dagger","Catalyst"],"picked":"SKIP","floor":55}],"player_experience":4800785,"relics_obtained":[{"floor":6.0,"key":"Potion Belt"},{"floor":8.0,"key":"Blood Vial"},{"floor":9.0,"key":"Question Card"},{"floor":10.0,"key":"Blue Candle"},{"floor":23,"key":"Incense Burner"},{"floor":25,"key":"The Courier"},{"floor":26,"key":"Ornamental Fan"},{"floor":29,"key":"Lantern"},{"floor":31,"key":"Pen Nib"},{"floor":40,"key":"Toy Ornithopter"},{"floor":42,"key":"Orichalcum"},{"floor":44,"key":"Meat on the Bone"},{"floor":47,"key":"Bottled Tornado"},{"floor":55,"key":"Bag of Marbles"}],"event_choices":[{"damage_healed":0.0,"max_hp_gain":0.0,"max_hp_loss":0.0,"gold_gain":150.0,"event_name":"Liars Game","player_choice":"AGREE","floor":2.0,"gold_loss":0.0,"damage_taken":0.0,"cards_obtained":["Doubt"]},{"cards_removed":["Doubt"],"damage_healed":0.0,"max_hp_gain":0.0,"max_hp_loss":0.0,"gold_gain":0.0,"event_name":"Bonfire Elementals","player_choice":"Offered Curse","floor":3.0,"gold_loss":0.0,"damage_taken":0.0,"relics_obtained":["Spirit Poop"]},{"damage_healed":16.0,"max_hp_gain":0.0,"max_hp_loss":0.0,"gold_gain":0.0,"event_name":"The Cleric","player_choice":"Healed","floor":7.0,"gold_loss":35.0,"damage_taken":0.0},{"damage_healed":0,"gold_gain":0,"player_choice":"Opened","damage_taken":0,"relics_obtained":["Turnip"],"max_hp_gain":0,"max_hp_loss":0,"event_name":"The Mausoleum","floor":22,"gold_loss":0,"cards_obtained":["Writhe"]},{"cards_removed":["Injury","Writhe"],"damage_healed":0,"gold_gain":0,"player_choice":"Removed Curses","damage_taken":0,"max_hp_gain":0,"max_hp_loss":0,"event_name":"Fountain of Cleansing","floor":30,"gold_loss":0},{"damage_healed":0,"gold_gain":0,"player_choice":"Memory 3","damage_taken":10,"max_hp_gain":0,"max_hp_loss":0,"event_name":"SensoryStone","floor":38,"gold_loss":0},{"damage_healed":0,"gold_gain":0,"player_choice":"Ignored","damage_taken":0,"max_hp_gain":0,"max_hp_loss":0,"event_name":"Tomb of Lord Red Mask","floor":46,"gold_loss":0},{"damage_healed":0,"gold_gain":0,"player_choice":"Copied","damage_taken":0,"max_hp_gain":0,"max_hp_loss":0,"event_name":"Duplicator","floor":48,"gold_loss":0,"cards_obtained":["Malaise"]}],"is_beta":false,"boss_relics":[{"not_picked":["Runic Dome","Astrolabe"],"picked":"Cursed Key"},{"not_picked":["Runic Pyramid","WristBlade"],"picked":"SlaversCollar"}],"items_purged_floors":[5,21,36,54],"is_endless":false,"potions_floor_spawned":[4,6,13,16,20,23,29,35,40,41,47],"ascension_level":20}}