{"host":"l84l8xigz5v5foa2","time":1612969569,"event":{"mods":["2.2 Compatiblity","AchievementEnabler","BaseMod","Better Note","Better Vampires","BetterRewards","Card Filter","Colored Map","DeckTracker","Downfall","Gremlin Skip","Highlight Path","Keyboard Shortcuts","Minty Spire (QoL Compilation)","Permanent Neow","Quick Restart","Relic Filter","Relic Stats","StSLib","SuperFastMode","Transform Curses","Unknown Chances"],"gold_per_floor":[109,109,109,122,137,137,62,62,86,126,213,225,251,176,176,176,176,176],"floor_reached":16,"language":"ENG","playtime":505,"items_purged":["hexamod:Defend","hexamod:Defend"],"score":196,"play_id":"2f23ae16-f7ee-4c2f-acbc-b81a42b6b193","local_time":"20210211000609","is_ascension_mode":true,"campfire_choices":[{"data":"hexamod:Float","floor":6.0,"key":"SMITH"},{"data":"hexamod:PowerFromBeyond","floor":8.0,"key":"SMITH"},{"data":"hexamod:CatchUp","floor":15.0,"key":"SMITH"}],"circlet_count":0,"master_deck":["AscendersBane","hexamod:Strike","hexamod:Strike","hexamod:Strike","hexamod:Defend","hexamod:Defend","hexamod:Sear","hexamod:Float+1","hexamod:SpectersWail","hexamod:InspiringFlames","hexamod:PowerFromBeyond+1","hexamod:CatchUp+1","hexamod:AdvancingGuard","hexamod:GhostOfSpireFuture"],"relics":["hexamod:SpiritBrand","Ring of the Serpent","NeowsBlessing","MawBank","Smiling Mask","Golden Idol"],"acts_visited":["Exordium"],"potions_floor_usage":[16],"damage_taken":[{"damage":0.0,"enemies":"Small Slimes","floor":1.0,"turns":1.0},{"damage":0.0,"enemies":"Cultist","floor":4.0,"turns":1.0},{"damage":0.0,"enemies":"2 Louse","floor":5.0,"turns":1.0},{"damage":3.0,"enemies":"Gremlin Nob","floor":10.0,"turns":3.0},{"damage":0.0,"enemies":"Blue Slaver","floor":13.0,"turns":3.0},{"damage":31,"enemies":"Slime Boss","floor":16,"turns":13}],"seed_played":"-2037708198968079138","potions_obtained":[{"floor":4.0,"key":"Regen Potion"},{"floor":13.0,"key":"PowerPotion"}],"is_trial":false,"path_per_floor":["M","?","?","M","M","R","$","R","T","E","?","?","M","$","R","B"],"character_chosen":"THE_SPIRIT","items_purchased":["hexamod:GhostOfSpireFuture"],"campfire_rested":0,"item_purchase_floors":[14],"current_hp_per_floor":[57,57,57,57,57,57,57,57,57,54,43,21,30,30,30,0,0,0],"gold":176,"neow_bonus":"THREE_ENEMY_KILL","is_daily":false,"chose_seed":false,"campfire_upgraded":3,"win_rate":0.0,"timestamp":1612969569,"path_taken":["M","?","?","?","M","R","$","R","T","E","?","?","M","?","R","BOSS"],"items_purchased_type":["Card"],"build_version":"2020-12-22","purchased_purges":2,"victory":false,"max_hp_per_floor":[63,63,63,63,63,63,63,63,63,63,63,63,63,63,63,63,63,63],"relic_stats":{"counters":[6,22],"Golden Idol":3,"MawBank":60,"Smiling Mask":50,"obtain_stats":[{"NeowsBlessing":0,"Golden Idol":12,"MawBank":9,"Smiling Mask":10,"hexamod:SpiritBrand":0,"Ring of the Serpent":0,"Ring of the Snake":0},{"NeowsBlessing":0,"Golden Idol":4,"MawBank":3,"Smiling Mask":4,"hexamod:SpiritBrand":0,"Ring of the Serpent":0,"Ring of the Snake":0},{"NeowsBlessing":0,"Golden Idol":6,"MawBank":3,"Smiling Mask":6,"hexamod:SpiritBrand":0,"Ring of the Serpent":0,"Ring of the Snake":0}]},"card_choices":[{"not_picked":["hexamod:NightmareStrike","hexamod:PhantomCloak"],"picked":"hexamod:SpectersWail","floor":1.0},{"not_picked":["hexamod:GhostShield","hexamod:BurningTouch","hexamod:InspiringFlames"],"picked":"SKIP","floor":4.0},{"not_picked":["hexamod:GhostShield","hexamod:BurningTouch"],"picked":"hexamod:InspiringFlames","floor":4.0},{"not_picked":["hexamod:HeatMetal","hexamod:FlamesFromBeyond"],"picked":"hexamod:PowerFromBeyond","floor":5.0},{"not_picked":["hexamod:FastForward","hexamod:ShieldOfDarkness"],"picked":"hexamod:CatchUp","floor":10.0},{"not_picked":["hexamod:Hexaguard","hexamod:Haunt"],"picked":"hexamod:AdvancingGuard","floor":13.0}],"player_experience":3539949,"relics_obtained":[{"floor":9.0,"key":"MawBank"},{"floor":10.0,"key":"Smiling Mask"}],"event_choices":[{"damage_healed":0.0,"max_hp_gain":0.0,"max_hp_loss":0.0,"gold_gain":0.0,"event_name":"Liars Game","player_choice":"Ignored","floor":2.0,"gold_loss":0.0,"damage_taken":0.0},{"cards_removed":["hexamod:Strike"],"damage_healed":0.0,"max_hp_gain":0.0,"max_hp_loss":0.0,"gold_gain":0.0,"event_name":"Wheel of Change","player_choice":"Card Removal","floor":3.0,"gold_loss":0.0,"damage_taken":0.0},{"damage_healed":0.0,"max_hp_gain":0.0,"max_hp_loss":0.0,"gold_gain":75.0,"event_name":"World of Goop","player_choice":"Gather Gold","floor":11.0,"gold_loss":0.0,"damage_taken":11.0},{"damage_healed":0.0,"max_hp_gain":0.0,"max_hp_loss":0.0,"gold_gain":0.0,"event_name":"Golden Idol","player_choice":"Take Damage","floor":12.0,"gold_loss":0.0,"damage_taken":22.0,"relics_obtained":["Golden Idol"]}],"is_beta":false,"boss_relics":[],"items_purged_floors":[7,14],"is_endless":false,"potions_floor_spawned":[4,13],"killed_by":"Slime Boss","ascension_level":20}}