{"host":"qksa0nge77ubun9a","time":1612927909,"event":{"mods":["AchievementEnabler","BaseMod","Colored Map","Colored Powertips","Googly Eyes","Highlight Path","Minty Spire (QoL Compilation)","Quick Restart","StSLib"],"gold_per_floor":[110,110,126,145,145,145,165,44,123,154,176,218,240,271,283,369,381,412,404,428,456,138,138,157,157,212,312,237,249,33,46,46,46,46],"floor_reached":33,"language":"ENG","playtime":4772,"items_purged":["Regret","Strike_R","Strike_R"],"score":431,"play_id":"27adf541-6b97-44b3-be6f-6433c575e504","local_time":"20210209193149","is_ascension_mode":true,"campfire_choices":[{"data":"Body Slam","floor":6.0,"key":"SMITH"},{"floor":15.0,"key":"REST"},{"floor":23.0,"key":"REST"},{"data":"Armaments","floor":25.0,"key":"SMITH"},{"floor":32.0,"key":"REST"}],"circlet_count":0,"master_deck":["AscendersBane","Strike_R","Strike_R","Strike_R","Defend_R","Defend_R","Defend_R","Bash","Cleave","Body Slam+1","Power Through","Armaments+1","Havoc+1","Fire Breathing","Reckless Charge","Pommel Strike","True Grit","Immolate","Seeing Red","Battle Trance","Feel No Pain","Ghostly Armor+1","Ghostly Armor","Reckless Charge","Purity"],"relics":["Burning Blood","NeowsBlessing","Oddly Smooth Stone","Red Skull","Pear","MawBank","Toy Ornithopter","Velvet Choker","Bronze Scales","War Paint","Dead Branch","White Beast Statue"],"acts_visited":["Exordium","TheCity"],"potions_floor_usage":[33],"damage_taken":[{"damage":0.0,"enemies":"2 Louse","floor":1.0,"turns":1.0},{"damage":0.0,"enemies":"Small Slimes","floor":3.0,"turns":1.0},{"damage":0.0,"enemies":"Cultist","floor":4.0,"turns":1.0},{"damage":33.0,"enemies":"Large Slime","floor":7.0,"turns":6.0},{"damage":25.0,"enemies":"Gremlin Nob","floor":10.0,"turns":5.0},{"damage":16.0,"enemies":"Blue Slaver","floor":11.0,"turns":4.0},{"damage":8.0,"enemies":"3 Sentries","floor":12.0,"turns":5.0},{"damage":4.0,"enemies":"Gremlin Gang","floor":13.0,"turns":3.0},{"damage":13.0,"enemies":"Red Slaver","floor":14.0,"turns":4.0},{"damage":8.0,"enemies":"Slime Boss","floor":16.0,"turns":9.0},{"damage":33.0,"enemies":"3 Byrds","floor":18.0,"turns":5.0},{"damage":22.0,"enemies":"2 Thieves","floor":20.0,"turns":4.0},{"damage":28.0,"enemies":"Snake Plant","floor":21.0,"turns":4.0},{"damage":25.0,"enemies":"Centurion and Healer","floor":24.0,"turns":5.0},{"damage":5.0,"enemies":"Colosseum Slavers","floor":27.0,"turns":2.0},{"damage":12.0,"enemies":"Colosseum Nobs","floor":27.0,"turns":3.0},{"damage":11.0,"enemies":"Sentry and Sphere","floor":29.0,"turns":4.0},{"damage":6.0,"enemies":"Cultist and Chosen","floor":31.0,"turns":4.0},{"damage":66,"enemies":"Automaton","floor":33,"turns":12}],"seed_played":"3405694596850711006","potions_obtained":[{"floor":3.0,"key":"Weak Potion"},{"floor":7.0,"key":"SpeedPotion"},{"floor":10.0,"key":"DuplicationPotion"},{"floor":12.0,"key":"EssenceOfSteel"},{"floor":13.0,"key":"FearPotion"},{"floor":18.0,"key":"Block Potion"},{"floor":19.0,"key":"SmokeBomb"},{"floor":20.0,"key":"Block Potion"},{"floor":29.0,"key":"SpeedPotion"},{"floor":31.0,"key":"LiquidBronze"}],"is_trial":false,"path_per_floor":["M","?","M","M","?","R","M","$","T","E","M","E","M","M","R","B",null,"M","?","M","M","$","R","M","R","T","?","?","M","$","M","R","B"],"character_chosen":"IRONCLAD","items_purchased":["Havoc","Bronze Scales","Feel No Pain","Purity"],"campfire_rested":3,"item_purchase_floors":[8,22,22,30],"current_hp_per_floor":[78,78,80,80,77,77,50,50,60,41,31,29,36,29,56,64,84,57,57,46,24,24,51,37,37,37,32,32,27,27,27,54,0,0],"gold":46,"neow_bonus":"THREE_ENEMY_KILL","is_daily":false,"chose_seed":false,"campfire_upgraded":2,"win_rate":0.0,"timestamp":1612927909,"path_taken":["M","?","M","M","?","R","M","$","T","E","M","E","M","M","R","BOSS","M","?","?","M","$","R","M","R","T","?","?","M","$","M","R","BOSS"],"items_purchased_type":["Card","Relic","Card","Card"],"build_version":"2020-12-22","purchased_purges":3,"victory":false,"max_hp_per_floor":[80,80,80,80,80,80,80,80,90,90,90,90,90,90,90,90,90,90,90,90,90,90,90,90,90,90,90,90,90,90,90,90,90,90],"card_choices":[{"not_picked":["Anger","Warcry"],"picked":"Cleave","floor":1.0},{"not_picked":["Intimidate","Pummel"],"picked":"Body Slam","floor":3.0},{"not_picked":["Combust","True Grit"],"picked":"Power Through","floor":4.0},{"not_picked":["Twin Strike","Dropkick"],"picked":"Armaments","floor":7.0},{"not_picked":["Metallicize","Fiend Fire"],"picked":"Fire Breathing","floor":10.0},{"not_picked":["Havoc","Rage"],"picked":"Reckless Charge","floor":11.0},{"not_picked":["Rage","Rampage","Combust"],"picked":"SKIP","floor":12.0},{"not_picked":["Inflame","Clash"],"picked":"Pommel Strike","floor":13.0},{"not_picked":["Body Slam","Havoc"],"picked":"True Grit","floor":14.0},{"not_picked":["Impervious","Demon Form"],"picked":"Immolate","floor":16.0},{"not_picked":["Clash","Havoc","Thunderclap+1"],"picked":"SKIP","floor":18.0},{"not_picked":["Feed","Pommel Strike"],"picked":"Seeing Red","floor":20.0},{"not_picked":["Heavy Blade","Wild Strike"],"picked":"Battle Trance","floor":21.0},{"not_picked":["Thunderclap","Power Through"],"picked":"Ghostly Armor","floor":24.0},{"not_picked":["Thunderclap","Spot Weakness"],"picked":"Ghostly Armor","floor":27.0},{"not_picked":["Pommel Strike","Sword Boomerang","Reckless Charge"],"picked":"SKIP","floor":29.0},{"not_picked":["Pommel Strike","Sword Boomerang"],"picked":"Reckless Charge","floor":29.0},{"not_picked":["Rupture","Headbutt","Warcry"],"picked":"SKIP","floor":31.0}],"player_experience":1369018,"relics_obtained":[{"floor":9.0,"key":"Pear"},{"floor":10.0,"key":"MawBank"},{"floor":12.0,"key":"Toy Ornithopter"},{"floor":26.0,"key":"War Paint"},{"floor":27.0,"key":"Dead Branch"},{"floor":27.0,"key":"White Beast Statue"}],"event_choices":[{"damage_healed":0.0,"max_hp_gain":0.0,"max_hp_loss":0.0,"gold_gain":0.0,"event_name":"Big Fish","player_choice":"Box","floor":2.0,"gold_loss":0.0,"damage_taken":0.0,"relics_obtained":["Oddly Smooth Stone"],"cards_obtained":["Regret"]},{"damage_healed":0.0,"max_hp_gain":0.0,"max_hp_loss":0.0,"gold_gain":0.0,"event_name":"Scrap Ooze","player_choice":"Success","floor":5.0,"gold_loss":0.0,"damage_taken":3.0,"relics_obtained":["Red Skull"]},{"damage_healed":0.0,"max_hp_gain":0.0,"max_hp_loss":0.0,"gold_gain":0.0,"event_name":"The Woman in Blue","player_choice":"Bought 1 Potion","floor":19.0,"gold_loss":0.0,"damage_taken":0.0},{"damage_healed":0.0,"max_hp_gain":0.0,"max_hp_loss":0.0,"gold_gain":0.0,"event_name":"Colosseum","player_choice":"Fight","floor":27.0,"gold_loss":0.0,"damage_taken":0.0},{"damage_healed":0.0,"max_hp_gain":0.0,"max_hp_loss":0.0,"gold_gain":0.0,"event_name":"Colosseum","player_choice":"Fought Nobs","floor":27.0,"gold_loss":0.0,"damage_taken":0.0},{"cards_removed":["Defend_R"],"damage_healed":0.0,"max_hp_gain":0.0,"max_hp_loss":0.0,"gold_gain":0.0,"event_name":"Beggar","player_choice":"Gave Gold","floor":28.0,"gold_loss":75.0,"damage_taken":0.0}],"is_beta":false,"boss_relics":[{"not_picked":["SlaversCollar","Astrolabe"],"picked":"Velvet Choker"}],"items_purged_floors":[8,22,30],"is_endless":false,"potions_floor_spawned":[3,7,10,12,13,18,20,27,29,31],"killed_by":"Automaton","ascension_level":13}}