{"host":"zjl1m4cq3u51frzq","time":1612943494,"event":{"mods":["AchievementEnabler","BaseMod","Better Third Choice","BetterRewards","Colored Map","Colored Powertips","Defuse TimeMaze Blight","Downfall","Energized Spire","Highlight Path","Hubris","Marisa????????","Minty Spire (QoL Compilation)","Permanent Neow","Prisma Mod","Quick Restart","Relic Sorter","Relic Stats","Shop Mod","StSLib","The Animator","The Blue Laboratory"],"gold_per_floor":[113,113,128,139,45,91,91,51,130,146,180,180,210,234,234,364,364,385,385,23,23,41,67,67,100,123,153,21,21,42,60,60,172,172,182,198,214,214,214,247,247,280,305,305,330,360,360,398,398,403,403,403,151,177,189,189],"floor_reached":55,"language":"ENG","playtime":4721,"items_purged":["animator:Defend","animator:Strike_Fate","animator:Strike_Kancolle"],"score":1204,"play_id":"d2b00289-80d0-4c64-933d-9acfa316aeec","local_time":"20210210155134","is_ascension_mode":true,"campfire_choices":[{"floor":7,"key":"REST"},{"data":"animator:YunYun","floor":12,"key":"SMITH"},{"floor":15,"key":"RECALL"},{"data":"animator:Verdia","floor":24,"key":"SMITH"},{"data":"animator:Hans","floor":29,"key":"SMITH"},{"data":"animator:Megumin+8","floor":32,"key":"SMITH"},{"data":"animator:Megumin+16","floor":41,"key":"SMITH"},{"data":"animator:Aqua","floor":44,"key":"SMITH"},{"floor":49,"key":"REST"},{"data":"animator:Kazuma","floor":52,"key":"SMITH"}],"circlet_count":0,"master_deck":["animator:Strike_Konosuba+1","animator:Defend_Konosuba","animator:Kazuma+1","animator:Kazuma","animator:Strike_FullmetalAlchemist","animator:Defend_AccelWorld","animator:Defend_FullmetalAlchemist","hubris:DuctTapeCard+2","animator:YunYun+1","animator:Vanir+1","animator:Verdia+1","animator:Megumin+51","animator:YunYun+1","animator:Mitsurugi+1","animator:HigakiRinne+1","animator:Aqua+1","animator:IzunaHatsuse+1","animator:Chris+1"],"relics":["animator:LivingPicture","animator:TheMissingPiece","animator:PurgingStone","Membership Card","Calipers","Oddly Smooth Stone","animator:AlchemistGlove","Molten Egg 2","Enchiridion","hubris:GlazedTorus","Gremlin Horn","MerchantsRug","CloakClasp","Eternal Feather","Letter Opener","Ancient Tea Set","Bag of Preparation","Toolbox","energizedSpire:DeadBattery","hubris:MysteriousPyramids","hubris:ToyBattleship","Whetstone","Vajra","Nunchaku","Centennial Puzzle","DollysMirror","Happy Flower"],"acts_visited":["TheCity","TheBeyond","TheEnding"],"potions_floor_usage":[23,55,55,55],"damage_taken":[{"damage":0,"enemies":"2 Louse","floor":1,"turns":3},{"damage":4,"enemies":"Jaw Worm","floor":3,"turns":5},{"damage":0,"enemies":"Cultist","floor":4,"turns":4},{"damage":33,"enemies":"3 Sentries","floor":6,"turns":10},{"damage":8,"enemies":"Large Slime","floor":10,"turns":5},{"damage":3,"enemies":"Gremlin Nob","floor":11,"turns":3},{"damage":5,"enemies":"3 Louse","floor":13,"turns":2},{"damage":0,"enemies":"Exordium Thugs","floor":14,"turns":3},{"damage":40,"enemies":"Hexaghost","floor":16,"turns":11},{"damage":8,"enemies":"Shell Parasite","floor":18,"turns":3},{"damage":6,"enemies":"2 Thieves","floor":22,"turns":3},{"damage":16,"enemies":"Gremlin Leader","floor":23,"turns":4},{"damage":4,"enemies":"Book of Stabbing","floor":25,"turns":5},{"damage":0,"enemies":"Gremlin Leader","floor":27,"turns":4},{"damage":0,"enemies":"Centurion and Healer","floor":30,"turns":3},{"damage":0,"enemies":"Chosen and Byrds","floor":31,"turns":4},{"damage":35,"enemies":"Champ","floor":33,"turns":10},{"damage":0,"enemies":"3 Darklings","floor":35,"turns":1},{"damage":6,"enemies":"Orb Walker","floor":36,"turns":2},{"damage":0,"enemies":"Sphere and 2 Shapes","floor":37,"turns":2},{"damage":13,"enemies":"Nemesis","floor":40,"turns":5},{"damage":10,"enemies":"Reptomancer","floor":42,"turns":4},{"damage":9,"enemies":"Maw","floor":45,"turns":4},{"damage":48,"enemies":"Nemesis","floor":46,"turns":6},{"damage":0,"enemies":"Reptomancer","floor":48,"turns":2},{"damage":16,"enemies":"Awakened One","floor":50,"turns":7},{"damage":0,"enemies":"Shield and Spear","floor":54,"turns":1},{"damage":120,"enemies":"The Heart","floor":55,"turns":5}],"seed_played":"-5235414135489228981","potions_obtained":[{"floor":1,"key":"blueLaboratory:ForbiddenFruitJuice"},{"floor":13,"key":"blueLaboratory:Moonshine"},{"floor":16,"key":"SteroidPotion"},{"floor":27,"key":"blueLaboratory:NullPotion"}],"is_trial":false,"path_per_floor":["M","?","M","M","?","E","R","$","T","M","E","R","M","M","R","B",null,"M","?","$","?","M","E","R","E","T","E","$","R","M","M","R","B",null,"M","M","M","?","?","E","R","E","T","R","M","E","?","E","R","B",null,"R","$","E","B"],"character_chosen":"THE_ANIMATOR","items_purchased":["Membership Card","animator:Kazuma","Oddly Smooth Stone","animator:YunYun","hubris:GlazedTorus","Gremlin Horn","MerchantsRug","blueLaboratory:HeartbeatPotion","Ancient Tea Set","Bag of Preparation","Toolbox","LiquidMemories","animator:Chris+1","Centennial Puzzle","DollysMirror"],"campfire_rested":2,"item_purchase_floors":[0,0,0,8,20,20,20,20,28,28,28,28,53,53,53],"current_hp_per_floor":[54,54,53,56,56,26,45,45,45,41,51,51,49,53,53,16,63,58,42,42,68,65,52,52,53,53,56,56,65,68,71,80,45,71,74,71,74,74,74,64,73,66,66,75,71,29,29,35,66,56,71,76,76,76,0,0],"gold":189,"neow_bonus":"","is_daily":false,"chose_seed":false,"campfire_upgraded":7,"win_rate":0.0,"timestamp":1612943494,"path_taken":["M","?","M","M","?","E","R","?","T","M","E","R","M","M","R","BOSS","M","?","$","?","M","E","R","E","T","E","$","R","M","M","R","BOSS","M","M","M","?","?","E","R","E","T","R","M","E","?","E","R","BOSS","R","$","E","BOSS"],"items_purchased_type":["Relic","Card","Relic","Card","Relic","Relic","Relic","Potion","Relic","Relic","Relic","Potion","Card","Relic","Relic"],"build_version":"2020-12-22","purchased_purges":3,"victory":false,"max_hp_per_floor":[66,66,66,66,66,66,66,66,66,67,77,77,77,78,78,78,78,78,78,78,78,78,78,78,80,80,80,80,80,80,80,80,80,80,80,80,80,80,80,80,80,80,80,80,80,80,76,76,76,76,76,76,76,76,66,66],"relic_stats":{"Nunchaku":[4],"Centennial Puzzle":[1],"Gremlin Horn":[24,25],"Happy Flower":[1],"counters":[28,121],"Eternal Feather":50,"CloakClasp":[171],"Bag of Preparation":[28],"Letter Opener":[68],"Whetstone":["hubris:DuctTapeCard","animator:Strike_Konosuba"],"obtain_stats":[{"Calipers":0,"Gremlin Horn":20,"animator:TheMissingPiece":0,"Enchiridion":19,"Vajra":46,"CloakClasp":23,"Bag of Preparation":28,"Whetstone":43,"hubris:MysteriousPyramids":40,"Ancient Tea Set":28,"Nunchaku":48,"Centennial Puzzle":53,"animator:PurgingStone":0,"DollysMirror":53,"Toolbox":28,"hubris:GlazedTorus":20,"MerchantsRug":20,"Pear":11,"hubris:DuctTape":6,"Happy Flower":54,"Oddly Smooth Stone":0,"Velvet Choker":17,"Eternal Feather":25,"Letter Opener":27,"energizedSpire:DeadBattery":34,"Molten Egg 2":9,"animator:LivingPicture":0,"hubris:ToyBattleship":42,"Membership Card":0,"animator:AlchemistGlove":0},{"Calipers":0,"Gremlin Horn":10,"animator:TheMissingPiece":0,"Enchiridion":10,"Vajra":24,"CloakClasp":12,"Bag of Preparation":14,"Whetstone":22,"hubris:MysteriousPyramids":21,"Ancient Tea Set":14,"Nunchaku":25,"Centennial Puzzle":26,"animator:PurgingStone":0,"DollysMirror":26,"Toolbox":14,"hubris:GlazedTorus":10,"MerchantsRug":10,"Pear":6,"hubris:DuctTape":4,"Happy Flower":27,"Oddly Smooth Stone":0,"Velvet Choker":9,"Eternal Feather":13,"Letter Opener":14,"energizedSpire:DeadBattery":17,"Molten Egg 2":4,"animator:LivingPicture":0,"hubris:ToyBattleship":22,"Membership Card":0,"animator:AlchemistGlove":0},{"Calipers":0,"Gremlin Horn":49,"animator:TheMissingPiece":0,"Enchiridion":49,"Vajra":106,"CloakClasp":56,"Bag of Preparation":65,"Whetstone":96,"hubris:MysteriousPyramids":92,"Ancient Tea Set":65,"Nunchaku":108,"Centennial Puzzle":115,"animator:PurgingStone":0,"DollysMirror":115,"Toolbox":65,"hubris:GlazedTorus":49,"MerchantsRug":49,"Pear":30,"hubris:DuctTape":22,"Happy Flower":116,"Oddly Smooth Stone":0,"Velvet Choker":46,"Eternal Feather":61,"Letter Opener":65,"energizedSpire:DeadBattery":82,"Molten Egg 2":22,"animator:LivingPicture":0,"hubris:ToyBattleship":96,"Membership Card":0,"animator:AlchemistGlove":0}]},"card_choices":[{"not_picked":["animator:Gillette","animator:Nanami","animator:ChaikaBohdan"],"picked":"SKIP","floor":1},{"not_picked":["animator:Cocytus","animator:Shigure","animator:Mikaela"],"picked":"SKIP","floor":3},{"not_picked":["animator:Assassin","animator:Illya","animator:NarberalGamma"],"picked":"SKIP","floor":4},{"not_picked":["animator:Verdia","animator:Kazuma"],"picked":"animator:Mitsurugi","floor":6},{"not_picked":["animator:OrikoMikuni","animator:ZankiKiguchi+1"],"picked":"animator:Vanir+1","floor":10},{"not_picked":["animator:Hakurou+1","animator:Shigure+1","animator:YachiyoNanami"],"picked":"SKIP","floor":11},{"not_picked":["animator:OrikoMikuni","animator:Cocytus+1"],"picked":"animator:Verdia","floor":13},{"not_picked":["animator:Vanir+1","animator:Verdia"],"picked":"animator:Megumin+1","floor":14},{"not_picked":["animator:HomuraAkemi","animator:Eris"],"picked":"animator:Hans","floor":16},{"not_picked":["animator:SuzuneAmano+1","animator:OrikoMikuni"],"picked":"animator:YunYun+1","floor":18},{"not_picked":["animator:Benimaru+1","animator:Togame+1","animator:Verdia"],"picked":"SKIP","floor":22},{"not_picked":["animator:Verdia","animator:Yoichi","animator:Azekura"],"picked":"SKIP","floor":23},{"not_picked":["animator:Vanir+1","animator:Verdia"],"picked":"animator:Mitsurugi+1","floor":25},{"not_picked":["animator:Demiurge","animator:Rider","animator:OrikoMikuni"],"picked":"SKIP","floor":27},{"not_picked":["animator:OrikoMikuni","animator:Guy","animator:IrohaTamaki+1"],"picked":"SKIP","floor":30},{"not_picked":["animator:ZankiKiguchi+1","animator:Shuna","animator:CrowleyEusford+1"],"picked":"SKIP","floor":31},{"not_picked":["animator:Sora","animator:HomuraAkemi"],"picked":"animator:HigakiRinne","floor":33},{"not_picked":["animator:Shinoa","animator:Layla+1","animator:ChlammyZell"],"picked":"SKIP","floor":36},{"not_picked":["animator:Guy","animator:TsurugaMeisai","animator:YachiyoNanami"],"picked":"SKIP","floor":37},{"not_picked":["animator:EmiyaShirou","animator:Assassin+1"],"picked":"animator:Megumin+1","floor":40},{"not_picked":["animator:Verdia","animator:Mitsurugi+1"],"picked":"animator:Aqua","floor":42},{"not_picked":["animator:Gillette+1","animator:IzunaHatsuse+1","animator:IrohaTamaki+1"],"picked":"SKIP","floor":45},{"not_picked":["animator:Shuna","animator:IzunaHatsuse"],"picked":"animator:Megumin+1","floor":46},{"not_picked":["animator:Caster","animator:Shinoa"],"picked":"animator:IzunaHatsuse+1","floor":48}],"player_experience":349841,"relics_obtained":[{"floor":6,"key":"hubris:DuctTape"},{"floor":9,"key":"Molten Egg 2"},{"floor":11,"key":"Pear"},{"floor":19,"key":"Enchiridion"},{"floor":23,"key":"CloakClasp"},{"floor":25,"key":"Eternal Feather"},{"floor":27,"key":"Letter Opener"},{"floor":40,"key":"hubris:MysteriousPyramids"},{"floor":42,"key":"hubris:ToyBattleship"},{"floor":43,"key":"Whetstone"},{"floor":46,"key":"Vajra"},{"floor":48,"key":"Nunchaku"},{"floor":54,"key":"Happy Flower"}],"event_choices":[{"damage_healed":0,"gold_gain":0,"player_choice":"Grow","damage_taken":0,"max_hp_gain":0,"max_hp_loss":0,"event_name":"Living Wall","floor":2,"gold_loss":0,"cards_upgraded":["animator:Aqua"]},{"damage_healed":0,"gold_gain":0,"player_choice":"Obtained Book","damage_taken":16,"max_hp_gain":0,"max_hp_loss":0,"event_name":"Cursed Tome","floor":19,"gold_loss":0},{"damage_healed":26,"gold_gain":0,"player_choice":"Heal","damage_taken":0,"max_hp_gain":0,"max_hp_loss":0,"event_name":"The Library","floor":21,"gold_loss":0},{"cards_removed":["animator:Hans"],"damage_healed":0,"gold_gain":0,"player_choice":"Removed Power","damage_taken":0,"max_hp_gain":0,"max_hp_loss":0,"event_name":"Falling","floor":39,"gold_loss":0},{"damage_healed":0,"gold_gain":0,"player_choice":"Max HP","damage_taken":0,"max_hp_gain":0,"max_hp_loss":4,"event_name":"Winding Halls","floor":47,"gold_loss":0}],"is_beta":false,"boss_relics":[{"not_picked":["Astrolabe","hubris:GrandSneckoEye"],"picked":"Velvet Choker"},{"not_picked":["hubris:RunicObelisk","hubris:HollowSoul"],"picked":"energizedSpire:DeadBattery"}],"items_purged_floors":[0,20,53],"is_endless":false,"potions_floor_spawned":[1,13,16,27,31,36,40,45],"killed_by":"The Heart","ascension_level":5}}