{"host":"mytek2nu1hrzdnew","time":1612917654,"event":{"mods":["AchievementEnabler","Aspiration","BaseMod","Bossed Relics","Conspire","GifTheSpireLib","Gold Saver","Hubris","Infinite Spire","Minty Spire (QoL Compilation)","Replay The Spire","StSLib","Stuff the Spire","Uncapped"],"gold_per_floor":[115,40,40,55,66,91,108,108,108],"floor_reached":8,"language":"ENG","playtime":310,"items_purged":["Strike_G"],"score":73,"play_id":"046d612f-e034-410f-ad1d-ac899ea20cf3","local_time":"20210209194054","is_ascension_mode":true,"campfire_choices":[],"circlet_count":0,"master_deck":["Strike_G","Strike_G","Strike_G","Strike_G","Defend_G","Defend_G","Defend_G","Defend_G","Survivor","Neutralize","StuffTheSpire:BumpUp","Cloak And Dagger","Riddle With Holes","Underhanded Strike","Riddle With Holes"],"relics":["Ring of the Snake","StuffTheSpire:Nightcore"],"acts_visited":["Exordium"],"potions_floor_usage":[],"damage_taken":[{"damage":1,"enemies":"conspire:RoseBush","floor":1,"turns":4},{"damage":2,"enemies":"Cultist","floor":4,"turns":4},{"damage":0,"enemies":"2 Louse","floor":5,"turns":3},{"damage":50,"enemies":"Gremlin Nob","floor":6,"turns":5},{"damage":4,"enemies":"Exordium Wildlife","floor":7,"turns":3},{"damage":30,"enemies":"Lagavulin","floor":8,"turns":3}],"seed_played":"5093145667255509838","potions_obtained":[{"floor":7,"key":"Elixir"}],"is_trial":false,"path_per_floor":["M","$","?","M","M","E","M","E"],"character_chosen":"THE_SILENT","items_purchased":[],"campfire_rested":0,"item_purchase_floors":[],"current_hp_per_floor":[76,76,76,74,74,24,20,0,0],"gold":108,"neow_bonus":"TEN_PERCENT_HP_BONUS","is_daily":false,"chose_seed":false,"campfire_upgraded":0,"win_rate":0.0,"timestamp":1612917654,"path_taken":["M","$","?","M","M","E","M","E"],"items_purchased_type":[],"build_version":"2020-12-22","purchased_purges":1,"victory":false,"max_hp_per_floor":[77,77,77,77,77,77,77,77,77],"card_choices":[{"not_picked":["Prepared","Calculated Gamble"],"picked":"StuffTheSpire:BumpUp","floor":1},{"not_picked":["Flying Knee","Poisoned Stab"],"picked":"Cloak And Dagger","floor":4},{"not_picked":["StuffTheSpire:ReptileScales","Slice"],"picked":"Riddle With Holes","floor":5},{"not_picked":["StuffTheSpire:ReptileScales","Eviscerate"],"picked":"Underhanded Strike","floor":6},{"not_picked":["ReplayTheSpireMod:Exploit Weakness","hubris:Sniper"],"picked":"Riddle With Holes","floor":7}],"player_experience":1060305,"relics_obtained":[{"floor":6,"key":"StuffTheSpire:Nightcore"}],"event_choices":[{"cards_removed":["Defend_G"],"damage_healed":0,"gold_gain":0,"player_choice":"Forget","damage_taken":0,"max_hp_gain":0,"max_hp_loss":0,"event_name":"Living Wall","floor":3,"gold_loss":0}],"is_beta":false,"boss_relics":[],"items_purged_floors":[2],"is_endless":true,"potions_floor_spawned":[7],"killed_by":"Lagavulin","ascension_level":5}}