{"host":"130ffvgv8p5oaa45","time":1612996662,"event":{"mods":["BaseMod","Bestiary","Block Reminder","Colored Powertips","Minty Spire (QoL Compilation)","Relic Stats","Slay-I","Weighted Paths"],"gold_per_floor":[118,15,33,52,70,70,70,70,70,90,116,66,66,83,83,183,183,194,211,230,247,261,261,287,487,511,511,527,547,24,41,41,139,139,154,164,164,179,229,260,260,260,260,286,286,312,12,0,0,0,0,0,0,35,35,35],"floor_reached":55,"language":"DEU","playtime":8225,"items_purged":[],"score":943,"play_id":"eb4d1ec9-1ee4-4007-a8cf-79b0ee2ee5d8","local_time":"20210210233742","is_ascension_mode":true,"campfire_choices":[{"data":"Armaments","floor":6,"key":"SMITH"},{"data":"Bash","floor":8,"key":"SMITH"},{"data":"Wild Strike","floor":13,"key":"SMITH"},{"data":"Spot Weakness","floor":15,"key":"SMITH"},{"data":"True Grit","floor":23,"key":"SMITH"},{"floor":27,"key":"REST"},{"floor":32,"key":"REST"},{"floor":42,"key":"REST"},{"floor":45,"key":"REST"},{"floor":49,"key":"RECALL"},{"floor":52,"key":"REST"}],"circlet_count":0,"master_deck":["Strike_R","Defend_R+1","Defend_R","Defend_R+1","Defend_R","Cleave","Wild Strike+1","Iron Wave","Clothesline","Armaments+1","Spot Weakness+1","Offering","Exhume+1","Headbutt+1","Inflame+1","Clash","Shrug It Off","True Grit+1","Flex","Cleave","Clothesline+1","Wild Strike","Apotheosis","Corruption","Havoc+1","Feel No Pain","Reaper","Violence","Trip","Trip","Shrug It Off","Sentinel","Feel No Pain"],"relics":["Burning Blood","Centennial Puzzle","Singing Bowl","Toy Ornithopter","InkBottle","Astrolabe","Bag of Preparation","MealTicket","Sling","Fusion Hammer","TungstenRod","War Paint","Sundial","Letter Opener","Self Forming Clay","Red Mask","Anchor"],"acts_visited":["Exordium","TheCity","TheBeyond","TheEnding"],"potions_floor_usage":[11,11,21,21,24,33,33,33,44,55],"damage_taken":[{"damage":8,"enemies":"Small Slimes","floor":1,"turns":3},{"damage":4,"enemies":"Jaw Worm","floor":3,"turns":3},{"damage":0,"enemies":"Cultist","floor":4,"turns":2},{"damage":6,"enemies":"3 Louse","floor":5,"turns":3},{"damage":0,"enemies":"Large Slime","floor":10,"turns":4},{"damage":1,"enemies":"Gremlin Nob","floor":11,"turns":3},{"damage":2,"enemies":"2 Fungi Beasts","floor":14,"turns":3},{"damage":23,"enemies":"Slime Boss","floor":16,"turns":8},{"damage":12,"enemies":"Shell Parasite","floor":18,"turns":5},{"damage":11,"enemies":"Chosen","floor":19,"turns":5},{"damage":6,"enemies":"Centurion and Healer","floor":20,"turns":6},{"damage":6,"enemies":"Snake Plant","floor":21,"turns":2},{"damage":25,"enemies":"Sentry and Sphere","floor":22,"turns":5},{"damage":52,"enemies":"Book of Stabbing","floor":24,"turns":7},{"damage":13,"enemies":"Centurion and Healer","floor":28,"turns":5},{"damage":11,"enemies":"Snake Plant","floor":29,"turns":4},{"damage":40,"enemies":"Sentry and Sphere","floor":31,"turns":6},{"damage":51,"enemies":"Champ","floor":33,"turns":14},{"damage":10,"enemies":"Orb Walker","floor":35,"turns":4},{"damage":14,"enemies":"3 Shapes","floor":36,"turns":4},{"damage":28,"enemies":"Spire Growth","floor":38,"turns":6},{"damage":0,"enemies":"Mind Bloom Boss Battle","floor":39,"turns":7},{"damage":13,"enemies":"Reptomancer","floor":40,"turns":6},{"damage":32,"enemies":"Nemesis","floor":44,"turns":5},{"damage":12,"enemies":"Reptomancer","floor":46,"turns":4},{"damage":97,"enemies":"Time Eater","floor":50,"turns":13},{"damage":10,"enemies":"Shield and Spear","floor":54,"turns":4},{"damage":100,"enemies":"The Heart","floor":55,"turns":8}],"seed_played":"-7464408291962573331","potions_obtained":[{"floor":3,"key":"Fire Potion"},{"floor":14,"key":"Explosive Potion"},{"floor":19,"key":"ElixirPotion"},{"floor":21,"key":"Dexterity Potion"},{"floor":24,"key":"Dexterity Potion"},{"floor":31,"key":"Weak Potion"},{"floor":38,"key":"SpeedPotion"},{"floor":40,"key":"DistilledChaos"},{"floor":44,"key":"Energy Potion"},{"floor":46,"key":"Explosive Potion"}],"is_trial":false,"path_per_floor":["M","$","M","M","M","R","?","R","T","M","E","?","R","M","R","B",null,"M","M","M","M","M","R","E","?","T","R","M","M","$","M","R","B",null,"M","M","?","M","?","E","?","R","T","E","R","E","$","?","R","B",null,"R","$","E","B"],"character_chosen":"IRONCLAD","items_purchased":["Wild Strike","AttackPotion","CultistPotion","HeartOfIron","Apotheosis","Sling","Feel No Pain","Self Forming Clay"],"campfire_rested":5,"item_purchase_floors":[2,2,30,30,30,30,47,47],"current_hp_per_floor":[78,78,80,80,80,80,73,73,73,81,82,82,82,84,84,67,80,74,71,71,81,62,62,21,21,21,46,39,34,49,17,43,13,69,65,57,57,35,80,90,81,92,92,71,92,86,92,92,92,25,75,92,92,94,0,0],"gold":35,"neow_bonus":"RANDOM_COMMON_RELIC","is_daily":false,"chose_seed":false,"campfire_upgraded":5,"win_rate":0.0,"timestamp":1612996662,"path_taken":["M","$","M","M","M","R","?","R","T","M","E","?","R","M","R","BOSS","M","M","M","M","M","R","E","?","T","R","?","M","$","M","R","BOSS","M","M","?","M","?","E","?","R","T","E","R","E","$","?","R","BOSS","R","$","E","BOSS"],"items_purchased_type":["Card","Potion","Potion","Potion","Card","Relic","Card","Relic"],"build_version":"2020-12-22","purchased_purges":0,"victory":false,"max_hp_per_floor":[80,80,80,80,80,80,80,80,80,82,82,82,82,84,84,84,84,84,86,86,86,86,86,86,86,86,86,86,86,86,88,88,88,88,88,88,88,88,90,92,92,92,92,92,92,92,92,92,92,92,92,92,92,94,94,94],"relic_stats":{"Singing Bowl":14,"counters":[28,149],"Self Forming Clay":[93],"Astrolabe":["Exhume","Headbutt","Inflame"],"Bag of Preparation":[28],"Letter Opener":[60],"War Paint":["Defend_R","Defend_R"],"Burning Blood":145,"Centennial Puzzle":[75],"Sundial":[2],"MealTicket":21,"obtain_stats":[{"Singing Bowl":7,"Self Forming Clay":47,"Astrolabe":17,"Bag of Preparation":24,"Letter Opener":46,"War Paint":40,"Sling":30,"Burning Blood":0,"Centennial Puzzle":0,"Anchor":54,"Sundial":44,"MealTicket":26,"Fusion Hammer":34,"Red Mask":48,"Toy Ornithopter":9,"InkBottle":11,"TungstenRod":39},{"Singing Bowl":4,"Self Forming Clay":25,"Astrolabe":8,"Bag of Preparation":14,"Letter Opener":25,"War Paint":23,"Sling":16,"Burning Blood":0,"Centennial Puzzle":0,"Anchor":27,"Sundial":24,"MealTicket":14,"Fusion Hammer":18,"Red Mask":25,"Toy Ornithopter":4,"InkBottle":6,"TungstenRod":22},{"Singing Bowl":11,"Self Forming Clay":124,"Astrolabe":29,"Bag of Preparation":59,"Letter Opener":124,"War Paint":115,"Sling":68,"Burning Blood":0,"Centennial Puzzle":0,"Anchor":141,"Sundial":120,"MealTicket":59,"Fusion Hammer":88,"Red Mask":124,"Toy Ornithopter":11,"InkBottle":18,"TungstenRod":109}],"Toy Ornithopter":42,"InkBottle":[48],"TungstenRod":55},"card_choices":[{"not_picked":["Twin Strike","Pommel Strike"],"picked":"Cleave","floor":1},{"not_picked":["Twin Strike","Dropkick"],"picked":"Iron Wave","floor":3},{"not_picked":["Rupture","Iron Wave"],"picked":"Clothesline","floor":4},{"not_picked":["Spot Weakness","Clothesline"],"picked":"Armaments","floor":5},{"not_picked":["Ghostly Armor","Headbutt","Burning Pact"],"picked":"Singing Bowl","floor":10},{"not_picked":["Headbutt","Carnage"],"picked":"Spot Weakness","floor":11},{"not_picked":["Rampage","Whirlwind","Bloodletting"],"picked":"Singing Bowl","floor":14},{"not_picked":["Barricade","Reaper"],"picked":"Offering","floor":16},{"not_picked":["Perfected Strike","True Grit"],"picked":"Clash","floor":18},{"not_picked":["Whirlwind","Twin Strike","Thunderclap"],"picked":"Singing Bowl","floor":19},{"not_picked":["Cleave","Bloodletting"],"picked":"Shrug It Off","floor":20},{"not_picked":["Clash","Shrug It Off"],"picked":"True Grit","floor":21},{"not_picked":["Sword Boomerang","Twin Strike"],"picked":"Flex","floor":22},{"not_picked":["Exhume","Reckless Charge"],"picked":"Cleave","floor":24},{"not_picked":["Carnage","Searing Blow"],"picked":"Clothesline+1","floor":28},{"not_picked":["Iron Wave+1","Dual Wield"],"picked":"Wild Strike","floor":29},{"not_picked":["Pommel Strike","Anger","Twin Strike"],"picked":"Singing Bowl","floor":31},{"not_picked":["Exhume","Immolate"],"picked":"Corruption","floor":33},{"not_picked":["Warcry+1","Rampage+1"],"picked":"Havoc+1","floor":35},{"not_picked":["Twin Strike","Cleave+1"],"picked":"Feel No Pain","floor":36},{"not_picked":["Headbutt","Pommel Strike+1"],"picked":"Reaper","floor":38},{"not_picked":["Burning Pact","Anger+1","Iron Wave+1"],"picked":"Singing Bowl","floor":39},{"not_picked":["Seeing Red","Heavy Blade","Fire Breathing+1"],"picked":"Singing Bowl","floor":40},{"not_picked":["Discovery","Deep Breath"],"picked":"Violence","floor":41},{"not_picked":["HandOfGreed","Swift Strike"],"picked":"Trip","floor":41},{"not_picked":["Panacea","Discovery"],"picked":"Trip","floor":41},{"not_picked":["Perfected Strike","Clothesline"],"picked":"Shrug It Off","floor":44},{"not_picked":["Carnage+1","Armaments+1"],"picked":"Sentinel","floor":46},{"not_picked":["Bloodletting+1","Thunderclap+1","Rupture"],"picked":"Singing Bowl","floor":54}],"player_experience":265368,"relics_obtained":[{"floor":9,"key":"Toy Ornithopter"},{"floor":11,"key":"InkBottle"},{"floor":24,"key":"Bag of Preparation"},{"floor":26,"key":"MealTicket"},{"floor":39,"key":"TungstenRod"},{"floor":40,"key":"War Paint"},{"floor":44,"key":"Sundial"},{"floor":46,"key":"Letter Opener"},{"floor":54,"key":"Anchor"}],"event_choices":[{"damage_healed":0,"gold_gain":0,"player_choice":"Success","damage_taken":7,"relics_obtained":["Singing Bowl"],"max_hp_gain":0,"max_hp_loss":0,"event_name":"Scrap Ooze","floor":7,"gold_loss":0},{"cards_removed":["Bash"],"damage_healed":0,"gold_gain":0,"player_choice":"Card Removal","damage_taken":0,"max_hp_gain":0,"max_hp_loss":0,"event_name":"The Cleric","floor":12,"gold_loss":50},{"damage_healed":0,"gold_gain":200,"player_choice":"Gold","damage_taken":0,"max_hp_gain":0,"max_hp_loss":0,"event_name":"Wheel of Change","floor":25,"gold_loss":0},{"cards_removed":["Strike_R"],"damage_healed":0,"gold_gain":0,"player_choice":"Removed Attack","damage_taken":0,"max_hp_gain":0,"max_hp_loss":0,"event_name":"Falling","floor":37,"gold_loss":0},{"damage_healed":0,"gold_gain":0,"player_choice":"Fight","damage_taken":0,"max_hp_gain":0,"max_hp_loss":0,"event_name":"MindBloom","floor":39,"gold_loss":0},{"damage_healed":0,"gold_gain":0,"player_choice":"Memory 3","damage_taken":10,"max_hp_gain":0,"max_hp_loss":0,"event_name":"SensoryStone","floor":41,"gold_loss":0},{"damage_healed":0,"gold_gain":0,"player_choice":"Paid","damage_taken":0,"relics_obtained":["Red Mask"],"max_hp_gain":0,"max_hp_loss":0,"event_name":"Tomb of Lord Red Mask","floor":48,"gold_loss":12}],"is_beta":false,"boss_relics":[{"not_picked":["SlaversCollar","Cursed Key"],"picked":"Astrolabe"},{"not_picked":["Coffee Dripper","Mark of Pain"],"picked":"Fusion Hammer"}],"items_purged_floors":[],"is_endless":false,"potions_floor_spawned":[3,14,19,21,24,31,38,40,44,46],"killed_by":"The Heart","ascension_level":5}}