{"host":"2htowdb5wria0zm7","time":1612972055,"event":{"mods":["BaseMod","Better Third Choice","BetterRewards","Googly Eyes","Hyrulean Relics","Minty Spire (QoL Compilation)","StSLib"],"gold_per_floor":[117,130,148,161,161,191,35,35,60,60,77,77,104,18,18,117,117,129,54,54,28,42,42,55,55,135,163,182,182,197,209,209,313,313,327,343,360,360,371,398,398,427,452,452,78,102,149,167,167,167,167],"floor_reached":50,"language":"ENG","playtime":5141,"items_purged":["Strike_B"],"score":732,"play_id":"7d94fdb0-dcc3-4def-9e67-377e1f63344c","local_time":"20210210104735","is_ascension_mode":false,"campfire_choices":[{"data":"Rainbow","floor":10.0,"key":"SMITH"},{"data":"Defragment","floor":12.0,"key":"SMITH"},{"floor":15.0,"key":"REST"},{"floor":23,"key":"REST"},{"data":"Barrage","floor":29,"key":"SMITH"},{"data":"Biased Cognition","floor":32,"key":"SMITH"},{"data":"Zap","floor":41,"key":"SMITH"},{"floor":49,"key":"REST"}],"circlet_count":0,"master_deck":["Defend_B","Defend_B","Defend_B","Zap+1","Dualcast","Rebound","Turbo","Sunder+1","BootSequence","Defragment+1","Steam","Rainbow+1","Conserve Battery","Doom and Gloom","Ball Lightning","Biased Cognition+1","Barrage+1","Redo","Ball Lightning","Conserve Battery","Genetic Algorithm+1","Ball Lightning","Aggregate+1","Barrage+1","Echo Form","Conserve Battery+1","Leap+1","Trip+1","Darkness+1","Ball Lightning+1","Rainbow+1","Ball Lightning+1"],"relics":["Cracked Core","Runic Capacitor","Vajra","Bag of Marbles","Anchor","Omamori","Empty Cage","Darkstone Periapt","Eternal Feather","Toxic Egg 2","Calling Bell","Tiny Chest","HornCleat","Pocketwatch","Prayer Wheel","Shovel","MealTicket","Ancient Tea Set","Toy Ornithopter","Sling","Juzu Bracelet","Dead Branch"],"acts_visited":["Exordium","TheCity","TheBeyond"],"potions_floor_usage":[33,33,33,50,50,50],"damage_taken":[{"damage":1.0,"enemies":"Cultist","floor":1.0,"turns":3.0},{"damage":0.0,"enemies":"2 Louse","floor":2.0,"turns":2.0},{"damage":0.0,"enemies":"Jaw Worm","floor":3.0,"turns":2.0},{"damage":0.0,"enemies":"Looter","floor":4.0,"turns":2.0},{"damage":23.0,"enemies":"Lagavulin","floor":6.0,"turns":6.0},{"damage":0.0,"enemies":"Exordium Thugs","floor":11.0,"turns":2.0},{"damage":27.0,"enemies":"Gremlin Nob","floor":13.0,"turns":4.0},{"damage":11.0,"enemies":"Slime Boss","floor":16.0,"turns":9.0},{"damage":11.0,"enemies":"2 Thieves","floor":18.0,"turns":4.0},{"damage":25.0,"enemies":"3 Byrds","floor":22.0,"turns":5.0},{"damage":1,"enemies":"Cultist and Chosen","floor":24,"turns":4},{"damage":0,"enemies":"Gremlin Leader","floor":27,"turns":6},{"damage":10,"enemies":"Sentry and Sphere","floor":28,"turns":3},{"damage":6,"enemies":"3 Cultists","floor":30,"turns":4},{"damage":0,"enemies":"Cultist and Chosen","floor":31,"turns":4},{"damage":55,"enemies":"Collector","floor":33,"turns":6},{"damage":0,"enemies":"3 Darklings","floor":35,"turns":5},{"damage":0,"enemies":"Orb Walker","floor":36,"turns":3},{"damage":2,"enemies":"Sphere and 2 Shapes","floor":37,"turns":4},{"damage":11,"enemies":"4 Shapes","floor":39,"turns":5},{"damage":3,"enemies":"Nemesis","floor":40,"turns":5},{"damage":30,"enemies":"Reptomancer","floor":42,"turns":6},{"damage":19,"enemies":"2 Orb Walkers","floor":47,"turns":4},{"damage":27,"enemies":"Maw","floor":48,"turns":6},{"damage":88,"enemies":"Time Eater","floor":50,"turns":8}],"seed_played":"7760158996700737640","potions_obtained":[{"floor":1.0,"key":"PotionOfCapacity"},{"floor":2.0,"key":"Dexterity Potion"},{"floor":11.0,"key":"FocusPotion"},{"floor":18.0,"key":"Ancient Potion"},{"floor":22.0,"key":"DistilledChaos"},{"floor":35,"key":"BlessingOfTheForge"},{"floor":37,"key":"SteroidPotion"},{"floor":42,"key":"Swift Potion"},{"floor":48,"key":"LiquidMemories"}],"is_trial":false,"path_per_floor":["M","M","M","M","?","E","$","?","T","R","M","R","E","$","R","B",null,"M","?","T","$","M","R","M","?","T","E","M","R","M","M","R","B",null,"M","M","M","?","M","E","R","E","T","T","$","T","?","M","R","B"],"character_chosen":"DEFECT","items_purchased":["Runic Capacitor","Rebound","Turbo","Bag of Marbles","Doom and Gloom","Ball Lightning","Redo","Toy Ornithopter","Sling"],"campfire_rested":3,"item_purchase_floors":[0,0,0,7,14,14,21,45,45],"current_hp_per_floor":[63,63,63,63,63,40,40,40,40,40,40,40,13,13,35,24,75,64,64,64,64,39,61,60,60,60,60,50,62,56,56,71,16,75,75,75,73,73,62,59,74,44,44,44,59,59,40,13,53,0,0],"gold":167,"neow_bonus":"","is_daily":false,"chose_seed":false,"campfire_upgraded":5,"win_rate":0.0,"timestamp":1612972055,"path_taken":["M","M","?","M","?","E","$","?","T","R","?","R","E","?","R","BOSS","M","?","?","$","M","R","M","?","T","E","?","R","M","M","R","BOSS","M","?","M","?","M","E","R","E","T","?","$","?","?","M","R","BOSS"],"items_purchased_type":["Relic","Card","Card","Relic","Card","Card","Card","Relic","Relic"],"build_version":"2020-12-22","purchased_purges":1,"victory":false,"max_hp_per_floor":[75,75,75,75,75,75,75,75,75,75,75,75,75,75,75,75,75,75,75,75,75,75,75,75,75,75,75,75,75,75,75,75,75,75,75,75,75,75,75,75,75,75,75,75,75,75,75,75,75,75,75],"card_choices":[{"not_picked":["Conserve Battery","Reinforced Body"],"picked":"Sunder","floor":1.0},{"not_picked":["Gash","Beam Cell"],"picked":"BootSequence","floor":2.0},{"not_picked":["Cold Snap","Ball Lightning"],"picked":"Defragment","floor":3.0},{"not_picked":["Go for the Eyes","Blizzard","Gash"],"picked":"SKIP","floor":4.0},{"not_picked":["Reinforced Body","Compile Driver"],"picked":"Steam","floor":6.0},{"not_picked":["Chill","Gash"],"picked":"Conserve Battery","floor":11.0},{"not_picked":["Streamline","Rebound","Sweeping Beam"],"picked":"SKIP","floor":13.0},{"not_picked":["Reboot","Amplify"],"picked":"Biased Cognition","floor":16.0},{"not_picked":["White Noise","Leap"],"picked":"Barrage","floor":18.0},{"not_picked":["Rebound","Heatsinks"],"picked":"Ball Lightning","floor":22.0},{"not_picked":["Rebound","Streamline+1"],"picked":"Conserve Battery","floor":24},{"not_picked":["Turbo+1","Static Discharge"],"picked":"Genetic Algorithm+1","floor":27},{"not_picked":["Machine Learning","Beam Cell"],"picked":"Ball Lightning","floor":28},{"not_picked":["Compile Driver+1","Auto Shields+1"],"picked":"Aggregate+1","floor":30},{"not_picked":["Scrape","Cold Snap"],"picked":"Barrage+1","floor":31},{"not_picked":["Seek+1","Meteor Strike"],"picked":"Echo Form","floor":33},{"not_picked":["Steam+1","Capacitor"],"picked":"Conserve Battery+1","floor":35},{"not_picked":["Consume+1","Barrage"],"picked":"Leap+1","floor":36},{"not_picked":["Sweeping Beam+1","Leap+1","Blizzard"],"picked":"SKIP","floor":37},{"not_picked":["Purity+1","Metamorphosis+1"],"picked":"Trip+1","floor":38},{"not_picked":["Cold Snap","Sweeping Beam+1","Go for the Eyes"],"picked":"SKIP","floor":39},{"not_picked":["Reprogram+1","Rip and Tear","Force Field+1"],"picked":"SKIP","floor":40},{"not_picked":["Auto Shields+1","Beam Cell"],"picked":"Darkness+1","floor":42},{"not_picked":["Beam Cell","Coolheaded+1"],"picked":"Ball Lightning+1","floor":47},{"not_picked":["Gash+1","Blizzard+1"],"picked":"Rainbow+1","floor":48},{"not_picked":["Sweeping Beam","Scrape+1"],"picked":"Ball Lightning+1","floor":48}],"player_experience":504528,"relics_obtained":[{"floor":6.0,"key":"Vajra"},{"floor":9.0,"key":"Anchor"},{"floor":13.0,"key":"Omamori"},{"floor":20.0,"key":"Darkstone Periapt"},{"floor":26,"key":"Eternal Feather"},{"floor":27,"key":"Toxic Egg 2"},{"floor":34,"key":"Tiny Chest"},{"floor":34,"key":"HornCleat"},{"floor":34,"key":"Pocketwatch"},{"floor":40,"key":"Prayer Wheel"},{"floor":42,"key":"Shovel"},{"floor":43,"key":"MealTicket"},{"floor":44,"key":"Ancient Tea Set"},{"floor":46,"key":"Juzu Bracelet"},{"floor":47,"key":"Dead Branch"}],"event_choices":[{"damage_healed":0.0,"max_hp_gain":0.0,"max_hp_loss":0.0,"gold_gain":0.0,"event_name":"Living Wall","player_choice":"Grow","floor":5.0,"gold_loss":0.0,"damage_taken":0.0,"cards_upgraded":["Sunder"]},{"damage_healed":0.0,"max_hp_gain":0.0,"max_hp_loss":0.0,"gold_gain":0.0,"cards_transformed":["Defend_B"],"event_name":"Transmorgrifier","player_choice":"Transformed","floor":8.0,"gold_loss":0.0,"damage_taken":0.0,"cards_obtained":["Rainbow"]},{"cards_removed":["Strike_B"],"damage_healed":0.0,"max_hp_gain":0.0,"max_hp_loss":0.0,"gold_gain":0.0,"event_name":"Beggar","player_choice":"Gave Gold","floor":19.0,"gold_loss":75.0,"damage_taken":0.0},{"damage_healed":0,"gold_gain":0,"player_choice":"Cursed","damage_taken":0,"max_hp_gain":0,"max_hp_loss":0,"event_name":"Wheel of Change","floor":25,"gold_loss":0,"cards_obtained":["Decay"]},{"damage_healed":0,"gold_gain":0,"player_choice":"Memory 1","damage_taken":0,"max_hp_gain":0,"max_hp_loss":0,"event_name":"SensoryStone","floor":38,"gold_loss":0},{"damage_healed":0,"gold_gain":0,"player_choice":"Fight","damage_taken":0,"max_hp_gain":0,"max_hp_loss":0,"event_name":"Mysterious Sphere","floor":47,"gold_loss":0}],"is_beta":false,"boss_relics":[{"not_picked":["Philosopher\u0027s Stone","Fusion Hammer"],"picked":"Empty Cage"},{"not_picked":["Pandora\u0027s Box","Runic Dome"],"picked":"Calling Bell"}],"items_purged_floors":[45],"is_endless":false,"potions_floor_spawned":[1,2,11,16,18,22,35,37,42,48],"killed_by":"Time Eater","ascension_level":0}}