{"host":"Doisman","time":1612939207,"event":{"mods":["AchievementEnabler","BaseMod","Better Note","Curses Come First","Minty Spire (QoL Compilation)","Permanent Neow","Relic Stats","Replay The Spire","StSLib"],"gold_per_floor":[119,119,30,30,41,67,67,81,81,116,4,34,34,34,34,132,132,149,74,0,0,0,26,37,37,37,37,37,57,57,76,76,180,180,198,218,44,44,0,0,26,44,44,44,44,63,73,90,90,90],"floor_reached":51,"language":"ENG","playtime":1353,"items_purged":["Strike_R"],"score":612,"play_id":"5c1f7999-a58a-4f09-8d0c-c804be90bdf9","local_time":"20210210004007","is_ascension_mode":true,"campfire_choices":[{"data":"Swift Strike","floor":7,"key":"SMITH"},{"floor":15,"key":"REST"},{"data":"Double Tap","floor":27,"key":"SMITH"},{"data":"Flame Barrier","floor":30,"key":"SMITH"},{"floor":32,"key":"REST"},{"floor":40,"key":"REST"},{"floor":45,"key":"REST"},{"floor":49,"key":"REST"}],"circlet_count":0,"master_deck":["Defend_R+2","Defend_R+2","Defend_R+1","Defend_R+1","Bash+1","Swift Strike+1","Bash+1","Run Through+1","Clothesline+1","Flame Barrier+1","Iron Wave+1","Double Tap+1","Reckless Charge+1","Flame Barrier+1","Shame","Cleave+1","Demon Form+1","Blood for Blood+1","Sword Boomerang+1","Poisoned Strike+1","Replay:Undeath\u0027s Touch+1","Double Tap+1","Armaments+1","Reckless Charge+1"],"relics":["SlaversCollar","Molten Egg 2","Mercury Hourglass","Snack Pack","Shuriken","Busted Crown","StrikeDummy","ReplayTheSpireMod:TigerMarble","Quantum Egg","Astrolabe","Red Mask","Simple Rune","Replay:Baseball"],"acts_visited":["Exordium","TheCity","TheBeyond"],"potions_floor_usage":[10,23,42,50,50,50],"damage_taken":[{"damage":0,"enemies":"Jaw Worm","floor":1,"turns":5},{"damage":0,"enemies":"Small Slimes","floor":5,"turns":3},{"damage":39,"enemies":"3 Sentries","floor":6,"turns":9},{"damage":0,"enemies":"Cultist","floor":8,"turns":2},{"damage":13,"enemies":"Lagavulin","floor":10,"turns":3},{"damage":10,"enemies":"Gremlin Nob","floor":12,"turns":3},{"damage":21,"enemies":"The Guardian","floor":16,"turns":9},{"damage":0,"enemies":"3 Byrds","floor":18,"turns":3},{"damage":2,"enemies":"Book of Stabbing","floor":23,"turns":5},{"damage":0,"enemies":"Spheric Guardian","floor":24,"turns":1},{"damage":0,"enemies":"Snecko","floor":29,"turns":3},{"damage":0,"enemies":"Chosen and Byrds","floor":31,"turns":3},{"damage":11,"enemies":"Collector","floor":33,"turns":8},{"damage":0,"enemies":"Orb Walker","floor":35,"turns":3},{"damage":12,"enemies":"3 Darklings","floor":36,"turns":4},{"damage":42,"enemies":"Reptomancer","floor":41,"turns":4},{"damage":16,"enemies":"Jaw Worm Horde","floor":42,"turns":5},{"damage":4,"enemies":"Transient","floor":46,"turns":5},{"damage":25,"enemies":"Maw","floor":47,"turns":5},{"damage":0,"enemies":"4 Shapes","floor":48,"turns":7},{"damage":38,"enemies":"Replay:Hell Engine","floor":50,"turns":10}],"seed_played":"5465234666808938560","potions_obtained":[{"floor":6,"key":"Adrenaline Potion"},{"floor":12,"key":"Block Potion"},{"floor":18,"key":"SmokeBomb"},{"floor":23,"key":"Strength Potion"},{"floor":42,"key":"Fruit Juice"},{"floor":46,"key":"Weak Potion"},{"floor":48,"key":"ElixirPotion"}],"is_trial":false,"path_per_floor":["M","?","$","?","M","E","R","M","T","E","$","E","?","?","R","B",null,"M","?","$","?","?","E","M","?","T","R","?","M","R","M","R","B",null,"M","M","$","?","?","R","E","M","T","?","R","M","M","M","R","B",null],"character_chosen":"IRONCLAD","items_purchased":["Swift Strike","Flame Barrier","Reckless Charge+1","Poisoned Strike+1"],"campfire_rested":5,"item_purchase_floors":[3,11,20,37],"current_hp_per_floor":[80,80,80,80,80,41,41,41,41,28,28,20,13,13,37,22,80,80,80,80,65,65,67,67,67,67,67,67,69,69,73,85,78,85,85,73,73,73,73,85,45,36,36,36,63,67,48,50,77,45],"gold":90,"neow_bonus":"BOSS_RELIC","is_daily":false,"chose_seed":false,"campfire_upgraded":3,"win_rate":0.0,"timestamp":1612939207,"path_taken":["M","?","$","?","M","E","R","?","T","E","$","E","?","?","R","BOSS","M","?","$","?","?","E","?","?","T","R","?","M","R","M","R","BOSS","M","M","$","?","?","R","E","M","T","?","R","M","?","M","R","BOSS"],"items_purchased_type":["Card","Card","Card","Card"],"build_version":"2020-12-18","purchased_purges":1,"victory":true,"max_hp_per_floor":[80,80,80,80,80,80,80,80,80,80,80,80,80,80,80,80,80,80,80,80,85,85,85,85,85,85,85,85,85,85,85,85,85,85,85,85,85,85,85,85,85,90,90,90,90,90,90,90,90,90],"relic_stats":{"Busted Crown":26,"counters":[21,100],"Shuriken":[29],"Astrolabe":["Cleave","Demon Form","Blood for Blood"],"obtain_stats":[{"Quantum Egg":28,"Astrolabe":34,"Burning Blood":0,"Mercury Hourglass":9,"SlaversCollar":0,"Replay:Baseball":43,"Busted Crown":17,"Shuriken":12,"Molten Egg 2":6,"Simple Rune":41,"Snack Pack":10,"ReplayTheSpireMod:TigerMarble":26,"Red Mask":39,"StrikeDummy":23},{"Quantum Egg":10,"Astrolabe":13,"Burning Blood":0,"Mercury Hourglass":4,"SlaversCollar":0,"Replay:Baseball":17,"Busted Crown":7,"Shuriken":6,"Molten Egg 2":3,"Simple Rune":16,"Snack Pack":5,"ReplayTheSpireMod:TigerMarble":10,"Red Mask":15,"StrikeDummy":9},{"Quantum Egg":43,"Astrolabe":57,"Burning Blood":0,"Mercury Hourglass":19,"SlaversCollar":0,"Replay:Baseball":73,"Busted Crown":34,"Shuriken":25,"Molten Egg 2":17,"Simple Rune":68,"Snack Pack":22,"ReplayTheSpireMod:TigerMarble":43,"Red Mask":64,"StrikeDummy":42}],"Mercury Hourglass":[300]},"card_choices":[{"not_picked":["Clash","Iron Wave","Flex"],"picked":"SKIP","floor":1},{"not_picked":["Body Slam","Defy Death","True Grit"],"picked":"SKIP","floor":5},{"not_picked":["Entrench","Rage"],"picked":"Run Through+1","floor":6},{"not_picked":["Spot Weakness","Bloodletting"],"picked":"Clothesline+1","floor":8},{"not_picked":["ReplayTheSpireMod:Strike From Hell+1","Clash+1"],"picked":"Cleave+1","floor":10},{"not_picked":["Clash+1","Flex"],"picked":"Iron Wave+1","floor":12},{"not_picked":["Offering","Juggernaut"],"picked":"Double Tap","floor":16},{"not_picked":["Searing Blow+1"],"picked":"SKIP","floor":18},{"not_picked":[],"picked":"Flame Barrier+1","floor":23},{"not_picked":["Hemokinesis+1"],"picked":"SKIP","floor":24},{"not_picked":["True Grit"],"picked":"SKIP","floor":29},{"not_picked":[],"picked":"True Grit+1","floor":31},{"not_picked":[],"picked":"Sword Boomerang+1","floor":35},{"not_picked":["Whirlwind+1"],"picked":"SKIP","floor":36},{"not_picked":["ReplayTheSpireMod:Strike From Hell+1"],"picked":"SKIP","floor":41},{"not_picked":[],"picked":"Replay:Undeath\u0027s Touch+1","floor":42},{"not_picked":[],"picked":"Armaments+1","floor":46},{"not_picked":["Headbutt+1"],"picked":"SKIP","floor":47},{"not_picked":[],"picked":"Reckless Charge+1","floor":48}],"player_experience":1106220,"relics_obtained":[{"floor":6,"key":"Molten Egg 2"},{"floor":9,"key":"Mercury Hourglass"},{"floor":10,"key":"Snack Pack"},{"floor":12,"key":"Shuriken"},{"floor":23,"key":"StrikeDummy"},{"floor":26,"key":"ReplayTheSpireMod:TigerMarble"},{"floor":41,"key":"Simple Rune"},{"floor":43,"key":"Replay:Baseball"}],"event_choices":[{"damage_healed":0,"gold_gain":0,"player_choice":"Take","damage_taken":0,"max_hp_gain":0,"max_hp_loss":0,"event_name":"betterNote:BetterNote","floor":4,"gold_loss":0,"cards_obtained":["Bash"]},{"cards_removed":["Strike_R"],"damage_healed":0,"gold_gain":0,"player_choice":"Card Removal","damage_taken":7,"max_hp_gain":0,"max_hp_loss":0,"event_name":"Golden Wing","floor":13,"gold_loss":0},{"damage_healed":0,"gold_gain":0,"player_choice":"Grow","damage_taken":0,"max_hp_gain":0,"max_hp_loss":0,"event_name":"Living Wall","floor":14,"gold_loss":0,"cards_upgraded":["Bash"]},{"cards_removed":["Strike_R"],"damage_healed":0,"gold_gain":0,"player_choice":"Gave Gold","damage_taken":0,"max_hp_gain":0,"max_hp_loss":0,"event_name":"Beggar","floor":19,"gold_loss":75},{"damage_healed":0,"gold_gain":0,"player_choice":"Shed Blood","damage_taken":20,"max_hp_gain":5,"max_hp_loss":0,"event_name":"Forgotten Altar","floor":21,"gold_loss":0},{"damage_healed":0,"gold_gain":0,"player_choice":"Ignored","damage_taken":0,"max_hp_gain":0,"max_hp_loss":0,"event_name":"N\u0027loth","floor":22,"gold_loss":0},{"damage_healed":0,"gold_gain":0,"player_choice":"Simplicity","damage_taken":0,"max_hp_gain":0,"max_hp_loss":0,"event_name":"Back to Basics","floor":25,"gold_loss":0,"cards_upgraded":["Strike_R","Strike_R","Defend_R","Defend_R","Defend_R","Defend_R"]},{"damage_healed":0,"gold_gain":0,"player_choice":"Stole Relic","damage_taken":0,"relics_obtained":["Quantum Egg"],"max_hp_gain":0,"max_hp_loss":0,"event_name":"Addict","floor":28,"gold_loss":0,"cards_obtained":["Shame"]},{"cards_removed":["True Grit"],"damage_healed":0,"gold_gain":0,"player_choice":"Removed Skill","damage_taken":0,"max_hp_gain":0,"max_hp_loss":0,"event_name":"Falling","floor":38,"gold_loss":0},{"damage_healed":0,"gold_gain":0,"player_choice":"Paid","damage_taken":0,"relics_obtained":["Red Mask"],"max_hp_gain":0,"max_hp_loss":0,"event_name":"Tomb of Lord Red Mask","floor":39,"gold_loss":44},{"damage_healed":0,"gold_gain":0,"player_choice":"Copied","damage_taken":0,"max_hp_gain":0,"max_hp_loss":0,"event_name":"Duplicator","floor":44,"gold_loss":0,"cards_obtained":["Double Tap"]}],"is_beta":true,"boss_relics":[{"not_picked":["Ectoplasm","Replay:Wanted Poster"],"picked":"Busted Crown"},{"not_picked":["Pandora\u0027s Box","Electric Blood"],"picked":"Astrolabe"}],"items_purged_floors":[11],"is_endless":false,"potions_floor_spawned":[6,12,18,23,42,46,48],"ascension_level":1}}