{"host":"daa8jqyg4gqfaysm","time":1612980893,"event":{"mods":["BaseMod","Colored Powertips","Minty Spire (QoL Compilation)","StSLib"],"gold_per_floor":[114,125,139,152,152,179,179,179,179],"floor_reached":8,"language":"ENG","playtime":264,"items_purged":[],"score":116,"play_id":"30febb4b-7f79-4850-872d-bc94c03d205a","local_time":"20210210131453","is_ascension_mode":true,"campfire_choices":[{"floor":7,"key":"REST"}],"circlet_count":0,"master_deck":["AscendersBane","Strike_R","Strike_R","Strike_R","Strike_R","Strike_R","Defend_R","Defend_R","Defend_R","Defend_R","Bash+1","Wild Strike","Thunderclap","Rage","Armaments","Shrug It Off"],"relics":["Burning Blood","Magic Flower"],"acts_visited":["Exordium"],"potions_floor_usage":[6],"damage_taken":[{"damage":12,"enemies":"Cultist","floor":1,"turns":4},{"damage":7,"enemies":"Jaw Worm","floor":2,"turns":4},{"damage":3,"enemies":"2 Louse","floor":3,"turns":3},{"damage":24,"enemies":"Lots of Slimes","floor":4,"turns":5},{"damage":49,"enemies":"3 Sentries","floor":6,"turns":11},{"damage":41,"enemies":"Lagavulin","floor":8,"turns":5}],"seed_played":"3520708647472303868","potions_obtained":[{"floor":3,"key":"BloodPotion"},{"floor":4,"key":"FearPotion"}],"is_trial":false,"path_per_floor":["M","M","M","M","?","E","R","E"],"character_chosen":"IRONCLAD","items_purchased":[],"campfire_rested":1,"item_purchase_floors":[],"current_hp_per_floor":[62,61,64,46,46,18,40,0,0],"gold":179,"neow_bonus":"UPGRADE_CARD","is_daily":false,"chose_seed":false,"campfire_upgraded":0,"win_rate":0.0,"timestamp":1612980893,"path_taken":["M","M","M","?","?","E","R","E"],"items_purchased_type":[],"build_version":"2020-12-22","purchased_purges":0,"victory":false,"max_hp_per_floor":[75,75,75,75,75,75,75,75,75],"card_choices":[{"not_picked":["Clash","Perfected Strike"],"picked":"Wild Strike","floor":1},{"not_picked":["Disarm","Body Slam"],"picked":"Thunderclap","floor":2},{"not_picked":["Searing Blow","True Grit"],"picked":"Rage","floor":3},{"not_picked":["Heavy Blade","True Grit"],"picked":"Armaments","floor":4},{"not_picked":["Wild Strike","Sword Boomerang"],"picked":"Shrug It Off","floor":6}],"player_experience":869236,"relics_obtained":[{"floor":6,"key":"Magic Flower"}],"event_choices":[{"damage_healed":0,"gold_gain":0,"player_choice":"Ignored","damage_taken":0,"max_hp_gain":0,"max_hp_loss":0,"event_name":"Liars Game","floor":5,"gold_loss":0}],"is_beta":false,"boss_relics":[],"items_purged_floors":[],"is_endless":false,"potions_floor_spawned":[3,4],"killed_by":"Lagavulin","ascension_level":20}}