{"host":"995ppxxqmb2p2due","time":1612916477,"event":{"mods":["BaseMod","Downfall","Minty Spire (QoL Compilation)","StSLib"],"gold_per_floor":[99,116,130,130,42,57,81,99,120,132,142,168,92,106,117,221,221,21,34,34,51,62,62,62,73,58,71,87,87,87,87],"floor_reached":29,"language":"ENG","playtime":2001,"items_purged":[],"score":223,"play_id":"01d68078-70c6-4cfb-bbfa-f441961fc345","local_time":"20210209192117","is_ascension_mode":false,"campfire_choices":[{"floor":1,"key":"RECALL"},{"data":"Guardian:StasisStrike","floor":18,"key":"SMITH"},{"data":"Guardian:Recover","floor":23,"key":"SMITH"}],"circlet_count":0,"master_deck":["Guardian:Strike_Guardian","Guardian:Strike_Guardian","Guardian:Strike_Guardian","Guardian:Strike_Guardian","Guardian:Defend_Guardian","Guardian:Defend_Guardian","Guardian:Defend_Guardian","Guardian:Defend_Guardian","Guardian:CurlUp","Guardian:TwinSlam+1","Guardian:RefractedBeam","Guardian:SentryBeam+1","Guardian:MultiBeam","Guardian:StasisStrike+1","Guardian:CrystalBeam","Guardian:DonusPower","Guardian:Recover+1","Guardian:Reroute","Guardian:Incinerate","Guardian:Reroute","Guardian:TemporalStrike+1","Guardian:WalkerClaw","Guardian:PolyBeam+1","Guardian:Suspension","Guardian:FloatingOrbs"],"relics":["Guardian:ModeShifter","Odd Mushroom","Sozu","downfall:HeartBlessingRed","downfall:HeartBlessingBlue","downfall:RedIOU","Kunai"],"acts_visited":["Exordium","TheCity"],"potions_floor_usage":[9,15,16,16],"damage_taken":[{"damage":0,"enemies":"Small Slimes","floor":2,"turns":4},{"damage":6,"enemies":"Cultist","floor":3,"turns":3},{"damage":5,"enemies":"downfall:FleeingMerchant","floor":5,"turns":4},{"damage":1,"enemies":"Jaw Worm","floor":6,"turns":2},{"damage":1,"enemies":"Exordium Wildlife","floor":8,"turns":2},{"damage":12,"enemies":"The Mushroom Lair","floor":9,"turns":3},{"damage":10,"enemies":"Exordium Thugs","floor":10,"turns":3},{"damage":6,"enemies":"Large Slime","floor":11,"turns":4},{"damage":15,"enemies":"downfall:FleeingMerchant","floor":13,"turns":4},{"damage":8,"enemies":"3 Louse","floor":14,"turns":3},{"damage":13,"enemies":"Exordium Wildlife","floor":15,"turns":3},{"damage":1,"enemies":"SI_SHIV_ARCHETYPE","floor":16,"turns":9},{"damage":7,"enemies":"Shell Parasite","floor":19,"turns":3},{"damage":10,"enemies":"Chosen and Byrds","floor":21,"turns":3},{"damage":11,"enemies":"3 Cultists","floor":22,"turns":4},{"damage":10,"enemies":"Sentry and Sphere","floor":25,"turns":4},{"damage":15,"enemies":"downfall:FleeingMerchant","floor":26,"turns":4},{"damage":20,"enemies":"Snecko","floor":27,"turns":4},{"damage":8,"enemies":"Shelled Parasite and Fungi","floor":28,"turns":4},{"damage":14,"enemies":"Slavers","floor":29,"turns":1}],"seed_played":"6228945557909534180","potions_obtained":[{"floor":3,"key":"CultistPotion"},{"floor":6,"key":"Strength Potion"},{"floor":10,"key":"SneckoOil"},{"floor":14,"key":"Swift Potion"}],"is_trial":false,"path_per_floor":["R","M","M","?","$","M","T","M","?","M","M","T","$","M","M","B",null,"R","M","?","M","M","R","T","M","$","M","M","E"],"character_chosen":"GUARDIAN","items_purchased":["Guardian:MultiBeam","Guardian:DonusPower"],"campfire_rested":0,"item_purchase_floors":[5,13],"current_hp_per_floor":[80,80,74,74,69,68,68,67,55,45,39,39,24,16,3,2,80,90,83,83,73,62,62,62,52,37,17,9,0,0,0],"gold":87,"neow_bonus":"UPGRADE_CARD","is_daily":false,"chose_seed":false,"campfire_upgraded":2,"win_rate":0.0,"timestamp":1612916477,"path_taken":["R","M","M","?","?","?","T","M","?","M","M","?","?","M","M","BOSS","R","M","?","M","M","R","T","M","$","M","M","E"],"items_purchased_type":["Card","Card"],"build_version":"2020-12-22","purchased_purges":0,"victory":false,"max_hp_per_floor":[80,80,80,80,80,80,80,80,80,80,80,80,80,80,80,80,80,90,90,90,90,90,90,90,90,90,90,90,90,90,90],"card_choices":[{"not_picked":["Guardian:RollAttack","Guardian:Gem_Lightblue"],"picked":"Guardian:RefractedBeam","floor":2},{"not_picked":["Guardian:TimeCapacitor","Guardian:PrismaticBeam"],"picked":"Guardian:SentryBeam","floor":3},{"not_picked":["Guardian:TimeBomb","Guardian:ShieldCharger"],"picked":"Guardian:Gem_Crimson","floor":5},{"not_picked":["Guardian:ShieldCharger","Guardian:Gem_Cyan"],"picked":"Guardian:Gem_Crimson","floor":6},{"not_picked":["Guardian:EvasiveProtocol","Guardian:ShieldCharger","Guardian:PrismaticBarrier"],"picked":"SKIP","floor":8},{"not_picked":["Guardian:Gem_Cyan","Guardian:Repulse"],"picked":"Guardian:StasisStrike","floor":9},{"not_picked":["Guardian:PiercingHide","Guardian:FloatingOrbs"],"picked":"Guardian:CrystalBeam","floor":10},{"not_picked":["Guardian:TemporalShield","Guardian:Gem_Green","Guardian:VentSteam"],"picked":"SKIP","floor":11},{"not_picked":["Guardian:PiercingHide","Guardian:RollAttack"],"picked":"Guardian:Gem_Red","floor":13},{"not_picked":["Guardian:ChargeCore","Guardian:ShieldSpikes"],"picked":"Guardian:Recover","floor":14},{"not_picked":["Guardian:DonusPower","Guardian:Gem_Cyan"],"picked":"Guardian:Reroute","floor":15},{"not_picked":["Guardian:FastForward","Guardian:RevengeProtocol"],"picked":"Guardian:Gem_Synthetic","floor":16},{"not_picked":["Guardian:RollAttack","Guardian:ShieldCharger"],"picked":"Guardian:Incinerate","floor":19},{"not_picked":["Guardian:Gem_Lightblue","Guardian:SentryBeam"],"picked":"Guardian:Reroute","floor":21},{"not_picked":["Guardian:PrimingBeam","Guardian:Gem_Green"],"picked":"Guardian:TemporalStrike+1","floor":22},{"not_picked":["Guardian:Gem_White","Guardian:Incinerate"],"picked":"Guardian:WalkerClaw","floor":25},{"not_picked":["Guardian:PrimingBeam","Guardian:Suspension"],"picked":"Guardian:PolyBeam+1","floor":26},{"not_picked":["Guardian:Harden+1","Guardian:Gem_Green"],"picked":"Guardian:Suspension","floor":27},{"not_picked":["Guardian:Gem_Lightblue","Guardian:TemporalStrike"],"picked":"Guardian:FloatingOrbs","floor":28}],"player_experience":134402,"relics_obtained":[{"floor":9,"key":"Odd Mushroom"},{"floor":12,"key":"MawBank"},{"floor":24,"key":"Kunai"}],"event_choices":[{"damage_healed":0,"gold_gain":0,"player_choice":"Fought Mushrooms","damage_taken":0,"max_hp_gain":0,"max_hp_loss":0,"event_name":"Mushrooms","floor":9,"gold_loss":0}],"is_beta":false,"boss_relics":[{"not_picked":["SlaversCollar","Velvet Choker"],"picked":"Sozu"}],"items_purged_floors":[],"is_endless":false,"potions_floor_spawned":[3,6,10,14,19,27,28],"killed_by":"Slavers","ascension_level":0}}