{"host":"8zow35rkxv448q2r","time":1612988057,"event":{"mods":["AchievementEnabler","BaseMod","Colored Map","Colored Powertips","Minty Spire (QoL Compilation)","Relic Stats"],"gold_per_floor":[115,131,149,1,1,1,16,41,64,64,64,64,64,64,64,64,64],"floor_reached":16,"language":"ENG","playtime":708,"items_purged":[],"score":213,"play_id":"94a6da17-cf0e-4d63-a8a1-6f56b790879b","local_time":"20210210151417","is_ascension_mode":true,"campfire_choices":[{"data":"Cleave","floor":6,"key":"SMITH"},{"data":"Heavy Blade","floor":11,"key":"SMITH"},{"data":"Bash","floor":15,"key":"SMITH"}],"circlet_count":0,"master_deck":["AscendersBane","Strike_R+1","Strike_R+1","Strike_R+1","Strike_R","Defend_R","Defend_R","Defend_R","Defend_R","Bash+1","Heavy Blade+1","Cleave+1","Headbutt+1","Barricade+1"],"relics":["Burning Blood","NeowsBlessing","Vajra","Whetstone","Boot"],"acts_visited":["Exordium"],"potions_floor_usage":[8,14],"damage_taken":[{"damage":0,"enemies":"Small Slimes","floor":1,"turns":1},{"damage":0,"enemies":"2 Louse","floor":2,"turns":1},{"damage":0,"enemies":"Cultist","floor":3,"turns":1},{"damage":0,"enemies":"Large Slime","floor":7,"turns":3},{"damage":0,"enemies":"Gremlin Nob","floor":8,"turns":2},{"damage":0,"enemies":"Looter","floor":14,"turns":1},{"damage":76,"enemies":"Hexaghost","floor":16,"turns":10}],"seed_played":"4911980635481619516","potions_obtained":[{"floor":3,"key":"AttackPotion"},{"floor":7,"key":"SmokeBomb"}],"is_trial":false,"path_per_floor":["M","M","M","$","?","R","M","E","T","?","R","$","?","M","R","B"],"character_chosen":"IRONCLAD","items_purchased":["Vajra"],"campfire_rested":0,"item_purchase_floors":[4],"current_hp_per_floor":[74,75,75,75,60,60,66,72,72,72,72,72,72,75,75,0,0],"gold":64,"neow_bonus":"THREE_ENEMY_KILL","is_daily":false,"chose_seed":false,"campfire_upgraded":3,"win_rate":0.0,"timestamp":1612988057,"path_taken":["M","M","M","$","?","R","M","E","T","?","R","$","?","M","R","BOSS"],"items_purchased_type":["Relic"],"build_version":"2020-12-22","purchased_purges":0,"victory":false,"max_hp_per_floor":[75,75,75,75,75,75,75,75,75,75,75,75,75,75,75,75,75],"relic_stats":{"counters":[7,19],"Whetstone":["Strike_R","Headbutt"],"Boot":[0],"obtain_stats":[{"NeowsBlessing":0,"Vajra":4,"Whetstone":8,"Boot":9,"Burning Blood":0},{"NeowsBlessing":0,"Vajra":3,"Whetstone":5,"Boot":5,"Burning Blood":0},{"NeowsBlessing":0,"Vajra":3,"Whetstone":8,"Boot":8,"Burning Blood":0}],"Burning Blood":22},"card_choices":[{"not_picked":["Sword Boomerang","Clash"],"picked":"Heavy Blade","floor":1},{"not_picked":["Searing Blow","Havoc","Dual Wield"],"picked":"SKIP","floor":2},{"not_picked":["Shrug It Off","Brutality"],"picked":"Cleave","floor":3},{"not_picked":["Perfected Strike","Clash"],"picked":"Headbutt","floor":7},{"not_picked":["Perfected Strike","Carnage"],"picked":"Barricade","floor":8}],"player_experience":193185,"relics_obtained":[{"floor":8,"key":"Whetstone"},{"floor":9,"key":"Boot"}],"event_choices":[{"damage_healed":0,"gold_gain":0,"player_choice":"Entered Light","damage_taken":15,"max_hp_gain":0,"max_hp_loss":0,"event_name":"Shining Light","floor":5,"gold_loss":0,"cards_upgraded":["Strike_R","Strike_R"]},{"damage_healed":0,"gold_gain":0,"player_choice":"Grow","damage_taken":0,"max_hp_gain":0,"max_hp_loss":0,"event_name":"Living Wall","floor":10,"gold_loss":0,"cards_upgraded":["Barricade"]},{"cards_removed":["Strike_R"],"damage_healed":0,"gold_gain":0,"player_choice":"Offered Basic","damage_taken":0,"max_hp_gain":0,"max_hp_loss":0,"event_name":"Bonfire Elementals","floor":13,"gold_loss":0}],"is_beta":false,"boss_relics":[],"items_purged_floors":[],"is_endless":false,"potions_floor_spawned":[3,7,14],"killed_by":"Hexaghost","ascension_level":14}}