{"host":"k1qq3tnzhl68zvao","time":1612958290,"event":{"mods":["ATMod(阿瑾Mod)","AchievementEnabler","BaseMod","Colored Powertips","Conspire","DeckTracker","Downfall","Energized Spire","GifTheSpireLib","Minty Spire (QoL Compilation)","Quick Restart","Relic Filter Mod","Replay The Spire","Spicy Shops","StSLib","【遗物卡牌】REMEMod"],"gold_per_floor":[118,118,137,137,153,153,183,197,220,239,9,34,34,46,46,146,146,165,180,232,249,249,249],"floor_reached":22,"language":"ZHS","playtime":1125,"items_purged":["Defend_B"],"score":228,"play_id":"f318b864-278e-46b8-9e65-161709e68a56","local_time":"20210210195810","is_ascension_mode":true,"campfire_choices":[{"data":"AT_FamilyPortrait","floor":6,"key":"SMITH"},{"data":"Static Discharge","floor":15,"key":"SMITH"}],"circlet_count":0,"master_deck":["Strike_B","Strike_B","Strike_B","Defend_B","Defend_B","Zap+1","Dualcast","AT_FamilyPortrait+1","AT_BreakingExtremeWeapon","Coolheaded","FIFO Queue","Rebound","Sweeping Beam","Hologram","Conserve Battery","Static Discharge+1","Seek","AT_HeatAcrobatics","Hologram","Time Bomb","BootSequence","Gash+1","Crystallizer"],"relics":["Cracked Core","AT_ATBox","REME_ComplimentaryCards","NeowsBlessing","Ancient Tea Set","Replay:Wax Seal","Membership Card","Prayer Wheel","Anchor","Cursed Key","Red Mask"],"acts_visited":["Exordium","TheCity"],"potions_floor_usage":[12],"damage_taken":[{"damage":0,"enemies":"Cultist","floor":1,"turns":1},{"damage":0,"enemies":"Jaw Worm","floor":3,"turns":1},{"damage":0,"enemies":"2 Louse","floor":5,"turns":1},{"damage":18,"enemies":"Lagavulin","floor":7,"turns":5},{"damage":16,"enemies":"Blue Slaver","floor":8,"turns":3},{"damage":0,"enemies":"2 Fungi Beasts","floor":10,"turns":1},{"damage":18,"enemies":"Gremlin Nob","floor":12,"turns":3},{"damage":0,"enemies":"Exordium Wildlife","floor":14,"turns":2},{"damage":19,"enemies":"The Guardian","floor":16,"turns":7},{"damage":15,"enemies":"2 Thieves","floor":18,"turns":4},{"damage":0,"enemies":"Spheric Guardian","floor":19,"turns":2},{"damage":25,"enemies":"Masked Bandits","floor":20,"turns":3},{"damage":12,"enemies":"Snake Plant","floor":21,"turns":3},{"damage":0,"enemies":"3 Cultists","floor":22,"turns":2}],"seed_played":"-6020442949496586205","potions_obtained":[{"floor":3,"key":"Energy Potion"},{"floor":7,"key":"Dexterity Potion"},{"floor":8,"key":"Fire Potion"},{"floor":12,"key":"Ancient Potion"},{"floor":20,"key":"Regen Potion"},{"floor":21,"key":"PowerPotion"}],"is_trial":false,"path_per_floor":["M","?","M","?","M","R","E","M","T","M","$","E","$","M","R","B",null,"M","M","?","M","M"],"character_chosen":"DEFECT","items_purchased":["Membership Card","Prayer Wheel"],"campfire_rested":0,"item_purchase_floors":[11,11],"current_hp_per_floor":[75,75,75,75,75,75,57,41,41,41,41,23,23,23,23,4,75,60,60,35,23,23,23],"gold":249,"neow_bonus":"THREE_ENEMY_KILL","is_daily":false,"chose_seed":false,"campfire_upgraded":2,"win_rate":0.0,"timestamp":1612958290,"path_taken":["M","?","M","?","?","R","E","M","T","M","?","E","$","?","R","BOSS","M","M","?","M","M"],"items_purchased_type":["Relic","Relic"],"build_version":"2020-12-22","purchased_purges":1,"victory":false,"max_hp_per_floor":[75,75,75,75,75,75,75,75,75,75,75,75,75,75,75,75,75,75,75,75,75,75,75],"card_choices":[{"not_picked":["Chaos","ReplayTheSpireMod:GoodbyeWorld"],"picked":"Coolheaded","floor":1},{"not_picked":["BootSequence","ReplaySolidLightProjector"],"picked":"FIFO Queue","floor":3},{"not_picked":["Panic Button","ReplaySort"],"picked":"Rebound","floor":5},{"not_picked":["Cold Snap","Hello World"],"picked":"Sweeping Beam","floor":7},{"not_picked":["AT_HeatAcrobatics","Go for the Eyes"],"picked":"Hologram","floor":8},{"not_picked":["Leap","AT_WarpDrive","ReplayGash"],"picked":"SKIP","floor":10},{"not_picked":["AT_WarpDrive","Compile Driver"],"picked":"Conserve Battery","floor":12},{"not_picked":["Hello World","Leap"],"picked":"Static Discharge","floor":14},{"not_picked":["AT_HeatAcrobatics","Panic Button","BasicCrystalCard"],"picked":"SKIP","floor":14},{"not_picked":["All For One","ReplayTheSpireMod:Fabricate Wheel"],"picked":"Seek","floor":16},{"not_picked":["Compile Driver","Scrape"],"picked":"AT_HeatAcrobatics","floor":18},{"not_picked":["REME_Compress","Ball Lightning"],"picked":"Hologram","floor":18},{"not_picked":["Recycle","Cold Snap"],"picked":"Time Bomb","floor":19},{"not_picked":["Steam+1","REME_DataAnalysis","Steam Power"],"picked":"SKIP","floor":19},{"not_picked":["Conserve Battery","Beam Cell"],"picked":"BootSequence","floor":20},{"not_picked":["Barrage","Redo"],"picked":"Gash+1","floor":21},{"not_picked":["Tempest+1","Panic Button"],"picked":"Crystallizer","floor":21}],"player_experience":548091,"relics_obtained":[{"floor":7,"key":"Ancient Tea Set"},{"floor":9,"key":"Replay:Wax Seal"},{"floor":12,"key":"Anchor"},{"floor":20,"key":"Red Mask"}],"event_choices":[{"damage_healed":0,"gold_gain":0,"player_choice":"Upgraded","damage_taken":0,"max_hp_gain":0,"max_hp_loss":0,"event_name":"Upgrade Shrine","floor":4,"gold_loss":0,"cards_upgraded":["Zap"]},{"damage_healed":0,"gold_gain":0,"player_choice":"Fought Bandits","damage_taken":0,"max_hp_gain":0,"max_hp_loss":0,"event_name":"Masked Bandits","floor":20,"gold_loss":0}],"is_beta":false,"boss_relics":[{"not_picked":["conspire:SlowCooker","Replay:Drink Me"],"picked":"Cursed Key"}],"items_purged_floors":[11],"is_endless":false,"potions_floor_spawned":[3,7,8,12,20,21],"killed_by":"3 Cultists","ascension_level":3}}