{"host":"r428wgyz1934czl7","time":1612958641,"event":{"mods":["100% Spire Juice","2.2 Compatiblity","Act Like it!","Aspiration","Bard","BaseMod","Beaked The Cultist","Bestiary","Better Altar","Better Match","Better Note","Better Sensory Stone","Better Skull","Better Third Choice","CCEM2","CapriCore","Conspire","Displayed Cursed Tome","Duelist Mod","Elementarium","Gensokyo","GifTheSpireLib","Hubris","Infinite Spire","Jedi Mod","Jorbs\u0027s Wanderer Trilogy","Menagerie","Minty Spire (QoL Compilation)","Permanent Neow","Prisma Mod","Reliquary","Replay The Spire","Robot Space Explorer","Spicy Shops","Spire Arcade","StSLib","Stuff the Spire","The Alterego","The Animator","The Dragon Tamer","The Gatherer","The Immortal","The Marked","The Poker Player","WarShipGirlsR/??¤Ö¤kR mod"],"gold_per_floor":[111,125,5,5,5,5,5,5,5,5,19,44,55,31,31,31,31],"floor_reached":16,"language":"ENG","playtime":610,"items_purged":[],"score":98,"play_id":"f638bbd2-9c5f-4e3e-a320-2a2e0119e6fd","local_time":"20210210200401","is_ascension_mode":false,"campfire_choices":[{"data":"Moonworks:NicePresent","floor":8,"key":"SMITH"},{"floor":10,"key":"RECALL"}],"circlet_count":0,"master_deck":["Moonworks:Strike+1","Moonworks:Strike","Moonworks:Strike","Moonworks:Strike","Moonworks:Defend+1","Moonworks:Defend","Moonworks:Defend","Moonworks:Defend","Moonworks:Ambush+1","Moonworks:LongDistanceShot","ReplayTheSpireMod:Trickstab","Moonworks:TacticalRetreat","Moonworks:NicePresent+1","Moonworks:DeployBits","Moonworks:AwakeningOfTalent","Moonworks:MiracleWalker","Moonworks:SakisCookie","alterego_mod:SakuraFive"],"relics":["Moonworks:BrokenBomb","Moonworks:Homemark","Potion Belt"],"acts_visited":["Exordium"],"potions_floor_usage":[16],"damage_taken":[{"damage":6,"enemies":"Cultist","floor":1,"turns":3},{"damage":6,"enemies":"Jaw Worm","floor":2,"turns":4},{"damage":0,"enemies":"2 Louse","floor":11,"turns":2},{"damage":9,"enemies":"Replay:BlueRogue","floor":12,"turns":5},{"damage":0,"enemies":"Large Slime","floor":13,"turns":6},{"damage":60,"enemies":"Fading Forest","floor":16,"turns":7}],"seed_played":"6442164986134662734","potions_obtained":[{"floor":11,"key":"AttackPotion"}],"is_trial":false,"path_per_floor":["M","M","$","?","?","?","?","R","T","R","M","E","M","$","R","B"],"character_chosen":"THE_STARBREAKER","items_purchased":["Moonworks:SakisCookie"],"campfire_rested":0,"item_purchase_floors":[14],"current_hp_per_floor":[54,48,48,53,40,40,55,55,55,55,55,46,46,46,46,0,0],"gold":31,"neow_bonus":"RANDOM_COLORLESS","is_daily":false,"chose_seed":false,"campfire_upgraded":1,"win_rate":0.0,"timestamp":1612958641,"path_taken":["M","M","$","?","?","?","?","R","T","R","M","E","M","?","R","BOSS"],"items_purchased_type":["Card"],"build_version":"2020-12-22","purchased_purges":0,"victory":false,"max_hp_per_floor":[60,60,60,65,65,65,65,65,65,65,65,65,65,65,65,65,65],"card_choices":[{"not_picked":["Replay:Sssssssssshield","Impatience"],"picked":"ReplayTheSpireMod:Trickstab","floor":0},{"not_picked":["Moonworks:CloudOfSeagulls","Moonworks:RagingMadness"],"picked":"Moonworks:TacticalRetreat","floor":1},{"not_picked":["Moonworks:DeployBits","Moonworks:ImmovableObject"],"picked":"Moonworks:NicePresent","floor":2},{"not_picked":["Moonworks:ScrambledEve","Moonworks:CloudOfSeagulls"],"picked":"Moonworks:DeployBits","floor":11},{"not_picked":["Moonworks:CloudOfSeagulls","Moonworks:JonathanRush"],"picked":"Moonworks:AwakeningOfTalent","floor":12},{"not_picked":["Moonworks:SinkOrSwim","Moonworks:DeployBits"],"picked":"Moonworks:MiracleWalker","floor":13}],"player_experience":191568,"relics_obtained":[{"floor":12,"key":"Potion Belt"}],"event_choices":[{"damage_healed":0,"gold_gain":0,"player_choice":"Donut","damage_taken":0,"max_hp_gain":5,"max_hp_loss":0,"event_name":"Big Fish","floor":4,"gold_loss":0},{"damage_healed":53,"gold_gain":0,"player_choice":"Upgrade","damage_taken":13,"max_hp_gain":0,"max_hp_loss":65,"event_name":"betterThird:BetterShining","floor":5,"gold_loss":0,"cards_upgraded":["Moonworks:Strike","Moonworks:Defend"]},{"cards_removed":["ReplayTheSpireMod:Trickstab"],"damage_healed":0,"gold_gain":0,"player_choice":"Take \u0026 Give","damage_taken":0,"max_hp_gain":0,"max_hp_loss":0,"event_name":"betterNote:BetterNote","floor":15,"gold_loss":0,"cards_obtained":["alterego_mod:SakuraFive"]}],"is_beta":false,"boss_relics":[],"items_purged_floors":[],"is_endless":false,"potions_floor_spawned":[11],"killed_by":"Fading Forest","ascension_level":0}}