{"host":"yplejd20ey2t49en","time":1612982698,"event":{"mods":["BaseMod","Colored Powertips","Highlight Path","Minty Spire (QoL Compilation)","Relic Stats"],"gold_per_floor":[114,134,154,45,65,93,93,123,123,143,143,143,19,34,34,139,189,209,209,119,133,8,35,35,46,46,46,77,91,91,116,116,116,116],"floor_reached":33,"language":"ENG","playtime":1703,"items_purged":["Strike_R","Strike_R","Strike_R"],"score":482,"play_id":"5b5cee86-dd79-4ae8-8a8a-2e9011282fd6","local_time":"20210210204458","is_ascension_mode":true,"campfire_choices":[{"data":"Body Slam","floor":7.0,"key":"SMITH"},{"floor":12.0,"key":"REST"},{"data":"Entrench","floor":15.0,"key":"SMITH"},{"data":"Uppercut","floor":24.0,"key":"SMITH"},{"floor":27.0,"key":"REST"},{"data":"Bash","floor":30.0,"key":"SMITH"},{"floor":32.0,"key":"REST"}],"circlet_count":0,"master_deck":["Defend_R","Defend_R+1","Defend_R","Defend_R","Bash+1","Body Slam+1","Rampage","Carnage","Disarm+1","Twin Strike+1","Offering+1","Entrench+1","Clothesline","Whirlwind","Double Tap","Pommel Strike+1","Headbutt","Anger+1","Uppercut+1","Iron Wave","Disarm+1","Iron Wave+1"],"relics":["Burning Blood","Shuriken","Self Forming Clay","InkBottle","Tiny House","Paper Frog","Du-Vu Doll","PreservedInsect"],"acts_visited":["Exordium","TheCity"],"potions_floor_usage":[33,33],"damage_taken":[{"damage":10.0,"enemies":"Jaw Worm","floor":1.0,"turns":6.0},{"damage":0.0,"enemies":"Small Slimes","floor":2.0,"turns":3.0},{"damage":1.0,"enemies":"Cultist","floor":3.0,"turns":4.0},{"damage":14.0,"enemies":"Large Slime","floor":5.0,"turns":7.0},{"damage":23.0,"enemies":"Lagavulin","floor":6.0,"turns":10.0},{"damage":13.0,"enemies":"Gremlin Nob","floor":8.0,"turns":3.0},{"damage":9.0,"enemies":"Blue Slaver","floor":10.0,"turns":2.0},{"damage":11.0,"enemies":"Looter","floor":14.0,"turns":2.0},{"damage":21.0,"enemies":"Hexaghost","floor":16.0,"turns":10.0},{"damage":17.0,"enemies":"Shell Parasite","floor":18.0,"turns":5.0},{"damage":2.0,"enemies":"Chosen","floor":21.0,"turns":5.0},{"damage":43.0,"enemies":"Book of Stabbing","floor":23.0,"turns":7.0},{"damage":20.0,"enemies":"Snecko","floor":25.0,"turns":4.0},{"damage":30.0,"enemies":"Slavers","floor":28.0,"turns":7.0},{"damage":4.0,"enemies":"Centurion and Healer","floor":29.0,"turns":5.0},{"damage":10.0,"enemies":"Gremlin Leader","floor":31.0,"turns":4.0},{"damage":82,"enemies":"Automaton","floor":33,"turns":6}],"seed_played":"-4461557075249144436","potions_obtained":[{"floor":2.0,"key":"PowerPotion"},{"floor":5.0,"key":"SneckoOil"},{"floor":6.0,"key":"AttackPotion"},{"floor":17.0,"key":"Block Potion"},{"floor":18.0,"key":"Dexterity Potion"},{"floor":28.0,"key":"Fruit Juice"},{"floor":29.0,"key":"Fruit Juice"},{"floor":31.0,"key":"SneckoOil"}],"is_trial":false,"path_per_floor":["M","M","M","$","M","E","R","E","T","M","?","R","$","M","R","B",null,"M","?","?","M","$","E","R","M","T","R","E","M","R","E","R","B"],"character_chosen":"IRONCLAD","items_purchased":["Disarm","Clothesline"],"campfire_rested":3,"item_purchase_floors":[4,13],"current_hp_per_floor":[68,74,79,79,71,54,54,47,47,44,28,52,52,47,47,32,73,62,62,62,66,66,29,29,15,15,40,21,28,28,24,52,0,0],"gold":116,"neow_bonus":"REMOVE_CARD","is_daily":false,"chose_seed":false,"campfire_upgraded":4,"win_rate":0.0,"timestamp":1612982698,"path_taken":["M","M","M","$","M","E","R","E","T","M","?","R","$","M","R","BOSS","M","?","?","M","$","E","R","M","T","R","E","M","R","E","R","BOSS"],"items_purchased_type":["Card","Card"],"build_version":"2020-12-22","purchased_purges":3,"victory":false,"max_hp_per_floor":[80,80,80,80,80,80,80,80,80,80,80,80,80,80,80,80,85,85,85,85,85,85,85,85,85,85,85,90,95,95,95,95,95,95],"relic_stats":{"counters":[17,90],"Shuriken":[24],"Self Forming Clay":[126],"PreservedInsect":0,"obtain_stats":[{"Du-Vu Doll":28,"Tiny House":17,"Shuriken":6,"Self Forming Clay":8,"PreservedInsect":31,"Burning Blood":0,"InkBottle":9,"Paper Frog":23},{"Du-Vu Doll":14,"Tiny House":9,"Shuriken":5,"Self Forming Clay":6,"PreservedInsect":16,"Burning Blood":0,"InkBottle":6,"Paper Frog":12},{"Du-Vu Doll":75,"Tiny House":47,"Shuriken":30,"Self Forming Clay":33,"PreservedInsect":84,"Burning Blood":0,"InkBottle":33,"Paper Frog":64}],"Burning Blood":96,"InkBottle":[19]},"card_choices":[{"not_picked":["Clash","Rupture"],"picked":"Body Slam","floor":1.0},{"not_picked":["Sentinel","Heavy Blade"],"picked":"Rampage","floor":2.0},{"not_picked":["Heavy Blade","Anger"],"picked":"Carnage","floor":3.0},{"not_picked":["Sword Boomerang","Flex","Body Slam"],"picked":"SKIP","floor":5.0},{"not_picked":["Heavy Blade","Infernal Blade"],"picked":"Twin Strike","floor":6.0},{"not_picked":["Rupture","Disarm"],"picked":"Offering","floor":8.0},{"not_picked":["Body Slam","Carnage"],"picked":"Entrench","floor":10.0},{"not_picked":["Shrug It Off","True Grit"],"picked":"Whirlwind","floor":14.0},{"not_picked":["Bludgeon","Brutality"],"picked":"Double Tap","floor":16.0},{"not_picked":["Flex+1","Clothesline"],"picked":"Pommel Strike+1","floor":18.0},{"not_picked":["Havoc+1","Cleave"],"picked":"Anger+1","floor":21.0},{"not_picked":["Thunderclap","Dark Embrace"],"picked":"Uppercut","floor":23.0},{"not_picked":["Rupture+1","Brutality"],"picked":"Iron Wave","floor":25.0},{"not_picked":["Searing Blow","Feel No Pain+1"],"picked":"Disarm+1","floor":28.0},{"not_picked":["Flex","Clash"],"picked":"Iron Wave+1","floor":29.0},{"not_picked":["Heavy Blade+1","Body Slam","Uppercut"],"picked":"SKIP","floor":31.0}],"player_experience":706085,"relics_obtained":[{"floor":6.0,"key":"Shuriken"},{"floor":8.0,"key":"Self Forming Clay"},{"floor":9.0,"key":"InkBottle"},{"floor":23.0,"key":"Paper Frog"},{"floor":28.0,"key":"Du-Vu Doll"},{"floor":31.0,"key":"PreservedInsect"}],"event_choices":[{"damage_healed":0.0,"max_hp_gain":0.0,"max_hp_loss":0.0,"gold_gain":0.0,"event_name":"Shining Light","player_choice":"Entered Light","floor":11.0,"gold_loss":0.0,"damage_taken":16.0,"cards_upgraded":["Defend_R","Offering"]},{"damage_healed":0.0,"max_hp_gain":0.0,"max_hp_loss":0.0,"gold_gain":0.0,"event_name":"The Library","player_choice":"Read","floor":19.0,"gold_loss":0.0,"damage_taken":0.0,"cards_obtained":["Headbutt"]},{"cards_removed":["Strike_R"],"damage_healed":0.0,"max_hp_gain":0.0,"max_hp_loss":0.0,"gold_gain":0.0,"event_name":"Designer","player_choice":"Upgrade and Remove","floor":20.0,"gold_loss":90.0,"damage_taken":0.0,"cards_upgraded":["Twin Strike"]}],"is_beta":false,"boss_relics":[{"not_picked":["Pandora\u0027s Box","Black Blood"],"picked":"Tiny House"}],"items_purged_floors":[4,13,22],"is_endless":false,"potions_floor_spawned":[2,5,6,18,28,29,31],"killed_by":"Automaton","ascension_level":9}}