{"host":"dcj2yvrgcvh5dl2s","time":1612953117,"event":{"mods":["BaseMod","Bestiary","Better Note","Block Reminder","Colored Powertips","Curses Come First","DeckTracker","Minty Spire (QoL Compilation)","Quick Restart","Rare Cards Sparkle","Relic Stats","StSLib"],"gold_per_floor":[14,14,28,28,53,53,86,11,11,11,11,30,45,70,70,168,168,181,12,30,30,30,30,64,64,87,87,122,6,6,6],"floor_reached":30,"language":"ENG","playtime":1120,"items_purged":["Strike_R"],"score":557,"play_id":"c5e0c663-5dc9-4bda-9236-03fe2f475523","local_time":"20210210203157","is_ascension_mode":true,"campfire_choices":[{"floor":6,"key":"REST"},{"floor":10,"key":"REST"},{"floor":15,"key":"REST"},{"data":"Flex","floor":23,"key":"SMITH"},{"floor":25,"key":"REST"},{"floor":27,"key":"REST"}],"circlet_count":0,"master_deck":["AscendersBane","Strike_R","Strike_R","Strike_R","Strike_R","Defend_R","Defend_R","Defend_R","Defend_R","Bash","Whirlwind+1","Sword Boomerang","Thunderclap","Disarm","Shockwave","Flex+1","Double Tap","CurseOfTheBell","Shame","Flex","Shrug It Off","Pummel"],"relics":["Burning Blood","Golden Idol","StrikeDummy","Orichalcum","Calling Bell","Ancient Tea Set","HornCleat","Torii","Oddly Smooth Stone","Darkstone Periapt","The Courier","MealTicket","Charon\u0027s Ashes"],"acts_visited":["Exordium","TheCity"],"potions_floor_usage":[7,16,20,24,28,30],"damage_taken":[{"damage":15,"enemies":"Small Slimes","floor":1,"turns":5},{"damage":9,"enemies":"Jaw Worm","floor":3,"turns":3},{"damage":12,"enemies":"Cultist","floor":5,"turns":4},{"damage":52,"enemies":"Lagavulin","floor":7,"turns":10},{"damage":0,"enemies":"2 Fungi Beasts","floor":12,"turns":2},{"damage":13,"enemies":"Blue Slaver","floor":13,"turns":3},{"damage":0,"enemies":"Exordium Thugs","floor":14,"turns":4},{"damage":44,"enemies":"The Guardian","floor":16,"turns":10},{"damage":1,"enemies":"Chosen","floor":18,"turns":5},{"damage":28,"enemies":"3 Byrds","floor":20,"turns":5},{"damage":72,"enemies":"Slavers","floor":24,"turns":10},{"damage":34,"enemies":"Book of Stabbing","floor":28,"turns":7},{"damage":61,"enemies":"Slavers","floor":30,"turns":3}],"seed_played":"-6807114831235311232","potions_obtained":[{"floor":5,"key":"SkillPotion"},{"floor":12,"key":"ColorlessPotion"},{"floor":13,"key":"Ancient Potion"},{"floor":16,"key":"Regen Potion"},{"floor":20,"key":"Swift Potion"},{"floor":24,"key":"PowerPotion"}],"is_trial":false,"path_per_floor":["M","?","M","?","M","R","E","$","T","R","?","M","M","M","R","B",null,"M","$","M","?","?","R","E","R","T","R","E","$","E"],"character_chosen":"IRONCLAD","items_purchased":["Oddly Smooth Stone","Shrug It Off","Pummel"],"campfire_rested":5,"item_purchase_floors":[19,29,29],"current_hp_per_floor":[73,73,70,39,33,59,13,13,13,39,39,45,38,44,70,32,75,80,80,67,67,73,73,7,35,35,63,35,50,0,0],"gold":6,"neow_bonus":"TWENTY_PERCENT_HP_BONUS","is_daily":false,"chose_seed":false,"campfire_upgraded":1,"win_rate":0.0,"timestamp":1612953117,"path_taken":["M","?","M","?","M","R","E","?","T","R","?","?","M","M","R","BOSS","M","?","M","?","?","R","E","R","T","R","E","?","E"],"items_purchased_type":["Relic","Card","Card"],"build_version":"2020-12-22","purchased_purges":1,"victory":false,"max_hp_per_floor":[89,89,89,89,89,89,89,89,89,89,89,89,89,89,89,89,89,89,89,89,89,95,95,95,95,95,95,95,95,95,95],"relic_stats":{"Darkstone Periapt":6,"Torii":44,"counters":[13,71],"Golden Idol":65,"MealTicket":15,"Charon\u0027s Ashes":[24],"Orichalcum":[168],"obtain_stats":[{"Darkstone Periapt":22,"Torii":17,"Golden Idol":4,"Oddly Smooth Stone":19,"The Courier":24,"Charon\u0027s Ashes":28,"Orichalcum":9,"Ancient Tea Set":17,"Burning Blood":0,"Calling Bell":17,"HornCleat":17,"MealTicket":26,"StrikeDummy":7},{"Darkstone Periapt":10,"Torii":8,"Golden Idol":2,"Oddly Smooth Stone":9,"The Courier":11,"Charon\u0027s Ashes":12,"Orichalcum":4,"Ancient Tea Set":8,"Burning Blood":0,"Calling Bell":8,"HornCleat":8,"MealTicket":11,"StrikeDummy":4},{"Darkstone Periapt":51,"Torii":41,"Golden Idol":8,"Oddly Smooth Stone":46,"The Courier":61,"Charon\u0027s Ashes":68,"Orichalcum":22,"Ancient Tea Set":41,"Burning Blood":0,"Calling Bell":41,"HornCleat":41,"MealTicket":61,"StrikeDummy":22}],"Burning Blood":72},"card_choices":[{"not_picked":["Havoc","Combust"],"picked":"Whirlwind","floor":1},{"not_picked":["Twin Strike","Dark Embrace"],"picked":"Sword Boomerang","floor":3},{"not_picked":["Reckless Charge","Carnage"],"picked":"Thunderclap","floor":5},{"not_picked":["Sword Boomerang","Searing Blow"],"picked":"Disarm","floor":7},{"not_picked":["Flame Barrier","Whirlwind","Pommel Strike"],"picked":"SKIP","floor":12},{"not_picked":["Havoc","Battle Trance"],"picked":"Shockwave","floor":13},{"not_picked":["Headbutt","Clothesline"],"picked":"Flex","floor":14},{"not_picked":["Immolate","Exhume"],"picked":"Double Tap","floor":16},{"not_picked":["True Grit","Pommel Strike","Warcry"],"picked":"SKIP","floor":18},{"not_picked":["True Grit","Pommel Strike","Warcry"],"picked":"SKIP","floor":18},{"not_picked":["Clash+1","Entrench","Cleave+1"],"picked":"SKIP","floor":20},{"not_picked":["Spot Weakness","Sentinel","Seeing Red"],"picked":"SKIP","floor":24},{"not_picked":["Bludgeon","Pummel"],"picked":"Flex","floor":28}],"player_experience":2360863,"relics_obtained":[{"floor":7,"key":"StrikeDummy"},{"floor":9,"key":"Orichalcum"},{"floor":17,"key":"Ancient Tea Set"},{"floor":17,"key":"HornCleat"},{"floor":17,"key":"Torii"},{"floor":24,"key":"The Courier"},{"floor":26,"key":"MealTicket"},{"floor":28,"key":"Charon\u0027s Ashes"}],"event_choices":[{"damage_healed":0,"gold_gain":0,"player_choice":"Grow","damage_taken":0,"max_hp_gain":0,"max_hp_loss":0,"event_name":"Living Wall","floor":2,"gold_loss":0,"cards_upgraded":["Whirlwind"]},{"damage_healed":0,"gold_gain":0,"player_choice":"Take Damage","damage_taken":31,"relics_obtained":["Golden Idol"],"max_hp_gain":0,"max_hp_loss":0,"event_name":"Golden Idol","floor":4,"gold_loss":0},{"damage_healed":0,"gold_gain":0,"player_choice":"Ignored","damage_taken":0,"max_hp_gain":0,"max_hp_loss":0,"event_name":"Liars Game","floor":11,"gold_loss":0},{"damage_healed":0,"gold_gain":0,"player_choice":"Ignored","damage_taken":0,"max_hp_gain":0,"max_hp_loss":0,"event_name":"Vampires","floor":21,"gold_loss":0},{"damage_healed":0,"gold_gain":0,"player_choice":"Stole Relic","damage_taken":0,"relics_obtained":["Darkstone Periapt"],"max_hp_gain":0,"max_hp_loss":0,"event_name":"Addict","floor":22,"gold_loss":0,"cards_obtained":["Shame"]}],"is_beta":false,"boss_relics":[{"not_picked":["Empty Cage","Busted Crown"],"picked":"Calling Bell"}],"items_purged_floors":[8],"is_endless":false,"potions_floor_spawned":[5,12,13,16,18,20,24],"killed_by":"Slavers","ascension_level":20}}