{"host":"rmsq46plbpwfbxcc","time":1612935580,"event":{"mods":["AchievementEnabler","BaseMod","Colored Map","Colored Powertips","DeckTracker","KOR Keyword Fix","Minty Spire (QoL Compilation)","Permanent Neow","Quick Restart","SuperFastMode"],"gold_per_floor":[119,130,130,149,160,160,178,178,178,178,178],"floor_reached":10,"language":"KOR","playtime":233,"items_purged":[],"score":114,"play_id":"6f0959dc-f5e3-4ccf-b494-7fef5b9b52c4","local_time":"20210210143940","is_ascension_mode":true,"campfire_choices":[{"data":"Neutralize","floor":6,"key":"SMITH"},{"data":"Choke","floor":8,"key":"SMITH"}],"circlet_count":0,"master_deck":["AscendersBane","Strike_G","Strike_G","Strike_G","Strike_G","Strike_G","Defend_G","Defend_G","Defend_G","Defend_G","Survivor","Neutralize+1","Accuracy","Backflip","Heel Hook","Choke+1","PiercingWail"],"relics":["Coffee Dripper","CeramicFish"],"acts_visited":["Exordium"],"potions_floor_usage":[],"damage_taken":[{"damage":0,"enemies":"Cultist","floor":1,"turns":4},{"damage":0,"enemies":"2 Louse","floor":2,"turns":4},{"damage":0,"enemies":"Small Slimes","floor":4,"turns":4},{"damage":3,"enemies":"2 Fungi Beasts","floor":5,"turns":4},{"damage":28,"enemies":"Large Slime","floor":7,"turns":8},{"damage":20,"enemies":"3 Sentries","floor":10,"turns":3}],"seed_played":"6283793547432419608","potions_obtained":[{"floor":2,"key":"EssenceOfSteel"},{"floor":4,"key":"SpeedPotion"}],"is_trial":false,"path_per_floor":["M","M","?","M","M","R","M","R","T","E"],"character_chosen":"THE_SILENT","items_purchased":[],"campfire_rested":0,"item_purchase_floors":[],"current_hp_per_floor":[59,59,59,59,56,56,28,28,28,8,8],"gold":178,"neow_bonus":"BOSS_RELIC","is_daily":false,"chose_seed":false,"campfire_upgraded":2,"win_rate":0.0,"timestamp":1612935580,"path_taken":["M","?","?","M","?","R","M","R","T","E"],"items_purchased_type":[],"build_version":"2020-12-22","purchased_purges":0,"victory":false,"max_hp_per_floor":[66,66,66,66,66,66,66,66,66,66,66],"card_choices":[{"not_picked":["Deadly Poison","Bane"],"picked":"Accuracy","floor":1},{"not_picked":["Poisoned Stab","Crippling Poison"],"picked":"Backflip","floor":2},{"not_picked":["Dagger Throw","Bane"],"picked":"Choke","floor":4},{"not_picked":["Bouncing Flask","Outmaneuver","Dagger Throw"],"picked":"SKIP","floor":5},{"not_picked":["Dagger Throw","Quick Slash"],"picked":"PiercingWail","floor":7}],"player_experience":683594,"relics_obtained":[{"floor":9,"key":"CeramicFish"}],"event_choices":[{"damage_healed":0,"gold_gain":0,"cards_transformed":["Defend_G"],"player_choice":"Transformed","damage_taken":0,"max_hp_gain":0,"max_hp_loss":0,"event_name":"Transmorgrifier","floor":3,"gold_loss":0,"cards_obtained":["Heel Hook"]}],"is_beta":false,"boss_relics":[],"items_purged_floors":[],"is_endless":false,"potions_floor_spawned":[2,4],"killed_by":"3 Sentries","ascension_level":18}}