{"host":"28p8ce41sjwa6lzf","time":1612970663,"event":{"mods":["BaseMod","Bestiary","Colored Map","Colored Powertips","Dark Map","Highlight Path","Minty Spire (QoL Compilation)","Permanent Neow","Quick Restart","Random Character Button","Rare Cards Sparkle","Relic Stats","StSLib","Unceasing Turn Reminder"],"gold_per_floor":[117,135,146,165,179,179,207,225,252,293,293,293,347,385,397,492,504,543,555,587,615,651,663,675,675],"floor_reached":24,"language":"ENG","playtime":1549,"items_purged":[],"score":494,"play_id":"996e1ec1-8494-45c7-ab87-068b737787cd","local_time":"20210210092423","is_ascension_mode":true,"campfire_choices":[{"data":"Rampage","floor":6.0,"key":"SMITH"},{"data":"Dual Wield","floor":11.0,"key":"SMITH"},{"data":"Metallicize","floor":15.0,"key":"SMITH"},{"floor":23,"key":"REST"}],"circlet_count":0,"master_deck":["AscendersBane","Strike_R","Strike_R","Strike_R","Strike_R","Strike_R","Defend_R","Defend_R","Defend_R","Defend_R","Bash","Violence","Rampage+1","Dual Wield+1","Shrug It Off","Headbutt","Havoc","Warcry","Cleave","Metallicize+1","Warcry","Exhume","Juggernaut","Metallicize","Dual Wield"],"relics":["Burning Blood","Orichalcum","CeramicFish","Nunchaku","MawBank","Bag of Preparation","Sozu"],"acts_visited":["Exordium","TheCity"],"potions_floor_usage":[24],"damage_taken":[{"damage":1.0,"enemies":"Cultist","floor":1.0,"turns":3.0},{"damage":6.0,"enemies":"2 Louse","floor":2.0,"turns":4.0},{"damage":9.0,"enemies":"Jaw Worm","floor":3.0,"turns":4.0},{"damage":4.0,"enemies":"Looter","floor":4.0,"turns":4.0},{"damage":16.0,"enemies":"Blue Slaver","floor":5.0,"turns":5.0},{"damage":8.0,"enemies":"Gremlin Nob","floor":7.0,"turns":3.0},{"damage":6.0,"enemies":"Exordium Thugs","floor":8.0,"turns":4.0},{"damage":4.0,"enemies":"3 Sentries","floor":10.0,"turns":4.0},{"damage":0.0,"enemies":"Gremlin Nob","floor":13.0,"turns":3.0},{"damage":2.0,"enemies":"2 Fungi Beasts","floor":14.0,"turns":4.0},{"damage":24.0,"enemies":"Hexaghost","floor":16.0,"turns":8.0},{"damage":16.0,"enemies":"2 Thieves","floor":18.0,"turns":4.0},{"damage":11.0,"enemies":"Shell Parasite","floor":20.0,"turns":7.0},{"damage":12.0,"enemies":"Sentry and Sphere","floor":21.0,"turns":7.0},{"damage":18,"enemies":"Snecko","floor":22,"turns":6},{"damage":52,"enemies":"Book of Stabbing","floor":24,"turns":4}],"seed_played":"-7385576269058878304","potions_obtained":[{"floor":1.0,"key":"SneckoOil"},{"floor":3.0,"key":"PowerPotion"},{"floor":4.0,"key":"SteroidPotion"},{"floor":8.0,"key":"EntropicBrew"},{"floor":13.0,"key":"GamblersBrew"},{"floor":14.0,"key":"ColorlessPotion"}],"is_trial":false,"path_per_floor":["M","M","M","M","M","R","E","M","T","E","R","?","E","M","R","B",null,"M","?","M","M","M","R","E"],"character_chosen":"IRONCLAD","items_purchased":[],"campfire_rested":1,"item_purchase_floors":[],"current_hp_per_floor":[55,55,52,54,44,44,42,42,42,44,44,33,39,43,43,25,63,53,53,48,42,30,52,0,0],"gold":675,"neow_bonus":"RANDOM_COLORLESS_2","is_daily":false,"chose_seed":false,"campfire_upgraded":3,"win_rate":0.0,"timestamp":1612970663,"path_taken":["M","M","M","M","?","R","E","M","T","E","R","?","E","M","R","BOSS","M","?","M","M","M","R","E"],"items_purchased_type":[],"build_version":"2020-12-22","purchased_purges":0,"victory":false,"max_hp_per_floor":[75,75,75,75,75,75,75,75,75,75,75,75,75,75,75,75,75,75,75,75,75,75,75,75,75],"relic_stats":{"Sozu":1,"Nunchaku":[8],"counters":[16,74],"CeramicFish":54,"Bag of Preparation":[14],"Orichalcum":[174],"MawBank":144,"obtain_stats":[{"Sozu":17,"Nunchaku":10,"CeramicFish":9,"Bag of Preparation":13,"Orichalcum":7,"MawBank":12,"Burning Blood":0},{"Sozu":11,"Nunchaku":8,"CeramicFish":7,"Bag of Preparation":9,"Orichalcum":6,"MawBank":8,"Burning Blood":0},{"Sozu":46,"Nunchaku":31,"CeramicFish":27,"Bag of Preparation":34,"Orichalcum":23,"MawBank":31,"Burning Blood":0}],"Burning Blood":90},"card_choices":[{"not_picked":["Mayhem","Metamorphosis"],"picked":"Violence","floor":0.0},{"not_picked":["Ghostly Armor","Iron Wave"],"picked":"Rampage","floor":1.0},{"not_picked":["Armaments","Perfected Strike"],"picked":"Dual Wield","floor":2.0},{"not_picked":["Warcry","Blood for Blood"],"picked":"Shrug It Off","floor":3.0},{"not_picked":["Anger","Cleave"],"picked":"Headbutt","floor":4.0},{"not_picked":["Warcry","Bloodletting"],"picked":"Havoc","floor":5.0},{"not_picked":["Rupture","Fire Breathing"],"picked":"Warcry","floor":7.0},{"not_picked":["Anger","Clash"],"picked":"Cleave","floor":8.0},{"not_picked":["Pommel Strike","Seeing Red"],"picked":"Metallicize","floor":10.0},{"not_picked":["Whirlwind","Havoc"],"picked":"Warcry","floor":13.0},{"not_picked":["Searing Blow","Warcry"],"picked":"Exhume","floor":14.0},{"not_picked":["Demon Form","Corruption"],"picked":"Juggernaut","floor":16.0},{"not_picked":["Evolve","Shrug It Off"],"picked":"Metallicize","floor":18.0},{"not_picked":["Armaments","Evolve","Cleave"],"picked":"SKIP","floor":20.0},{"not_picked":["Pommel Strike","Bloodletting","Wild Strike"],"picked":"SKIP","floor":21.0},{"not_picked":["Seeing Red","Dropkick"],"picked":"Dual Wield","floor":22}],"player_experience":1016867,"relics_obtained":[{"floor":7.0,"key":"Orichalcum"},{"floor":9.0,"key":"CeramicFish"},{"floor":10.0,"key":"Nunchaku"},{"floor":13.0,"key":"Bag of Preparation"}],"event_choices":[{"damage_healed":0.0,"max_hp_gain":0.0,"max_hp_loss":0.0,"gold_gain":0.0,"event_name":"Scrap Ooze","player_choice":"Success","floor":12.0,"gold_loss":0.0,"damage_taken":11.0,"relics_obtained":["MawBank"]},{"damage_healed":0.0,"max_hp_gain":0.0,"max_hp_loss":0.0,"gold_gain":0.0,"event_name":"Vampires","player_choice":"Ignored","floor":19.0,"gold_loss":0.0,"damage_taken":0.0}],"is_beta":false,"boss_relics":[{"not_picked":["Pandora\u0027s Box","SacredBark"],"picked":"Sozu"}],"items_purged_floors":[],"is_endless":false,"potions_floor_spawned":[1,3,4,8,13,14,20],"killed_by":"Book of Stabbing","ascension_level":20}}