{"host":"cj3w8v5z0njuqga9","time":1612943604,"event":{"mods":["BaseMod","BetterRewards","Card Forge","Colored Powertips","Custom Start","Minty Spire (QoL Compilation)","Permanent Neow","Relic Stats","Shop Mod","StSLib"],"gold_per_floor":[112,122,132,145,220,245,265,265,290,314,28,53,53,86,86,181,181,201,201,224,240,166,166,199,220,244,265,109,109,34,49,49,144,144,160,160,185,10,31,31,67,67,67,67,8,22,42,57,57,57,57,57,18,58,58,58],"floor_reached":55,"language":"ENG","playtime":2651,"items_purged":["Strike_B","Strike_B","Defend_B"],"score":1137,"play_id":"a4237f20-a856-493b-bff8-e2cebb9c9170","local_time":"20210210015324","is_ascension_mode":true,"campfire_choices":[{"floor":8.0,"key":"REST"},{"floor":15.0,"key":"REST"},{"floor":23.0,"key":"REST"},{"floor":32.0,"key":"REST"},{"floor":40.0,"key":"REST"},{"floor":42.0,"key":"REST"},{"floor":49.0,"key":"RECALL"},{"floor":52.0,"key":"REST"}],"circlet_count":0,"master_deck":["AscendersBane","Strike_B","Defend_B","Defend_B","Defend_B","Zap","Genetic Algorithm","Ball Lightning","Sunder+1","Conserve Battery+1","Creative AI+1","Buffer+1","Fission+1","Stack","Chill","Cold Snap","Chaos","Doom and Gloom","Capacitor","Echo Form","CurseOfTheBell","Defragment+1","Glacier+1","Loop+1","White Noise+1","Turbo+1","Force Field","Defragment"],"relics":["Hammer of Thor","Seething Fire","Anvil of the Gods","Fusion Hammer","Pear","Orichalcum","DataDisk","Membership Card","Potion Belt","Golden Idol","Bronze Scales","SlaversCollar","Blood Vial","PreservedInsect","Enchiridion","Calling Bell","Vajra","Symbiotic Virus","Pocketwatch","TungstenRod","Toy Ornithopter","Bottled Lightning","WarpedTongs","Happy Flower"],"acts_visited":["Exordium","TheCity","TheBeyond","TheEnding"],"potions_floor_usage":[55],"damage_taken":[{"damage":0.0,"enemies":"Cultist","floor":1.0,"turns":3.0},{"damage":2.0,"enemies":"2 Louse","floor":2.0,"turns":3.0},{"damage":2.0,"enemies":"Jaw Worm","floor":3.0,"turns":3.0},{"damage":6.0,"enemies":"Blue Slaver","floor":4.0,"turns":4.0},{"damage":29.0,"enemies":"Gremlin Nob","floor":6.0,"turns":5.0},{"damage":22.0,"enemies":"Large Slime","floor":7.0,"turns":4.0},{"damage":13.0,"enemies":"Lagavulin","floor":12.0,"turns":7.0},{"damage":5.0,"enemies":"Gremlin Nob","floor":14.0,"turns":3.0},{"damage":33.0,"enemies":"The Guardian","floor":16.0,"turns":9.0},{"damage":9.0,"enemies":"Shell Parasite","floor":18.0,"turns":8.0},{"damage":8.0,"enemies":"3 Byrds","floor":20.0,"turns":4.0},{"damage":20.0,"enemies":"Centurion and Healer","floor":21.0,"turns":6.0},{"damage":19.0,"enemies":"Book of Stabbing","floor":24.0,"turns":6.0},{"damage":4.0,"enemies":"Snake Plant","floor":25.0,"turns":4.0},{"damage":11.0,"enemies":"Snecko","floor":27.0,"turns":6.0},{"damage":0.0,"enemies":"Centurion and Healer","floor":31.0,"turns":4.0},{"damage":24.0,"enemies":"Collector","floor":33.0,"turns":8.0},{"damage":11.0,"enemies":"3 Shapes","floor":35.0,"turns":3.0},{"damage":0.0,"enemies":"Orb Walker","floor":37.0,"turns":4.0},{"damage":16.0,"enemies":"4 Shapes","floor":39.0,"turns":6.0},{"damage":14.0,"enemies":"Nemesis","floor":41.0,"turns":5.0},{"damage":21.0,"enemies":"Writhing Mass","floor":46.0,"turns":4.0},{"damage":0.0,"enemies":"Sphere and 2 Shapes","floor":47.0,"turns":4.0},{"damage":0.0,"enemies":"Maw","floor":48.0,"turns":7.0},{"damage":43.0,"enemies":"Awakened One","floor":50.0,"turns":11.0},{"damage":17.0,"enemies":"Shield and Spear","floor":54.0,"turns":8.0},{"damage":78,"enemies":"The Heart","floor":55,"turns":8}],"seed_played":"3770021959801132946","potions_obtained":[{"floor":4.0,"key":"Weak Potion"},{"floor":6.0,"key":"Energy Potion"},{"floor":12.0,"key":"Energy Potion"},{"floor":16.0,"key":"BlessingOfTheForge"},{"floor":21.0,"key":"SpeedPotion"},{"floor":24.0,"key":"SkillPotion"},{"floor":27.0,"key":"DuplicationPotion"},{"floor":33.0,"key":"FocusPotion"},{"floor":39.0,"key":"Strength Potion"},{"floor":41.0,"key":"SkillPotion"},{"floor":47.0,"key":"BlessingOfTheForge"},{"floor":48.0,"key":"Ancient Potion"}],"is_trial":false,"path_per_floor":["M","M","M","M","?","E","M","R","T","T","$","E","?","E","R","B",null,"M","?","M","M","$","R","E","M","T","M","$","?","?","M","R","B",null,"M","?","M","$","M","R","E","R","T","?","$","M","M","M","R","B",null,"R","$","E","B"],"character_chosen":"DEFECT","items_purchased":["Membership Card","Creative AI","PowerPotion","Cold Snap","Capacitor","PreservedInsect","TungstenRod","FocusPotion","Loop","White Noise","Defragment"],"campfire_rested":7,"item_purchase_floors":[11,11,11,22,28,28,38,38,45,45,53],"current_hp_per_floor":[68,66,64,58,47,28,6,31,31,31,31,18,18,13,38,5,65,56,56,48,28,28,53,34,32,32,23,23,7,7,9,34,12,67,58,58,60,60,46,70,58,81,81,81,81,60,62,64,64,28,68,81,81,69,0,0],"gold":58,"neow_bonus":"BOSS_RELIC","is_daily":false,"chose_seed":false,"campfire_upgraded":0,"win_rate":0.0,"timestamp":1612943604,"path_taken":["M","M","?","M","?","E","M","R","T","?","?","E","?","E","R","BOSS","M","?","?","M","$","R","E","M","T","M","$","?","?","M","R","BOSS","M","?","M","$","M","R","E","R","T","?","$","M","?","M","R","BOSS","R","$","E","BOSS"],"items_purchased_type":["Relic","Card","Potion","Card","Card","Relic","Relic","Potion","Card","Card","Card"],"build_version":"2020-12-22","purchased_purges":3,"victory":false,"max_hp_per_floor":[75,75,75,75,75,85,85,85,85,85,85,85,85,85,85,85,85,85,85,85,85,85,85,85,85,85,85,85,85,85,85,85,85,85,85,81,81,81,81,81,81,81,81,81,81,81,81,81,81,81,81,81,81,81,81,81],"relic_stats":{"Blood Vial":24,"Happy Flower":[2],"counters":[27,147],"Golden Idol":131,"Bronze Scales":[515],"PreservedInsect":127,"Orichalcum":[114],"obtain_stats":[{"Enchiridion":29,"Vajra":34,"Hammer of Thor":0,"Blood Vial":24,"Fusion Hammer":0,"Cracked Core":0,"Potion Belt":12,"Pear":6,"Happy Flower":54,"Golden Idol":13,"PreservedInsect":28,"Seething Fire":0,"Orichalcum":9,"WarpedTongs":44,"Calling Bell":34,"SlaversCollar":17,"DataDisk":10,"Anvil of the Gods":0,"Bronze Scales":14,"Membership Card":11,"Bottled Lightning":43,"Symbiotic Virus":34,"TungstenRod":38,"Toy Ornithopter":41,"Pocketwatch":34},{"Enchiridion":15,"Vajra":17,"Hammer of Thor":0,"Blood Vial":13,"Fusion Hammer":0,"Cracked Core":0,"Potion Belt":7,"Pear":5,"Happy Flower":26,"Golden Idol":7,"PreservedInsect":15,"Seething Fire":0,"Orichalcum":6,"WarpedTongs":21,"Calling Bell":17,"SlaversCollar":9,"DataDisk":6,"Anvil of the Gods":0,"Bronze Scales":8,"Membership Card":6,"Bottled Lightning":21,"Symbiotic Virus":17,"TungstenRod":19,"Toy Ornithopter":21,"Pocketwatch":17},{"Enchiridion":75,"Vajra":87,"Hammer of Thor":0,"Blood Vial":65,"Fusion Hammer":0,"Cracked Core":0,"Potion Belt":29,"Pear":18,"Happy Flower":139,"Golden Idol":29,"PreservedInsect":75,"Seething Fire":0,"Orichalcum":22,"WarpedTongs":105,"Calling Bell":87,"SlaversCollar":41,"DataDisk":22,"Anvil of the Gods":0,"Bronze Scales":32,"Membership Card":22,"Bottled Lightning":105,"Symbiotic Virus":87,"TungstenRod":94,"Toy Ornithopter":105,"Pocketwatch":87}],"TungstenRod":25,"Toy Ornithopter":15,"Pocketwatch":[21],"WarpedTongs":[42]},"card_choices":[{"not_picked":["Beam Cell","Compile Driver"],"picked":"Genetic Algorithm","floor":1.0},{"not_picked":["Streamline","Hologram"],"picked":"Ball Lightning","floor":2.0},{"not_picked":["BootSequence","Steam","Hologram"],"picked":"SKIP","floor":3.0},{"not_picked":["Stack","Genetic Algorithm","Steam"],"picked":"SKIP","floor":4.0},{"not_picked":["Static Discharge","Melter"],"picked":"Sunder","floor":6.0},{"not_picked":["Sweeping Beam","Reprogram"],"picked":"Conserve Battery","floor":7.0},{"not_picked":["Compile Driver","Rebound","Conserve Battery"],"picked":"SKIP","floor":12.0},{"not_picked":["Redo","Rip and Tear"],"picked":"Buffer","floor":14.0},{"not_picked":["Machine Learning","Thunder Strike"],"picked":"Fission","floor":16.0},{"not_picked":["Gash","Hologram","Go for the Eyes"],"picked":"SKIP","floor":18.0},{"not_picked":["Reinforced Body","Darkness"],"picked":"Chill","floor":20.0},{"not_picked":["Stack+1","Beam Cell","Aggregate"],"picked":"SKIP","floor":21.0},{"not_picked":["Beam Cell","Go for the Eyes","Streamline"],"picked":"SKIP","floor":24.0},{"not_picked":["Barrage","FTL"],"picked":"Chaos","floor":25.0},{"not_picked":["FTL","Cold Snap"],"picked":"Doom and Gloom","floor":27.0},{"not_picked":["Compile Driver","Fusion","FTL"],"picked":"SKIP","floor":31.0},{"not_picked":["Meteor Strike","Buffer"],"picked":"Echo Form","floor":33.0},{"not_picked":["Stack","Barrage"],"picked":"Defragment","floor":35.0},{"not_picked":["Hologram","Stack","Gash"],"picked":"SKIP","floor":37.0},{"not_picked":["Cold Snap","Machine Learning"],"picked":"Glacier+1","floor":39.0},{"not_picked":["Streamline+1","Steam","Skim"],"picked":"SKIP","floor":41.0},{"not_picked":["Rip and Tear","Cold Snap"],"picked":"Turbo+1","floor":46.0},{"not_picked":["Chaos","Rebound+1"],"picked":"Force Field","floor":47.0},{"not_picked":["Doom and Gloom","Conserve Battery+1","Auto Shields"],"picked":"SKIP","floor":48.0},{"not_picked":["Tempest","Genetic Algorithm+1","Ball Lightning"],"picked":"SKIP","floor":54.0}],"player_experience":379779,"relics_obtained":[{"floor":6.0,"key":"Pear"},{"floor":9.0,"key":"Orichalcum"},{"floor":10.0,"key":"DataDisk"},{"floor":12.0,"key":"Potion Belt"},{"floor":14.0,"key":"Bronze Scales"},{"floor":24.0,"key":"Blood Vial"},{"floor":29.0,"key":"Enchiridion"},{"floor":34.0,"key":"Vajra"},{"floor":34.0,"key":"Symbiotic Virus"},{"floor":34.0,"key":"Pocketwatch"},{"floor":41.0,"key":"Toy Ornithopter"},{"floor":43.0,"key":"Bottled Lightning"},{"floor":54.0,"key":"Happy Flower"}],"event_choices":[{"damage_healed":0.0,"max_hp_gain":0.0,"max_hp_loss":0.0,"gold_gain":75.0,"event_name":"World of Goop","player_choice":"Gather Gold","floor":5.0,"gold_loss":0.0,"damage_taken":11.0},{"damage_healed":0.0,"max_hp_gain":0.0,"max_hp_loss":0.0,"gold_gain":0.0,"event_name":"Golden Idol","player_choice":"Take Wound","floor":13.0,"gold_loss":0.0,"damage_taken":0.0,"relics_obtained":["Golden Idol"],"cards_obtained":["Injury"]},{"damage_healed":0.0,"max_hp_gain":0.0,"max_hp_loss":0.0,"gold_gain":0.0,"cards_transformed":["Strike_B"],"event_name":"Transmorgrifier","player_choice":"Transformed","floor":19.0,"gold_loss":0.0,"damage_taken":0.0,"cards_obtained":["Stack"]},{"damage_healed":0.0,"max_hp_gain":0.0,"max_hp_loss":0.0,"gold_gain":0.0,"event_name":"Cursed Tome","player_choice":"Obtained Book","floor":29.0,"gold_loss":0.0,"damage_taken":16.0},{"cards_removed":["Dualcast"],"damage_healed":0.0,"max_hp_gain":0.0,"max_hp_loss":0.0,"gold_gain":0.0,"event_name":"Beggar","player_choice":"Gave Gold","floor":30.0,"gold_loss":75.0,"damage_taken":0.0},{"damage_healed":0.0,"max_hp_gain":0.0,"max_hp_loss":4.0,"gold_gain":0.0,"event_name":"Winding Halls","player_choice":"Max HP","floor":36.0,"gold_loss":0.0,"damage_taken":0.0},{"damage_healed":0.0,"max_hp_gain":0.0,"max_hp_loss":0.0,"gold_gain":0.0,"event_name":"Accursed Blacksmith","player_choice":"Rummage","floor":44.0,"gold_loss":0.0,"damage_taken":0.0,"relics_obtained":["WarpedTongs"],"cards_obtained":["Pain"]}],"is_beta":false,"boss_relics":[{"not_picked":["Busted Crown","Tiny House"],"picked":"SlaversCollar"},{"not_picked":["Empty Cage","Velvet Choker"],"picked":"Calling Bell"}],"items_purged_floors":[11,22,28],"is_endless":false,"potions_floor_spawned":[4,6,12,16,21,24,27,33,39,41,47,48],"killed_by":"The Heart","ascension_level":13}}