{"host":"g9lyg94sknivkiz4","time":1612925313,"event":{"mods":["AchievementEnabler","Act Like it!","Art Attack!","Aspiration","BaseMod","Better Altar","Better Match","Better Note","Better Skull","Better Third Choice","BetterRewards","Colored Map","Conspire","Defuse TimeMaze Blight","Dio Mod","Downfall","Elementarium","Energized Spire","GifTheSpireLib","Gold Saver","Googly Eyes","Hallownest","Hubris","Hyrulean Relics","Infinite Spire","Melee Mod","Mimic Mod","Minty Spire (QoL Compilation)","Morshu Shopkeeper","RRrroohrrRGHHhhh!!","Replay The Spire","SCP261 Mod","Shop Mod","Small Relic Pack","Spicy Shops","StSLib","Steal the Spire","Td1madao Mod","The Alterego","The Blue Laboratory","The Forsaken","The Servant 0.9.4","The Wild Card"],"gold_per_floor":[111,127,127,127,127,127,142,142,142,203,203,230,245,263,263,263,263],"floor_reached":16,"language":"ENG","playtime":705,"items_purged":[],"score":100,"play_id":"4f66cbb5-e74d-4398-bdc7-6f4e9d625d13","local_time":"20210209194833","is_ascension_mode":false,"campfire_choices":[{"data":"dioMod:FlyAway","floor":6,"key":"SMITH"},{"data":"dioMod:TheWalk","floor":15,"key":"SMITH"}],"circlet_count":0,"master_deck":["ArtAttackMod:ArtAttack","dioMod:Strike","dioMod:Strike","Bite","dioMod:Defend","dioMod:Defend","dioMod:FlyAway+1","dioMod:CautiousMuda","relicPack:TruthCard","alterego_mod:Weigh","Impervious","hexamod:UnleashSpirits","dioMod:TheWalk+1","dioMod:Roundabout","dioMod:Freeze"],"relics":["dioMod:VampireBlood","NeowsBlessing","theForsaken:PlagueMask","relicPack:AllForOne","Blood Vial","infinitespire:Broken Mirror","relicPack:EdsArm","aspiration:DSix"],"acts_visited":["Exordium"],"potions_floor_usage":[10,10],"damage_taken":[{"damage":0,"enemies":"Cultist","floor":1,"turns":1},{"damage":0,"enemies":"Small Slimes","floor":2,"turns":1},{"damage":0,"enemies":"2 Louse","floor":7,"turns":1},{"damage":52,"enemies":"Lagavulin Event","floor":10,"turns":8},{"damage":11,"enemies":"3 Sentries","floor":12,"turns":7},{"damage":9,"enemies":"Blue Slaver","floor":13,"turns":3},{"damage":11,"enemies":"Exordium Thugs","floor":14,"turns":5},{"damage":55,"enemies":"Fading Forest","floor":16,"turns":8}],"seed_played":"-3704404842126127929","potions_obtained":[{"floor":1,"key":"BlessingOfTheForge"},{"floor":7,"key":"dioMod:HumanBlood"},{"floor":13,"key":"hexamod:SoulburnPotion"},{"floor":14,"key":"blueLaboratory:NullPotion"}],"is_trial":false,"path_per_floor":["M","M","?","?","?","R","M","$","T","?","?","E","M","M","R","B"],"character_chosen":"THE_DEFAULT","items_purchased":[],"campfire_rested":0,"item_purchase_floors":[],"current_hp_per_floor":[75,75,75,75,75,75,75,75,75,32,32,34,32,33,33,0,0],"gold":263,"neow_bonus":"THREE_ENEMY_KILL","is_daily":false,"chose_seed":false,"campfire_upgraded":2,"win_rate":0.0,"timestamp":1612925313,"path_taken":["M","M","?","?","?","R","?","$","T","?","?","E","M","M","R","BOSS"],"items_purchased_type":[],"build_version":"2020-12-22","purchased_purges":0,"victory":false,"max_hp_per_floor":[75,75,75,75,75,75,75,75,75,75,70,70,70,70,70,70,70],"card_choices":[{"not_picked":["dioMod:VengefulMuda","dioMod:Hiss"],"picked":"dioMod:FlyAway","floor":1},{"not_picked":["dioMod:BloodTransfusion","dioMod:BloodShield"],"picked":"dioMod:LaserVision","floor":2},{"not_picked":["dioMod:WRYYY","dioMod:ComposedMuda"],"picked":"dioMod:CautiousMuda","floor":7},{"not_picked":["dioMod:CutDeep","dioMod:VengefulMuda"],"picked":"dioMod:LaserVision","floor":10},{"not_picked":["dioMod:PathToHeaven","dioMod:WRYYY"],"picked":"dioMod:TheWalk","floor":12},{"not_picked":["dioMod:BloodTransfusion","dioMod:TripleThreat"],"picked":"dioMod:Roundabout","floor":13},{"not_picked":["dioMod:Hiss","dioMod:Pluck"],"picked":"dioMod:Freeze","floor":14}],"player_experience":125537,"relics_obtained":[{"floor":9,"key":"Blood Vial"},{"floor":10,"key":"infinitespire:Broken Mirror"},{"floor":12,"key":"aspiration:DSix"}],"event_choices":[{"damage_healed":0,"gold_gain":0,"player_choice":"Obtain Plague Curse","damage_taken":0,"max_hp_gain":0,"max_hp_loss":0,"event_name":"Plague Doctor","floor":3,"gold_loss":0,"cards_obtained":["theForsaken:PlagueCurse"]},{"cards_removed":["dioMod:LaserVision"],"damage_healed":5,"gold_gain":0,"player_choice":"Offered Common","damage_taken":0,"max_hp_gain":0,"max_hp_loss":0,"event_name":"Bonfire Elementals","floor":5,"gold_loss":0},{"cards_removed":["dioMod:LaserVision"],"damage_healed":5,"gold_gain":0,"player_choice":"Offered Special","damage_taken":0,"max_hp_gain":0,"max_hp_loss":0,"event_name":"Bonfire Elementals","floor":5,"gold_loss":0},{"damage_healed":0,"gold_gain":0,"player_choice":"Searched \u00271\u0027 times","damage_taken":0,"max_hp_gain":0,"max_hp_loss":0,"event_name":"Dead Adventurer","floor":10,"gold_loss":0}],"is_beta":false,"boss_relics":[],"items_purged_floors":[],"is_endless":false,"potions_floor_spawned":[1,7,13,14],"killed_by":"Fading Forest","ascension_level":0}}