{"host":"4pckc3u5mqcilakq","time":1612971780,"event":{"mods":["AchievementEnabler","BaseMod","Bestiary","Colored Map","Colored Powertips","Highlight Path","Minty Spire (QoL Compilation)","Quick Restart","Relic Stats"],"gold_per_floor":[117,117,134,198,210,235,245,264,311,342,194,194,144,171,171,276,276,287,386,386,404,404,435,455,455,478,491,134,169,186,203,203,299,349,367,1,1,1,12,41,56,56,56],"floor_reached":42,"language":"ENG","playtime":2146,"items_purged":["Strike_R","Strike_R","Strike_R","Strike_R"],"score":748,"play_id":"a9b82f97-9141-4240-8814-7b11c636b3bf","local_time":"20210210184300","is_ascension_mode":true,"campfire_choices":[{"data":"Armaments","floor":12.0,"key":"SMITH"},{"floor":15.0,"key":"REST"},{"data":"Evolve","floor":25.0,"key":"SMITH"},{"data":"Dark Embrace","floor":32.0,"key":"SMITH"}],"circlet_count":0,"master_deck":["Defend_R","Defend_R","Defend_R","Defend_R","Bash","Wild Strike","Fire Breathing","Wild Strike","Feed","Wild Strike+1","Armaments+1","Evolve+1","Shrug It Off","Intimidate","Immolate+1","True Grit","Second Wind","Power Through+1","Wild Strike+1","Dark Embrace+1","Limit Break+1","Seeing Red","Heavy Blade+1","Sentinel+1","Pommel Strike"],"relics":["Burning Blood","NeowsBlessing","Gremlin Horn","Smiling Mask","Red Skull","Toy Ornithopter","Mark of Pain","Bronze Scales","Happy Flower","Medical Kit","Potion Belt","Whetstone","Tiny House","Toxic Egg 2","Du-Vu Doll"],"acts_visited":["Exordium","TheCity","TheBeyond"],"potions_floor_usage":[33,33,33,33,41],"damage_taken":[{"damage":0.0,"enemies":"Small Slimes","floor":1.0,"turns":1.0},{"damage":0.0,"enemies":"Jaw Worm","floor":3.0,"turns":1.0},{"damage":0.0,"enemies":"Cultist","floor":5.0,"turns":1.0},{"damage":20.0,"enemies":"3 Sentries","floor":6.0,"turns":4.0},{"damage":16.0,"enemies":"Looter","floor":7.0,"turns":4.0},{"damage":7.0,"enemies":"Exordium Thugs","floor":8.0,"turns":3.0},{"damage":40.0,"enemies":"Lagavulin","floor":10.0,"turns":7.0},{"damage":15.0,"enemies":"3 Sentries","floor":14.0,"turns":4.0},{"damage":22.0,"enemies":"The Guardian","floor":16.0,"turns":12.0},{"damage":15.0,"enemies":"3 Byrds","floor":18.0,"turns":4.0},{"damage":0.0,"enemies":"Chosen","floor":21.0,"turns":4.0},{"damage":0.0,"enemies":"Gremlin Leader","floor":23.0,"turns":5.0},{"damage":8.0,"enemies":"Shelled Parasite and Fungi","floor":24.0,"turns":5.0},{"damage":18.0,"enemies":"Centurion and Healer","floor":27.0,"turns":6.0},{"damage":25.0,"enemies":"Book of Stabbing","floor":29.0,"turns":4.0},{"damage":33.0,"enemies":"Snecko","floor":30.0,"turns":6.0},{"damage":6.0,"enemies":"Snake Plant","floor":31.0,"turns":4.0},{"damage":32,"enemies":"Collector","floor":33,"turns":6},{"damage":9,"enemies":"3 Shapes","floor":35,"turns":3},{"damage":7,"enemies":"Orb Walker","floor":39,"turns":4},{"damage":20,"enemies":"Reptomancer","floor":40,"turns":6},{"damage":30,"enemies":"Writhing Mass","floor":41,"turns":4},{"damage":58,"enemies":"Giant Head","floor":42,"turns":7}],"seed_played":"3346083227051378219","potions_obtained":[{"floor":3.0,"key":"FearPotion"},{"floor":7.0,"key":"Explosive Potion"},{"floor":8.0,"key":"Regen Potion"},{"floor":16.0,"key":"Dexterity Potion"},{"floor":21.0,"key":"AttackPotion"},{"floor":23.0,"key":"ElixirPotion"},{"floor":27.0,"key":"DuplicationPotion"},{"floor":30.0,"key":"Dexterity Potion"},{"floor":31.0,"key":"Block Potion"},{"floor":34,"key":"Swift Potion"},{"floor":39,"key":"Block Potion"},{"floor":40,"key":"SpeedPotion"}],"is_trial":false,"path_per_floor":["M","?","M","?","M","E","M","M","T","E","$","R","$","E","R","B",null,"M","?","?","M","?","E","M","R","T","M","$","E","M","M","R","B",null,"M","$","?","$","M","E","M","E"],"character_chosen":"IRONCLAD","items_purchased":["Evolve","Shrug It Off","Medical Kit","Potion Belt","Toxic Egg 2","Sentinel+1"],"campfire_rested":1,"item_purchase_floors":[11,11,28,28,36,36],"current_hp_per_floor":[80,62,68,68,74,60,53,55,55,36,36,36,36,30,56,40,77,68,68,68,74,74,80,78,78,78,66,66,50,26,29,29,23,84,84,84,84,84,86,76,57,0,0],"gold":56,"neow_bonus":"THREE_ENEMY_KILL","is_daily":false,"chose_seed":false,"campfire_upgraded":3,"win_rate":0.0,"timestamp":1612971780,"path_taken":["M","?","M","?","M","E","M","M","T","E","$","R","?","E","R","BOSS","M","?","?","M","?","E","M","R","T","M","$","E","?","M","R","BOSS","M","$","?","?","M","E","?","E"],"items_purchased_type":["Card","Card","Relic","Relic","Relic","Card"],"build_version":"2020-12-22","purchased_purges":4,"victory":false,"max_hp_per_floor":[80,80,80,80,80,80,83,86,86,86,86,86,86,89,89,89,89,89,89,89,89,89,89,89,89,89,89,89,92,95,98,98,98,103,106,106,106,106,109,113,113,113,113],"relic_stats":{"Gremlin Horn":[20,21],"Happy Flower":[16],"counters":[23,105],"Bronze Scales":[138],"Whetstone":["Wild Strike","Immolate"],"Smiling Mask":250,"Medical Kit":[67],"obtain_stats":[{"Potion Belt":28,"Tiny House":34,"NeowsBlessing":0,"Gremlin Horn":2,"Happy Flower":26,"Whetstone":29,"Smiling Mask":9,"Medical Kit":28,"Burning Blood":0,"Du-Vu Doll":40,"Bronze Scales":23,"Mark of Pain":17,"Toxic Egg 2":36,"Red Skull":10,"Toy Ornithopter":14},{"Potion Belt":14,"Tiny House":18,"NeowsBlessing":0,"Gremlin Horn":1,"Happy Flower":13,"Whetstone":15,"Smiling Mask":6,"Medical Kit":14,"Burning Blood":0,"Du-Vu Doll":21,"Bronze Scales":12,"Mark of Pain":9,"Toxic Egg 2":19,"Red Skull":7,"Toy Ornithopter":8},{"Potion Belt":61,"Tiny House":81,"NeowsBlessing":0,"Gremlin Horn":1,"Happy Flower":55,"Whetstone":65,"Smiling Mask":14,"Medical Kit":61,"Burning Blood":0,"Du-Vu Doll":94,"Bronze Scales":50,"Mark of Pain":37,"Toxic Egg 2":84,"Red Skull":21,"Toy Ornithopter":25}],"Burning Blood":126,"Toy Ornithopter":25},"card_choices":[{"not_picked":["True Grit","Headbutt"],"picked":"Wild Strike","floor":1.0},{"not_picked":["Warcry","Anger"],"picked":"Fire Breathing","floor":3.0},{"not_picked":["Anger","Sentinel"],"picked":"Wild Strike","floor":5.0},{"not_picked":["Body Slam","Intimidate"],"picked":"Feed","floor":6.0},{"not_picked":["Rupture","Dark Embrace","Body Slam"],"picked":"SKIP","floor":7.0},{"not_picked":["Thunderclap","Rage"],"picked":"Wild Strike","floor":8.0},{"not_picked":["Rupture","Clash"],"picked":"Armaments","floor":10.0},{"not_picked":["Rage","Feel No Pain"],"picked":"Intimidate","floor":14.0},{"not_picked":["Bludgeon","Offering"],"picked":"Immolate","floor":16.0},{"not_picked":["Pommel Strike","Shrug It Off"],"picked":"True Grit","floor":18.0},{"not_picked":["Wild Strike","Flex+1"],"picked":"Power Through+1","floor":21.0},{"not_picked":["Clothesline","Flex","Twin Strike+1"],"picked":"SKIP","floor":23.0},{"not_picked":["Flame Barrier","Reckless Charge"],"picked":"Wild Strike+1","floor":24.0},{"not_picked":["True Grit","Uppercut+1","Ghostly Armor"],"picked":"SKIP","floor":27.0},{"not_picked":["Blood for Blood","Infernal Blade","Pommel Strike"],"picked":"SKIP","floor":29.0},{"not_picked":["Disarm+1","Iron Wave"],"picked":"Dark Embrace","floor":30.0},{"not_picked":["Anger","Sever Soul","Rupture"],"picked":"SKIP","floor":31.0},{"not_picked":["Feed","Bludgeon"],"picked":"Limit Break","floor":33},{"not_picked":["Flex","Armaments"],"picked":"Seeing Red","floor":34},{"not_picked":["Uppercut+1","Clothesline+1"],"picked":"Heavy Blade+1","floor":35},{"not_picked":["Sever Soul+1","Pommel Strike+1","Evolve"],"picked":"SKIP","floor":39},{"not_picked":["Evolve","Carnage","Clash"],"picked":"SKIP","floor":40},{"not_picked":["Havoc+1","Perfected Strike+1","Shrug It Off+1"],"picked":"SKIP","floor":41}],"player_experience":251145,"relics_obtained":[{"floor":9.0,"key":"Smiling Mask"},{"floor":10.0,"key":"Red Skull"},{"floor":14.0,"key":"Toy Ornithopter"},{"floor":23.0,"key":"Bronze Scales"},{"floor":26.0,"key":"Happy Flower"},{"floor":29.0,"key":"Whetstone"},{"floor":40,"key":"Du-Vu Doll"}],"event_choices":[{"damage_healed":0.0,"max_hp_gain":0.0,"max_hp_loss":0.0,"gold_gain":0.0,"event_name":"Scrap Ooze","player_choice":"Success","floor":2.0,"gold_loss":0.0,"damage_taken":18.0,"relics_obtained":["Gremlin Horn"]},{"damage_healed":0.0,"max_hp_gain":0.0,"max_hp_loss":0.0,"gold_gain":64.0,"event_name":"Golden Wing","player_choice":"Gained Gold","floor":4.0,"gold_loss":0.0,"damage_taken":0.0},{"damage_healed":0.0,"max_hp_gain":0.0,"max_hp_loss":0.0,"gold_gain":99.0,"event_name":"Nest","player_choice":"Stole From Cult","floor":19.0,"gold_loss":0.0,"damage_taken":0.0},{"damage_healed":0.0,"max_hp_gain":0.0,"max_hp_loss":0.0,"gold_gain":0.0,"event_name":"The Library","player_choice":"Read","floor":20.0,"gold_loss":0.0,"damage_taken":0.0,"cards_obtained":["Second Wind"]},{"damage_healed":0.0,"max_hp_gain":0.0,"max_hp_loss":0.0,"gold_gain":0.0,"event_name":"The Woman in Blue","player_choice":"Bought 0 Potions","floor":22.0,"gold_loss":0.0,"damage_taken":0.0},{"damage_healed":0,"gold_gain":0,"cards_transformed":["Strike_R"],"player_choice":"Transformed","damage_taken":0,"max_hp_gain":0,"max_hp_loss":0,"event_name":"Transmorgrifier","floor":37,"gold_loss":0,"cards_obtained":["Pommel Strike"]}],"is_beta":false,"boss_relics":[{"not_picked":["Runic Dome","Runic Pyramid"],"picked":"Mark of Pain"},{"not_picked":["Sozu","SacredBark"],"picked":"Tiny House"}],"items_purged_floors":[11,13,28,36],"is_endless":false,"potions_floor_spawned":[3,7,8,16,21,23,27,30,31,39,40],"killed_by":"Giant Head","ascension_level":5}}