{"host":"jn2qdns2nxijvlnt","time":1612932445,"event":{"mods":["BaseMod","Minty Spire (QoL Compilation)","Quick Restart"],"gold_per_floor":[213,213,227,8,21,21,39,39,63,92,92,38,71,81,81,179,179,191,191,106,117,117,152,152,152],"floor_reached":24,"language":"ENG","playtime":1197,"items_purged":[],"score":358,"play_id":"062dbebc-be7a-4283-a24b-ebfd0908f3e7","local_time":"20210209234725","is_ascension_mode":true,"campfire_choices":[{"floor":6.0,"key":"REST"},{"floor":11.0,"key":"REST"},{"floor":15.0,"key":"REST"}],"circlet_count":0,"master_deck":["AscendersBane","Strike_G","Strike_G","Strike_G","Strike_G+1","Strike_G","Defend_G","Defend_G","Defend_G","Defend_G","Defend_G","Survivor+1","Neutralize","Poisoned Stab","Catalyst","Noxious Fumes","Sucker Punch","Poisoned Stab","Backstab","Bane","Adrenaline"],"relics":["Ring of the Snake","TheAbacus","Regal Pillow","Tiny Chest","Toy Ornithopter","Busted Crown","MutagenicStrength","Oddly Smooth Stone","Lantern","Sundial"],"acts_visited":["Exordium","TheCity"],"potions_floor_usage":[],"damage_taken":[{"damage":0.0,"enemies":"Small Slimes","floor":1.0,"turns":4.0},{"damage":0.0,"enemies":"2 Louse","floor":3.0,"turns":3.0},{"damage":14.0,"enemies":"Jaw Worm","floor":5.0,"turns":5.0},{"damage":3.0,"enemies":"Looter","floor":7.0,"turns":4.0},{"damage":18.0,"enemies":"Gremlin Nob","floor":10.0,"turns":4.0},{"damage":19.0,"enemies":"Lagavulin","floor":13.0,"turns":5.0},{"damage":8.0,"enemies":"3 Louse","floor":14.0,"turns":3.0},{"damage":27.0,"enemies":"Hexaghost","floor":16.0,"turns":9.0},{"damage":15.0,"enemies":"2 Thieves","floor":18.0,"turns":4.0},{"damage":14.0,"enemies":"Shell Parasite","floor":21.0,"turns":4.0},{"damage":25.0,"enemies":"Book of Stabbing","floor":23.0,"turns":5.0},{"damage":0,"enemies":"Snecko","floor":24,"turns":1}],"seed_played":"-7600072652962857219","potions_obtained":[{"floor":5.0,"key":"AttackPotion"},{"floor":7.0,"key":"LiquidBronze"},{"floor":10.0,"key":"DistilledChaos"},{"floor":18.0,"key":"Strength Potion"},{"floor":21.0,"key":"Swift Potion"}],"is_trial":false,"path_per_floor":["M","?","M","$","M","R","M","$","T","E","R","$","E","M","R","B",null,"M","?","?","M","T","E","M"],"character_chosen":"THE_SILENT","items_purchased":["TheAbacus","Noxious Fumes","Poisoned Stab"],"campfire_rested":3,"item_purchase_floors":[4,4,12],"current_hp_per_floor":[63,49,49,49,35,56,53,53,53,35,70,70,51,43,70,43,63,48,48,48,34,34,19,19,19],"gold":152,"neow_bonus":"HUNDRED_GOLD","is_daily":false,"chose_seed":false,"campfire_upgraded":0,"win_rate":0.0,"timestamp":1612932445,"path_taken":["M","?","M","$","M","R","M","$","T","E","R","$","E","M","R","BOSS","M","?","?","M","?","E","M"],"items_purchased_type":["Relic","Card","Card"],"build_version":"2020-12-22","purchased_purges":0,"victory":false,"max_hp_per_floor":[70,70,70,70,70,70,70,70,70,70,70,70,70,70,70,70,70,70,70,70,70,70,70,70,70],"card_choices":[{"not_picked":["Bane","Well Laid Plans"],"picked":"Poisoned Stab","floor":1.0},{"not_picked":["Slice","Underhanded Strike"],"picked":"Catalyst","floor":3.0},{"not_picked":["Deflect","Underhanded Strike"],"picked":"Sucker Punch","floor":5.0},{"not_picked":["Quick Slash","Setup","Endless Agony"],"picked":"SKIP","floor":7.0},{"not_picked":["Dodge and Roll","Dagger Spray","Sucker Punch"],"picked":"SKIP","floor":10.0},{"not_picked":["Phantasmal Killer","A Thousand Cuts"],"picked":"Backstab","floor":13.0},{"not_picked":["Cloak And Dagger","Acrobatics"],"picked":"Bane","floor":14.0},{"not_picked":["Unload","Storm of Steel"],"picked":"Adrenaline","floor":16.0},{"not_picked":["Quick Slash"],"picked":"SKIP","floor":18.0},{"not_picked":["Blur"],"picked":"SKIP","floor":21.0},{"not_picked":["Deflect"],"picked":"SKIP","floor":23.0}],"player_experience":586602,"relics_obtained":[{"floor":9.0,"key":"Regal Pillow"},{"floor":10.0,"key":"Tiny Chest"},{"floor":13.0,"key":"Toy Ornithopter"},{"floor":22.0,"key":"Lantern"},{"floor":23.0,"key":"Sundial"}],"event_choices":[{"damage_healed":0.0,"max_hp_gain":0.0,"max_hp_loss":0.0,"gold_gain":0.0,"event_name":"Shining Light","player_choice":"Entered Light","floor":2.0,"gold_loss":0.0,"damage_taken":14.0,"cards_upgraded":["Survivor","Strike_G"]},{"damage_healed":0.0,"max_hp_gain":0.0,"max_hp_loss":0.0,"gold_gain":0.0,"event_name":"Drug Dealer","player_choice":"Inject Mutagens","floor":19.0,"gold_loss":0.0,"damage_taken":0.0,"relics_obtained":["MutagenicStrength"]},{"damage_healed":0.0,"max_hp_gain":0.0,"max_hp_loss":0.0,"gold_gain":0.0,"event_name":"Addict","player_choice":"Obtained Relic","floor":20.0,"gold_loss":85.0,"damage_taken":0.0,"relics_obtained":["Oddly Smooth Stone"]}],"is_beta":false,"boss_relics":[{"not_picked":["WristBlade","Runic Dome"],"picked":"Busted Crown"}],"items_purged_floors":[],"is_endless":false,"potions_floor_spawned":[5,7,10,18,21],"killed_by":"Snecko","ascension_level":12}}