{"host":"3yynf0dn84873kbr","time":1612954844,"event":{"mods":["Act Like it!","Arknights","BaseMod","CapriCore","Gensokyo","Marisa（F雨　魔理沙）","Minty Spire (QoL Compilation)","StSLib","WarShipGirlsR/战舰少女R mod","[IsaacMod]以撒尖塔"],"gold_per_floor":[112,112,112,112,112,112,138,138,165,183,196,212,69,69,69,174,174,184,184,0,0,18,18,35,35,35,66,77,77,110,124,124,225,225,225,225],"floor_reached":35,"language":"ZHS","playtime":1902,"items_purged":[],"score":568,"play_id":"d7b879c1-164e-4510-a9d4-9af4457b25f7","local_time":"20210210190044","is_ascension_mode":false,"campfire_choices":[{"data":"ats:Calcification","floor":6,"key":"SMITH"},{"data":"ats:Cat Scratch","floor":8,"key":"SMITH"},{"data":"ats:Emotion Absorption","floor":15,"key":"SMITH"},{"data":"ats:Roar Of Ursus","floor":23,"key":"SMITH"},{"data":"ats:Composite Medical Shells","floor":32,"key":"SMITH"}],"circlet_count":0,"master_deck":["ats:Strike C","ats:Strike G","ats:Strike S","ats:Strike V+1","ats:Armor Crushing Shot+1","ats:Defend","ats:Defend","ats:Defend","ats:Defend","ats:Emotion Absorption+1","ats:Calcification+1","ats:Sashimi Platter+1","ats:Cat Scratch+1","ats:Revitalization","ats:Guard Mode","ats:Cat Scratch","ats:Roar Of Ursus+1","ats:Healing Strengthening","ats:Thorns","ats:Assault Order+1","ats:Poison Spread","ats:Composite Medical Shells+1","ats:Blood Oath","ats:Encircling Forest","ats:Soul Rend"],"relics":["ats:Sanity","HushsDoor","BookofShadows","NeowsBlessing","ats:Originium","Ancient Tea Set","Dream Catcher","Strange Spoon","ats:Tactical Delivery","Gensokyo:ConquerorOfFear","Gensokyo:DirgeOfMelancholy","Potion Belt","PunchingBag","TuHaoJin","ChampionBelt","GuppysTail","MyShadow"],"acts_visited":["Exordium","Gensokyo:Gensokyo","Gensokyo:Gensokyoer"],"potions_floor_usage":[27,27,27,28],"damage_taken":[{"damage":0,"enemies":"Gensokyo:2_Kodama","floor":1,"turns":1},{"damage":0,"enemies":"Gensokyo:Mamizou","floor":7,"turns":2},{"damage":0,"enemies":"Gensokyo:Python","floor":10,"turns":1},{"damage":0,"enemies":"Gensokyo:Gryphon","floor":11,"turns":2},{"damage":10,"enemies":"Gensokyo:Kitsune","floor":12,"turns":4},{"damage":108,"enemies":"Gensokyo:Yukari","floor":16,"turns":23},{"damage":22,"enemies":"Gensokyo:3_Dogs","floor":18,"turns":10},{"damage":41,"enemies":"Gensokyo:2_Gloops","floor":22,"turns":7},{"damage":32,"enemies":"Gensokyo:Monolith_and_Dog","floor":24,"turns":7},{"damage":78,"enemies":"Gensokyo:Reisen","floor":27,"turns":16},{"damage":12,"enemies":"Gensokyo:Wraith","floor":28,"turns":6},{"damage":38,"enemies":"Gensokyo:Tenshi","floor":30,"turns":6},{"damage":36,"enemies":"Gensokyo:Slime_Group","floor":31,"turns":7},{"damage":83,"enemies":"Gensokyo:Kaguya","floor":33,"turns":17},{"damage":87,"enemies":"Gensokyo:Marisa","floor":35,"turns":6}],"seed_played":"-7377981891305982800","potions_obtained":[{"floor":1,"key":"Explosive Potion"},{"floor":7,"key":"Explosive Potion"},{"floor":22,"key":"AttackPotion"},{"floor":27,"key":"BlessingOfTheForge"},{"floor":28,"key":"Fruit Juice"}],"is_trial":false,"path_per_floor":["M","?","?","?","$","R","E","R","T","M","M","M","$","?","R","B",null,"M","?","?","?","M","R","M","?","T","E","M","$","E","M","R","B",null,"M"],"character_chosen":"DOCTOR_CLASS","items_purchased":["Strange Spoon","GuppysTail","MyShadow"],"campfire_rested":0,"item_purchase_floors":[13,34,34],"current_hp_per_floor":[72,72,65,65,65,65,72,72,72,72,72,71,71,71,71,40,72,72,72,72,72,46,46,30,30,30,37,57,57,60,56,56,41,52,0,0],"gold":225,"neow_bonus":"THREE_ENEMY_KILL","is_daily":false,"chose_seed":false,"campfire_upgraded":5,"win_rate":0.0,"timestamp":1612954844,"path_taken":["M","?","?","?","$","R","E","R","T","?","M","?","?","?","R","BOSS","M","?","?","?","M","R","M","?","T","E","M","?","E","M","R","BOSS","M"],"items_purchased_type":["Relic","Relic","Relic"],"build_version":"2020-12-22","purchased_purges":0,"victory":false,"max_hp_per_floor":[72,72,72,72,72,72,72,72,72,72,72,72,72,72,72,72,72,72,72,72,72,72,72,72,72,72,72,77,77,77,77,77,77,55,55,55],"card_choices":[{"not_picked":[],"picked":"BettingIsNotGood","floor":0},{"not_picked":["ats:Hook Shot","ats:Explosion Area Strengthen"],"picked":"ats:Calcification","floor":1},{"not_picked":["ats:Curse Doll","ats:Rat Pack"],"picked":"ats:Cat Scratch","floor":7},{"not_picked":["ats:Hammer On","ats:Curse Doll"],"picked":"ats:Revitalization","floor":10},{"not_picked":["ats:Absolute Focus","ats:Phantom"],"picked":"ats:Guard Mode","floor":11},{"not_picked":["ats:Powerful Strike","ats:Literary Storm"],"picked":"ats:Cat Scratch","floor":12},{"not_picked":["ats:True Silver Slash","ats:Volcano"],"picked":"ats:Roar Of Ursus","floor":16},{"not_picked":["ats:Guardian Obelisk","ats:Closed Bolt Burst Fire+1"],"picked":"ats:Healing Strengthening","floor":18},{"not_picked":["ats:Sashimi Platter","ats:Support Order+1"],"picked":"ats:Thorns","floor":22},{"not_picked":["ats:Sashimi Platter+1","ats:Explosion Area Strengthen"],"picked":"ats:Assault Order+1","floor":24},{"not_picked":["ats:Flame Of Heaven","ats:Volcano"],"picked":"ats:Poison Spread","floor":27},{"not_picked":["ats:Blood Oath","ats:Guard Mode"],"picked":"ats:Composite Medical Shells","floor":28},{"not_picked":["ats:Cat Scratch+1","ats:Poison Spread"],"picked":"ats:Blood Oath","floor":30},{"not_picked":["ats:Consecutive Shot Auto","ats:Hook Shot"],"picked":"ats:Encircling Forest","floor":31},{"not_picked":["ats:Shadow Assault","ats:Rat Pack"],"picked":"ats:Soul Rend","floor":33}],"player_experience":146556,"relics_obtained":[{"floor":7,"key":"ats:Originium"},{"floor":7,"key":"Ancient Tea Set"},{"floor":9,"key":"Dream Catcher"},{"floor":22,"key":"Gensokyo:ConquerorOfFear"},{"floor":26,"key":"Potion Belt"},{"floor":27,"key":"ats:Originium"},{"floor":27,"key":"PunchingBag"},{"floor":30,"key":"TuHaoJin"}],"event_choices":[],"is_beta":false,"boss_relics":[{"not_picked":["Empty Cage","Sozu"],"picked":"ats:Tactical Delivery"},{"not_picked":[]},{"not_picked":["Cursed Key","Busted Crown"],"picked":"ChampionBelt"},{"not_picked":[]}],"items_purged_floors":[],"is_endless":false,"potions_floor_spawned":[1,7,22,27,28],"killed_by":"Gensokyo:Marisa","ascension_level":20}}