{"host":"fxrgx7wt2cpkbhka","time":1612965466,"event":{"mods":["AchievementEnabler","BaseMod","Colored Powertips","Dark Map","Minty Spire (QoL Compilation)","Permanent Neow","Quick Restart","Slay-I","StSLib","Waifu the Spire"],"gold_per_floor":[209,209,226,131,131,131,131,131,131,161,161,181,181,192,192,265,265,281,281,294,117,128,161,173,173],"floor_reached":24,"language":"ENG","playtime":674,"items_purged":[],"score":364,"play_id":"017403f5-bc47-4e0c-98bd-f96573f8582a","local_time":"20210210055746","is_ascension_mode":true,"campfire_choices":[{"data":"Capacitor","floor":6,"key":"SMITH"},{"data":"Ball Lightning","floor":8,"key":"SMITH"},{"data":"Zap","floor":11,"key":"SMITH"},{"data":"Leap","floor":15,"key":"SMITH"}],"circlet_count":0,"master_deck":["AscendersBane","Strike_B+1","Strike_B+1","Strike_B+1","Defend_B+1","Defend_B+1","Defend_B+1","Defend_B+1","Zap+1","Dualcast+1","Ball Lightning+1","Capacitor+1","Leap+1","Biased Cognition","Cold Snap","Compile Driver","Go for the Eyes"],"relics":["Cracked Core","Question Card","Shuriken","Busted Crown","Orichalcum","MawBank"],"acts_visited":["Exordium","TheCity"],"potions_floor_usage":[16,24],"damage_taken":[{"damage":9,"enemies":"Jaw Worm","floor":1,"turns":3},{"damage":1,"enemies":"Cultist","floor":3,"turns":3},{"damage":26,"enemies":"3 Sentries","floor":10,"turns":8},{"damage":0,"enemies":"Small Slimes","floor":12,"turns":3},{"damage":7,"enemies":"2 Fungi Beasts","floor":14,"turns":3},{"damage":27,"enemies":"The Guardian","floor":16,"turns":12},{"damage":1,"enemies":"Spheric Guardian","floor":18,"turns":3},{"damage":0,"enemies":"Chosen","floor":20,"turns":4},{"damage":17,"enemies":"Centurion and Healer","floor":22,"turns":11},{"damage":23,"enemies":"Book of Stabbing","floor":23,"turns":5},{"damage":19,"enemies":"Shelled Parasite and Fungi","floor":24,"turns":3}],"seed_played":"2600206956857904625","potions_obtained":[{"floor":3,"key":"LiquidBronze"},{"floor":16,"key":"LiquidMemories"},{"floor":23,"key":"Ancient Potion"}],"is_trial":false,"path_per_floor":["M","?","M","$","?","R","?","R","T","E","R","M","?","M","R","B",null,"M","?","M","$","M","E","M"],"character_chosen":"DEFECT","items_purchased":["Capacitor","Leap","Cold Snap","Orichalcum"],"campfire_rested":0,"item_purchase_floors":[4,4,21,21],"current_hp_per_floor":[55,55,54,54,71,71,71,71,71,45,45,45,45,38,38,11,56,55,55,55,55,38,15,0,0],"gold":173,"neow_bonus":"HUNDRED_GOLD","is_daily":false,"chose_seed":false,"campfire_upgraded":4,"win_rate":0.0,"timestamp":1612965466,"path_taken":["M","?","?","$","?","R","?","R","T","E","R","?","?","M","R","BOSS","M","?","M","$","M","E","M"],"items_purchased_type":["Card","Card","Card","Relic"],"build_version":"2020-12-22","purchased_purges":0,"victory":false,"max_hp_per_floor":[71,71,71,71,71,71,71,71,71,71,71,71,71,71,71,71,71,71,71,71,71,71,71,71,71],"card_choices":[{"not_picked":["Streamline","Sweeping Beam","Reprogram"],"picked":"SKIP","floor":1},{"not_picked":["Compile Driver","Barrage"],"picked":"Ball Lightning","floor":3},{"not_picked":["Hologram","Steam","Coolheaded","Skim"],"picked":"SKIP","floor":10},{"not_picked":["Rebound","Coolheaded","Rip and Tear","Redo"],"picked":"SKIP","floor":12},{"not_picked":["Chaos","Compile Driver","Redo","Turbo"],"picked":"SKIP","floor":14},{"not_picked":["Echo Form","Multi-Cast","Reboot"],"picked":"Biased Cognition","floor":16},{"not_picked":["Beam Cell","Scrape"],"picked":"SKIP","floor":18},{"not_picked":["Hologram","Turbo"],"picked":"SKIP","floor":20},{"not_picked":["Sweeping Beam+1"],"picked":"Compile Driver","floor":22},{"not_picked":["Beam Cell"],"picked":"Go for the Eyes","floor":23}],"player_experience":760953,"relics_obtained":[{"floor":9,"key":"Question Card"},{"floor":10,"key":"Shuriken"},{"floor":23,"key":"MawBank"}],"event_choices":[{"damage_healed":0,"gold_gain":0,"player_choice":"Forge","damage_taken":0,"max_hp_gain":0,"max_hp_loss":0,"event_name":"Accursed Blacksmith","floor":2,"gold_loss":0,"cards_upgraded":["Dualcast"]},{"damage_healed":23,"gold_gain":0,"player_choice":"Banana","damage_taken":0,"max_hp_gain":0,"max_hp_loss":0,"event_name":"Big Fish","floor":5,"gold_loss":0},{"damage_healed":0,"gold_gain":0,"player_choice":"Bought 0 Potions","damage_taken":0,"max_hp_gain":0,"max_hp_loss":0,"event_name":"The Woman in Blue","floor":7,"gold_loss":0},{"cards_removed":["Strike_B"],"damage_healed":0,"gold_gain":0,"player_choice":"Purged","damage_taken":0,"max_hp_gain":0,"max_hp_loss":0,"event_name":"Purifier","floor":13,"gold_loss":0},{"damage_healed":0,"gold_gain":0,"player_choice":"Simplicity","damage_taken":0,"max_hp_gain":0,"max_hp_loss":0,"event_name":"Back to Basics","floor":19,"gold_loss":0,"cards_upgraded":["Strike_B","Strike_B","Strike_B","Defend_B","Defend_B","Defend_B","Defend_B"]}],"is_beta":false,"boss_relics":[{"not_picked":["Snecko Eye","Black Star"],"picked":"Busted Crown"}],"items_purged_floors":[],"is_endless":false,"potions_floor_spawned":[3,16,23],"killed_by":"Shelled Parasite and Fungi","ascension_level":14}}