{"host":"smvt3ad3q31g2j4m","time":1612918870,"event":{"mods":["BaseMod","Better Skull","Better Third Choice","Colored Map","Downfall","GifTheSpireLib","Minty Spire (QoL Compilation)","Replay The Spire","StSLib"],"gold_per_floor":[99,115,115,135,148,167,167,198,28,178,178,191,16,116,127,227,227,227,227,327,339,354,354,429,429,441,35,61,28,28,28,42,42,42,42],"floor_reached":33,"language":"ENG","playtime":2805,"items_purged":["champ:Strike","Regret"],"score":315,"play_id":"ef136bea-ae52-41ff-ac1e-00567d512366","local_time":"20210209190110","is_ascension_mode":false,"campfire_choices":[{"data":"Swift Strike","floor":1.0,"key":"SMITH"},{"floor":18.0,"key":"DIG"},{"floor":23,"key":"DIG"},{"data":"Injury","floor":25,"key":"PURGE"}],"circlet_count":0,"master_deck":["champ:Strike","champ:Defend","champ:Defend","champ:Execute","champ:Taunt+1","Swift Strike+1","champ:DefensiveShout","champ:GutPunch","champ:DefensiveStyle","champ:ArenaPreparation","champ:DeathBlow","champ:ShieldWall","champ:AdrenalArmor+1","champ:Endure","champ:StrikeOfGenius+1","champ:HeartStrike","champ:StanceDance","champ:DeathBlow","champ:CheapShot","champ:Taunt","champ:PerfectedStrike","champ:ShieldSlam","champ:VampiricStrike","PanicButton+1","champ:Haymaker","champ:PerfectedStrike","champ:DefensiveShout+1","champ:Lariat","Bandage Up","Master of Strategy","champ:EnragedBash","champ:ViciousMockery","champ:BringItOn","champ:BerserkerStyle","champ:FaceSlap","champ:Devastate","champ:CalledShot","Ghostly","Ghostly","Ghostly","Ghostly","Ghostly"],"relics":["champ:ChampionCrownUpgraded","Mirror","Replay:Multitool","PreservedInsect","Simple Rune","downfall:GremlinSack","FossilizedHelix","Replay:Accelerometer","BargainBundle","War Paint","ReplayTheSpireMod:CursedCoin"],"acts_visited":["Exordium","TheCity"],"potions_floor_usage":[27,28,28,33,33],"damage_taken":[{"damage":13.0,"enemies":"Jaw Worm","floor":2.0,"turns":3.0},{"damage":10.0,"enemies":"Cultist","floor":4.0,"turns":3.0},{"damage":10.0,"enemies":"Small Slimes","floor":5.0,"turns":3.0},{"damage":5.0,"enemies":"Exordium Wildlife","floor":6.0,"turns":3.0},{"damage":38.0,"enemies":"Replay:BlueRogue","floor":8.0,"turns":4.0},{"damage":40.0,"enemies":"downfall:FleeingMerchant","floor":9.0,"turns":4.0},{"damage":26.0,"enemies":"Blue Slaver","floor":12.0,"turns":4.0},{"damage":45.0,"enemies":"downfall:FleeingMerchant","floor":13.0,"turns":4.0},{"damage":33.0,"enemies":"downfall:Heads","floor":14.0,"turns":5.0},{"damage":38.0,"enemies":"Gremlin Gang","floor":15.0,"turns":4.0},{"damage":46.0,"enemies":"SI_SHIV_ARCHETYPE","floor":16.0,"turns":5.0},{"damage":29.0,"enemies":"SI_SHIV_ARCHETYPE","floor":20.0,"turns":3.0},{"damage":30.0,"enemies":"Shell Parasite","floor":21.0,"turns":4.0},{"damage":38.0,"enemies":"Centurion and Healer","floor":22.0,"turns":7.0},{"damage":60,"enemies":"Shelled Parasite and Fungi","floor":26,"turns":6},{"damage":17,"enemies":"downfall:FleeingMerchant","floor":27,"turns":5},{"damage":36,"enemies":"Gremlin Leader","floor":28,"turns":9},{"damage":30,"enemies":"downfall:FleeingMerchant","floor":29,"turns":4},{"damage":14,"enemies":"Snecko","floor":32,"turns":4},{"damage":57,"enemies":"IC_MUSHROOM_ARCHETYPE","floor":33,"turns":11}],"seed_played":"-1164734064736525062","potions_obtained":[{"floor":2.0,"key":"EntropicBrew"},{"floor":12.0,"key":"Swift Potion"},{"floor":15.0,"key":"Elixir"},{"floor":16.0,"key":"champ:OpenerPotion"},{"floor":19.0,"key":"CultistPotion"},{"floor":28,"key":"Block Potion"},{"floor":32,"key":"Swift Potion"}],"is_trial":false,"path_per_floor":["R","M","?","M","M","M","T","E","$","?","?","M","$","?","M","B",null,"R_BF","?","?","M","M","R","T","R","M","$","E","$","R","?","M","B"],"character_chosen":"THE_CHAMP","items_purchased":["PreservedInsect","champ:StrikeOfGenius","BargainBundle","Bandage Up","Master of Strategy","champ:EnragedBash","champ:ViciousMockery","champ:BringItOn","champ:BerserkerStyle","Dexterity Potion","ReplayTheSpireMod:CursedCoin","champ:CalledShot"],"campfire_rested":0,"item_purchase_floors":[9,13,27,27,27,27,27,27,27,27,29,29],"current_hp_per_floor":[90,87,87,87,87,87,87,74,74,74,74,68,68,55,37,21,90,90,90,76,76,73,73,73,73,53,58,58,52,79,45,45,0,0,0],"gold":42,"neow_bonus":"RANDOM_COLORLESS","is_daily":false,"chose_seed":false,"campfire_upgraded":1,"win_rate":0.0,"timestamp":1612918870,"path_taken":["R","M","?","M","M","M","T","E","?","?","?","?","$","?","M","BOSS","R_BF","?","?","?","M","R","T","R","M","?","E","$","R","?","M","BOSS"],"items_purchased_type":["Relic","Card","Relic","Card","Card","Card","Card","Card","Card","Potion","Relic","Card"],"build_version":"2020-12-22","purchased_purges":2,"victory":false,"max_hp_per_floor":[90,90,90,90,90,90,90,90,90,90,90,90,90,90,90,90,90,90,90,90,90,90,90,90,90,90,90,90,90,90,45,45,45,45,45],"card_choices":[{"not_picked":["Purity","Impatience"],"picked":"Swift Strike","floor":0.0},{"not_picked":["champ:StanceDance","champ:IronFortress"],"picked":"champ:DefensiveShout","floor":2.0},{"not_picked":["champ:HeartStrike","champ:PreemptiveStrike"],"picked":"champ:GutPunch","floor":4.0},{"not_picked":["champ:Circumvent","champ:PerfectedStrike"],"picked":"champ:DefensiveStyle","floor":5.0},{"not_picked":["champ:CrookedStrike","champ:BerserkersShout"],"picked":"champ:ArenaPreparation","floor":6.0},{"not_picked":["champ:TripleStrike","champ:PerfectedStrike"],"picked":"champ:DeathBlow","floor":8.0},{"not_picked":["champ:Shatter","champ:Encircle"],"picked":"champ:ShieldWall","floor":9.0},{"not_picked":["champ:DefensiveShout","champ:PreciseThrust"],"picked":"champ:AdrenalArmor","floor":12.0},{"not_picked":["champ:DefensiveShout","champ:PreciseThrust"],"picked":"champ:Endure","floor":13.0},{"not_picked":["champ:ShieldThrow","champ:FlashCut"],"picked":"champ:StanceDance","floor":14.0},{"not_picked":["champ:CalledShot","champ:Parry"],"picked":"champ:DeathBlow","floor":15.0},{"not_picked":["champ:IgnorePain","champ:HeavySlash"],"picked":"champ:CheapShot","floor":16.0},{"not_picked":["champ:RapidStrikes","champ:DefensiveStyle+1"],"picked":"champ:Haymaker","floor":20.0},{"not_picked":["champ:DeathBlow+1","champ:Endure"],"picked":"champ:PerfectedStrike","floor":21.0},{"not_picked":["champ:Duel","champ:Encircle","champ:PreciseThrust"],"picked":"SKIP","floor":22.0},{"not_picked":["champ:FanOfKnives","champ:EnGarde"],"picked":"champ:DefensiveShout","floor":26},{"not_picked":["champ:DeathBlow+1","champ:GutPunch"],"picked":"champ:Lariat","floor":27},{"not_picked":["champ:DefensiveShout","champ:Lariat"],"picked":"champ:FaceSlap","floor":28},{"not_picked":["champ:FalseCounter","champ:BringItOn"],"picked":"champ:Devastate","floor":29},{"not_picked":["champ:GutPunch","champ:Shatter","champ:BladeFlurry+1"],"picked":"SKIP","floor":32}],"player_experience":137156,"relics_obtained":[{"floor":7.0,"key":"Mirror"},{"floor":8.0,"key":"Replay:Multitool"},{"floor":18.0,"key":"Simple Rune"},{"floor":20.0,"key":"downfall:GremlinSack"},{"floor":23,"key":"FossilizedHelix"},{"floor":24,"key":"Replay:Accelerometer"},{"floor":28,"key":"War Paint"}],"event_choices":[{"damage_healed":0,"gold_gain":0,"player_choice":"Became a Ghost","damage_taken":0,"max_hp_gain":0,"max_hp_loss":45,"event_name":"Ghosts","floor":31,"gold_loss":0,"cards_obtained":["Ghostly","Ghostly","Ghostly","Ghostly","Ghostly"]}],"is_beta":false,"boss_relics":[{"not_picked":["Snecko Eye","ChewingGum"],"picked":"champ:ChampionCrownUpgraded"}],"items_purged_floors":[27,29],"is_endless":false,"potions_floor_spawned":[2,12,15,16,20,28,32],"killed_by":"IC_MUSHROOM_ARCHETYPE","ascension_level":0}}