{"host":"YagamiMirai","time":1612986842,"event":{"mods":["Act Like it!","Alarm Clock","BaseMod","Downfall","Hermit","Lobotomy","Minty Spire (QoL Compilation)","Reliquary","Replay The Spire","Robot Space Explorer","Spicy Shops","StSLib","The Dragon Tamer","The Gatherer","The Mystic","TheHeartMod","Wide Potions","¡¾ÒÅÎï¿¨ÅÆ¡¿REMEMod","óô»ðÖ¸ÄÏ"],"gold_per_floor":[99,116,116,101,112,112,112,146,146,157,176,176,176,276,291,391,391,391,404,415,78,78,78,78,94,123,142,142,173,185,220,232,328,328,328,343,343,343,343,243,243,426,436,448,473,489,522,532,544,544],"floor_reached":51,"language":"ZHS","playtime":2650,"items_purged":["bronze:ShipIt"],"score":906,"play_id":"aaddfdab-a4f2-4663-9f5e-c80bdc8e8df2","local_time":"20210211035402","is_ascension_mode":true,"campfire_choices":[{"data":"REME_HeartOfCthun","floor":1,"key":"SMITH"},{"data":"bronze:Library","floor":6,"key":"SMITH"},{"data":"bronze:Replicate","floor":9,"key":"SMITH"},{"data":"bronze:Overheat","floor":13,"key":"SMITH"},{"data":"bronze:Format","floor":18,"key":"SMITH"},{"data":"bronze:Terminator","floor":23,"key":"SMITH"},{"floor":35,"key":"RECALL"},{"data":"expansioncontent:PolyBeam","floor":40,"key":"SMITH"}],"circlet_count":0,"master_deck":["bronze:Strike","bronze:Strike","bronze:Strike","bronze:Defend","bronze:Defend","bronze:Defend","bronze:Defend","bronze:Replicate+1","REME_HeartOfCthun+1","bronze:Separator","bronze:Overload","bronze:Library+1","bronze:BitShift","bronze:ChosenStrike","bronze:DigitalCarnage","bronze:Overheat+1","bronze:Terminator+1","bronze:Spike","bronze:DazingPulse","bronze:Explode","bronze:DelayedGuard","bronze:Format+1","bronze:InfiniteBeams+1","bronze:DelayedGuard+1","bronze:InfiniteBeams+1","bronze:BronzeOrb","bronze:Format","bronze:Optimize","bronze:ChildClass","bronze:Virus","Replay:SS_forest_2","expansioncontent:PolyBeam+1","Replay:SS_forest_2","bronze:Overheat","bronze:GetLatest+1","bronze:Return+1","bronze:WhirlingStrike+1","bronze:Boost"],"relics":["bronze:BronzeCore","REME_ComplimentaryCards","Iron Hammer","Shuriken","Coffee Dripper","Gremlin Horn","sneckomod:BabySnecko","hexamod:CandleOfCauterizing","bronze:CableSpool","Spirit Poop","Onion Ring","Lizard Tail","SlaversCollar","downfall:HeartBlessingRed","Thread and Needle","Bag of Preparation","reliquary:RoseTintedGlasses","ReplayTheSpireMod:Shallot"],"acts_visited":["Exordium","TheCity","TheBeyond"],"potions_floor_usage":[16,21],"damage_taken":[{"damage":11,"enemies":"Jaw Worm","floor":2,"turns":3},{"damage":0,"enemies":"downfall:FleeingMerchant","floor":4,"turns":4},{"damage":0,"enemies":"Cultist","floor":5,"turns":3},{"damage":18,"enemies":"Gremlin Nob","floor":8,"turns":4},{"damage":0,"enemies":"Small Slimes","floor":10,"turns":1},{"damage":0,"enemies":"Blue Slaver","floor":11,"turns":2},{"damage":29,"enemies":"Blue Slaver","floor":12,"turns":4},{"damage":0,"enemies":"2 Fungi Beasts","floor":15,"turns":1},{"damage":4,"enemies":"WA_ARCHETYPE_RETAIN","floor":16,"turns":4},{"damage":5,"enemies":"Spheric Guardian","floor":19,"turns":3},{"damage":5,"enemies":"3 Byrds","floor":20,"turns":3},{"damage":10,"enemies":"downfall:FleeingMerchant","floor":21,"turns":4},{"damage":29,"enemies":"Centurion and Healer","floor":25,"turns":3},{"damage":0,"enemies":"Gremlin Leader","floor":26,"turns":2},{"damage":4,"enemies":"Snake Plant","floor":27,"turns":2},{"damage":0,"enemies":"Replay:Snechameleon","floor":29,"turns":4},{"damage":0,"enemies":"Shelled Parasite and Fungi","floor":30,"turns":2},{"damage":3,"enemies":"Book of Stabbing","floor":31,"turns":2},{"damage":0,"enemies":"Centurion and Healer","floor":32,"turns":4},{"damage":2,"enemies":"DF_ARCHETYPE_CLAW","floor":33,"turns":5},{"damage":1,"enemies":"Orb Walker","floor":36,"turns":2},{"damage":1,"enemies":"downfall:FleeingMerchant","floor":42,"turns":4},{"damage":0,"enemies":"3 Shapes","floor":43,"turns":2},{"damage":0,"enemies":"Spire Growth","floor":44,"turns":2},{"damage":9,"enemies":"Giant Head","floor":45,"turns":4},{"damage":0,"enemies":"Jaw Worm Horde","floor":46,"turns":1},{"damage":5,"enemies":"Reptomancer","floor":47,"turns":3},{"damage":0,"enemies":"4 Shapes","floor":48,"turns":2},{"damage":0,"enemies":"Sphere and 2 Shapes","floor":49,"turns":3},{"damage":47,"enemies":"IC_BLOCK_ARCHETYPE","floor":50,"turns":8}],"seed_played":"4029760887379941934","potions_obtained":[{"floor":5,"key":"Toxic Potion"},{"floor":11,"key":"bronze:FreeFunctionsPotion"},{"floor":12,"key":"bronze:FreeFunctionsPotion"},{"floor":19,"key":"SteroidPotion"},{"floor":26,"key":"LiquidMemories"},{"floor":27,"key":"FairyPotion"},{"floor":36,"key":"CultistPotion"}],"is_trial":false,"path_per_floor":["R","M","?","$","M","R","T","E","R","M","M","?","R","?","M","B",null,"R","M","M","$","?","R","T","M","E","M","?","E","M","E","M","B",null,"R","M","?","?","?","R","T","$","M","M","E","M","E","M","M","B",null],"character_chosen":"THE_AUTOMATON","items_purchased":["Gremlin Horn","Bag of Preparation"],"campfire_rested":0,"item_purchase_floors":[21,42],"current_hp_per_floor":[70,59,59,59,59,59,59,41,41,41,41,12,12,12,12,8,70,70,65,60,50,50,50,50,21,21,17,17,17,17,14,14,12,70,70,69,69,69,59,59,59,58,58,58,49,49,44,44,44,35],"gold":544,"neow_bonus":"ONE_RANDOM_RARE_CARD","is_daily":false,"chose_seed":false,"campfire_upgraded":7,"win_rate":0.0,"timestamp":1612986842,"path_taken":["R","M","?","?","M","R","T","E","R","?","M","?","R","?","M","BOSS","R","M","M","$","?","R","T","M","E","M","?","E","?","E","M","BOSS","R","M","?","?","?","R","T","$","M","M","E","M","E","M","M","BOSS"],"items_purchased_type":["Relic","Relic"],"build_version":"2020-12-18","purchased_purges":1,"victory":true,"max_hp_per_floor":[70,70,70,70,70,70,70,70,70,70,70,70,70,70,70,70,70,70,70,70,70,70,70,70,70,70,70,70,70,70,70,70,70,70,70,70,70,70,70,70,70,70,70,70,70,70,70,70,70,70],"card_choices":[{"not_picked":["bronze:BugBarrage","bronze:Shield"],"picked":"bronze:Separator","floor":2},{"not_picked":["bronze:BugBarrage","bronze:WhirlingStrike"],"picked":"bronze:Library","floor":4},{"not_picked":["bronze:ForceShield","bronze:Overload"],"picked":"bronze:BitShift","floor":5},{"not_picked":["bronze:Overload","bronze:Boost"],"picked":"bronze:ChosenStrike","floor":8},{"not_picked":["bronze:CutThrough","bronze:Separator"],"picked":"bronze:DigitalCarnage","floor":10},{"not_picked":["bronze:WhirlingStrike","bronze:Branch"],"picked":"bronze:Overheat","floor":11},{"not_picked":["bronze:FindAndReplace","bronze:ChosenStrike"],"picked":"bronze:Terminator","floor":12},{"not_picked":[],"picked":"bronze:Spike","floor":12},{"not_picked":[],"picked":"bronze:DazingPulse","floor":12},{"not_picked":[],"picked":"bronze:Explode","floor":12},{"not_picked":["bronze:Repair","bronze:BugBarrage"],"picked":"bronze:DelayedGuard","floor":15},{"not_picked":["bronze:BurnOut","bronze:ThunderWave"],"picked":"bronze:Format","floor":16},{"not_picked":["bronze:ForLoop","bronze:BitShift"],"picked":"bronze:InfiniteBeams+1","floor":19},{"not_picked":["bronze:Branch","bronze:ItsAFeature"],"picked":"bronze:DelayedGuard+1","floor":20},{"not_picked":["bronze:DelayedGuard","bronze:Deprecate","bronze:BronzeArmor+1"],"picked":"SKIP","floor":21},{"not_picked":["bronze:OilSpill","bronze:Iterate"],"picked":"bronze:InfiniteBeams+1","floor":25},{"not_picked":["bronze:CutThrough","bronze:BuggyMess"],"picked":"bronze:BronzeOrb","floor":26},{"not_picked":["bronze:Turbo","bronze:Hardcode","bronze:Shield"],"picked":"SKIP","floor":27},{"not_picked":["bronze:Overload","bronze:Invalidate"],"picked":"bronze:Format","floor":29},{"not_picked":["bronze:BuggyMess","bronze:Branch"],"picked":"bronze:Optimize","floor":30},{"not_picked":["bronze:Deprecate","bronze:Shell","bronze:OilSpill"],"picked":"SKIP","floor":31},{"not_picked":["bronze:Invalidate","bronze:Iterate+1"],"picked":"bronze:ChildClass","floor":32},{"not_picked":["bronze:Assembly","bronze:FindAndReplace"],"picked":"bronze:Virus","floor":33},{"not_picked":["bronze:Return","bronze:ItsAFeature+1","bronze:Optimize"],"picked":"SKIP","floor":36},{"not_picked":["expansioncontent:GuardianWhirl","expansioncontent:AwakenDeath"],"picked":"Replay:SS_forest_2","floor":39},{"not_picked":["expansioncontent:Chronoboost","Replay:SS_forest_2"],"picked":"expansioncontent:PolyBeam","floor":39},{"not_picked":["expansioncontent:AwakenDeath","expansioncontent:Chronoboost"],"picked":"Replay:SS_forest_2","floor":39},{"not_picked":["bronze:DarkDash","bronze:OilSpill"],"picked":"bronze:Overheat","floor":42},{"not_picked":["bronze:BugBarrage+1","bronze:Optimize","bronze:BuggyMess"],"picked":"SKIP","floor":43},{"not_picked":["bronze:BugBarrage","bronze:Terminator+1"],"picked":"bronze:GetLatest+1","floor":44},{"not_picked":["bronze:ClassDefault+1","bronze:Shell+1"],"picked":"bronze:Return+1","floor":45},{"not_picked":["bronze:DelayedSlice","bronze:Deprecate"],"picked":"bronze:WhirlingStrike+1","floor":46},{"not_picked":["bronze:Hardcode","bronze:OilSpill","bronze:Invalidate"],"picked":"SKIP","floor":47},{"not_picked":["bronze:Constructor+1","bronze:Repair"],"picked":"bronze:Boost","floor":48},{"not_picked":["bronze:WildBeam+1","bronze:Overheat","bronze:Branch"],"picked":"SKIP","floor":49}],"player_experience":972509,"relics_obtained":[{"floor":7,"key":"Iron Hammer"},{"floor":8,"key":"Shuriken"},{"floor":24,"key":"hexamod:CandleOfCauterizing"},{"floor":26,"key":"bronze:CableSpool"},{"floor":29,"key":"Onion Ring"},{"floor":31,"key":"Lizard Tail"},{"floor":41,"key":"Thread and Needle"},{"floor":45,"key":"reliquary:RoseTintedGlasses"},{"floor":47,"key":"ReplayTheSpireMod:Shallot"}],"event_choices":[{"cards_removed":["downfall:Bewildered"],"damage_healed":0,"gold_gain":0,"player_choice":"Offered Curse","damage_taken":0,"relics_obtained":["Spirit Poop"],"max_hp_gain":0,"max_hp_loss":0,"event_name":"Bonfire Elementals","floor":28,"gold_loss":0},{"cards_removed":["bronze:Goto"],"damage_healed":0,"gold_gain":0,"player_choice":"Removed Skill","damage_taken":0,"max_hp_gain":0,"max_hp_loss":0,"event_name":"Falling","floor":38,"gold_loss":0}],"is_beta":true,"boss_relics":[{"not_picked":["REME_DemonsWealth","ReplayTheSpireMod:DimensionalGlitch"],"picked":"Coffee Dripper"},{"not_picked":["Runic Pyramid","reliquary:Ember"],"picked":"SlaversCollar"}],"items_purged_floors":[21],"is_endless":false,"potions_floor_spawned":[5,11,12,15,19,26,27,29,31,36,43,46,47,48,49],"ascension_level":1}}