{"host":"j5shy70asow5koz5","time":1612969138,"event":{"mods":["2.2 Compatiblity","Act Like it!","Arknights","BaseMod","Colored Map","Marisa£¨Ùöéë¡¡Øª×âÞÞ£©","Minty Spire (QoL Compilation)","Prisma Mod","StSLib","SuperFastMode","Td1madao Mod","The Disciple","The Gatherer","The Servant 0.9.4","Waifu the Spire"],"gold_per_floor":[119,119,135,148,223,223,253,253,253,253,273,273,284,284,284,382,382,382,342,342,342,342,342,342,342,342,342,342,342,342,342,342,342,342,342,342,342,342,73,73,73,73,73,23,23,23,23,23,23,23,23],"floor_reached":50,"language":"KOR","playtime":1142,"items_purged":["Parasite"],"score":532,"play_id":"1352ff68-2657-4fcc-a34d-e4377025fe02","local_time":"20210210235858","is_ascension_mode":false,"campfire_choices":[{"data":"Zap","floor":6.0,"key":"SMITH"},{"data":"Redo","floor":8.0,"key":"SMITH"},{"data":"Dualcast","floor":10.0,"key":"SMITH"},{"data":"Chill","floor":15,"key":"SMITH"},{"data":"Redo","floor":23,"key":"SMITH"},{"floor":32,"key":"REST"},{"data":"Consume","floor":40,"key":"SMITH"},{"data":"Consume","floor":45,"key":"SMITH"},{"data":"Blizzard","floor":49,"key":"SMITH"}],"circlet_count":0,"master_deck":["Strike_B","Defend_B","Defend_B","Defend_B","Defend_B","Zap+1","Dualcast+1","Conserve Battery","Redo+1","Chill+1","Blizzard+1","Rainbow","Tempest","Thunder Strike","Redo+1","Leap+1","Coolheaded","Cold Snap","Cold Snap","Consume+1","Consume+1"],"relics":["Cracked Core","Matryoshka","Ancient Tea Set","Ectoplasm","Nloth\u0027s Gift","PreservedInsect","Blood Vial","Toy Ornithopter","Juzu Bracelet","Inserter","DollysMirror","Meat on the Bone","Unceasing Top"],"acts_visited":["Exordium","TheCity","TheBeyond"],"potions_floor_usage":[24,24,24,30,33,35,47,47,50],"damage_taken":[{"damage":1.0,"enemies":"Jaw Worm","floor":1.0,"turns":3.0},{"damage":1.0,"enemies":"2 Louse","floor":3.0,"turns":3.0},{"damage":0.0,"enemies":"Cultist","floor":4.0,"turns":4.0},{"damage":23.0,"enemies":"Gremlin Nob","floor":7.0,"turns":4.0},{"damage":17.0,"enemies":"Exordium Thugs","floor":11.0,"turns":4.0},{"damage":0,"enemies":"Large Slime","floor":13,"turns":4},{"damage":19,"enemies":"The Guardian","floor":16,"turns":12},{"damage":3,"enemies":"Shell Parasite","floor":18,"turns":4},{"damage":5,"enemies":"Chosen","floor":20,"turns":4},{"damage":8,"enemies":"Slavers","floor":24,"turns":3},{"damage":3,"enemies":"Shelled Parasite and Fungi","floor":25,"turns":4},{"damage":13,"enemies":"3 Cultists","floor":27,"turns":4},{"damage":11,"enemies":"Snecko","floor":28,"turns":4},{"damage":7,"enemies":"Cultist and Chosen","floor":29,"turns":5},{"damage":0,"enemies":"Book of Stabbing","floor":30,"turns":4},{"damage":5,"enemies":"Snake Plant","floor":31,"turns":4},{"damage":35,"enemies":"Champ","floor":33,"turns":11},{"damage":14,"enemies":"3 Shapes","floor":35,"turns":4},{"damage":1,"enemies":"Orb Walker","floor":36,"turns":4},{"damage":5,"enemies":"Writhing Mass","floor":38,"turns":7},{"damage":9,"enemies":"Jaw Worm Horde","floor":47,"turns":4},{"damage":81,"enemies":"Donu and Deca","floor":50,"turns":8}],"seed_played":"1678971322176750108","potions_obtained":[{"floor":1.0,"key":"PowerPotion"},{"floor":4.0,"key":"LiquidMemories"},{"floor":19,"key":"DuplicationPotion"},{"floor":19,"key":"FocusPotion"},{"floor":19,"key":"PowerPotion"},{"floor":28,"key":"PotionOfCapacity"},{"floor":29,"key":"FocusPotion"},{"floor":30,"key":"SteroidPotion"},{"floor":31,"key":"Explosive Potion"},{"floor":38,"key":"Dexterity Potion"}],"is_trial":false,"path_per_floor":["M","?","M","M","?","R","E","R","T","R","M","?","M","?","R","B",null,"M","?","M","?","?","R","E","M","T","M","M","M","E","M","R","B",null,"M","M","?","M","$","R","?","?","T","$","R","T","M","?","R","B"],"character_chosen":"DEFECT","items_purchased":["DollysMirror","SkillPotion","Energy Potion"],"campfire_rested":1,"item_purchase_floors":[39,39,44],"current_hp_per_floor":[74,74,73,73,62,62,39,39,39,39,22,22,22,22,22,3,75,72,72,67,53,53,53,45,42,42,31,22,17,24,21,45,17,80,66,67,67,64,64,64,64,64,64,64,64,64,67,67,67,0,0],"gold":23,"neow_bonus":"REMOVE_CARD","is_daily":false,"chose_seed":false,"campfire_upgraded":8,"win_rate":0.0,"timestamp":1612969138,"path_taken":["M","?","M","M","?","R","E","R","T","R","M","?","M","?","R","BOSS","M","?","?","?","?","R","E","M","T","?","M","M","E","M","R","BOSS","M","M","?","M","$","R","?","?","T","?","R","?","M","?","R","BOSS"],"items_purchased_type":["Relic","Potion","Potion"],"build_version":"2020-12-22","purchased_purges":1,"victory":false,"max_hp_per_floor":[75,75,75,75,75,75,75,75,75,75,75,75,75,75,75,75,75,75,75,75,80,80,80,80,80,80,80,80,80,80,80,80,80,80,80,80,80,80,77,77,77,77,77,77,77,77,77,77,77,77,77],"card_choices":[{"not_picked":["Doom and Gloom","Barrage","Lockon"],"picked":"SKIP","floor":1.0},{"not_picked":["Go for the Eyes","Self Repair"],"picked":"Conserve Battery","floor":3.0},{"not_picked":["Barrage","Beam Cell"],"picked":"Redo","floor":4.0},{"not_picked":["Sweeping Beam","Streamline"],"picked":"Chill","floor":7.0},{"not_picked":["Steam Power","Barrage"],"picked":"Blizzard","floor":11.0},{"not_picked":["Lockon","Darkness"],"picked":"Rainbow","floor":13},{"not_picked":["Machine Learning","Buffer"],"picked":"Thunder Strike","floor":16},{"not_picked":["Leap+1","Reinforced Body+1","Aggregate"],"picked":"SKIP","floor":18},{"not_picked":["Hologram","Barrage"],"picked":"Redo","floor":20},{"not_picked":["Static Discharge","Hyperbeam","Machine Learning"],"picked":"SKIP","floor":24},{"not_picked":["Barrage","Streamline","Force Field"],"picked":"SKIP","floor":25},{"not_picked":["Sweeping Beam+1","Steam"],"picked":"Leap+1","floor":27},{"not_picked":["Reprogram+1","Stack"],"picked":"Coolheaded","floor":28},{"not_picked":["Gash","Meteor Strike"],"picked":"Cold Snap","floor":29},{"not_picked":["Buffer","Meteor Strike"],"picked":"Cold Snap","floor":30},{"not_picked":["Stack","Leap","Cold Snap"],"picked":"SKIP","floor":31},{"not_picked":["Streamline+1","BootSequence+1","Beam Cell"],"picked":"SKIP","floor":35},{"not_picked":["Turbo+1","Capacitor+1"],"picked":"Consume","floor":36},{"not_picked":["Beam Cell+1","Barrage","Rip and Tear+1"],"picked":"SKIP","floor":38},{"not_picked":["Undo","Steam+1","Coolheaded"],"picked":"SKIP","floor":47}],"player_experience":92062,"relics_obtained":[{"floor":7.0,"key":"Matryoshka"},{"floor":9.0,"key":"Pen Nib"},{"floor":9.0,"key":"Ancient Tea Set"},{"floor":24,"key":"PreservedInsect"},{"floor":26,"key":"Blood Vial"},{"floor":26,"key":"Toy Ornithopter"},{"floor":30,"key":"Juzu Bracelet"},{"floor":43,"key":"Meat on the Bone"},{"floor":46,"key":"Unceasing Top"}],"event_choices":[{"damage_healed":0.0,"max_hp_gain":0.0,"max_hp_loss":0.0,"gold_gain":0.0,"event_name":"Liars Game","player_choice":"Ignored","floor":2.0,"gold_loss":0.0,"damage_taken":0.0},{"damage_healed":0.0,"max_hp_gain":0.0,"max_hp_loss":0.0,"gold_gain":75.0,"event_name":"World of Goop","player_choice":"Gather Gold","floor":5.0,"gold_loss":0.0,"damage_taken":11.0},{"damage_healed":0,"gold_gain":0,"player_choice":"Searched \u00270\u0027 times","damage_taken":0,"max_hp_gain":0,"max_hp_loss":0,"event_name":"Dead Adventurer","floor":12,"gold_loss":0},{"damage_healed":0,"gold_gain":0,"cards_transformed":["Strike_B"],"player_choice":"Transformed","damage_taken":0,"max_hp_gain":0,"max_hp_loss":0,"event_name":"Transmorgrifier","floor":14,"gold_loss":0,"cards_obtained":["Tempest"]},{"damage_healed":0,"gold_gain":0,"player_choice":"Bought 3 Potions","damage_taken":0,"max_hp_gain":0,"max_hp_loss":0,"event_name":"The Woman in Blue","floor":19,"gold_loss":0},{"damage_healed":0,"gold_gain":0,"player_choice":"Shed Blood","damage_taken":19,"max_hp_gain":5,"max_hp_loss":0,"event_name":"Forgotten Altar","floor":21,"gold_loss":0},{"damage_healed":0,"gold_gain":0,"player_choice":"Traded Relic","damage_taken":0,"relics_obtained":["Nloth\u0027s Gift"],"max_hp_gain":0,"max_hp_loss":0,"event_name":"N\u0027loth","floor":22,"relics_lost":["Pen Nib"],"gold_loss":0},{"damage_healed":0,"gold_gain":0,"player_choice":"Ignored","damage_taken":0,"max_hp_gain":0,"max_hp_loss":0,"event_name":"Mysterious Sphere","floor":37,"gold_loss":0},{"damage_healed":0,"gold_gain":0,"player_choice":"Ignored","damage_taken":0,"max_hp_gain":0,"max_hp_loss":0,"event_name":"SecretPortal","floor":41,"gold_loss":0},{"damage_healed":0,"gold_gain":0,"player_choice":"0 cards matched","damage_taken":0,"max_hp_gain":0,"max_hp_loss":0,"event_name":"Match and Keep!","floor":42,"gold_loss":0,"cards_obtained":[]},{"cards_removed":["Strike_B"],"damage_healed":0,"gold_gain":0,"player_choice":"Removed Attack","damage_taken":0,"max_hp_gain":0,"max_hp_loss":0,"event_name":"Falling","floor":48,"gold_loss":0}],"is_beta":false,"boss_relics":[{"not_picked":["Fusion Hammer","Snecko Eye"],"picked":"Ectoplasm"},{"not_picked":["Black Star","FrozenCore"],"picked":"Inserter"}],"items_purged_floors":[39],"is_endless":false,"potions_floor_spawned":[1,4,28,29,30,31,38],"killed_by":"Donu and Deca","ascension_level":0}}