{"host":"92108ef2q9tm8rod","time":1612919405,"event":{"mods":["BaseMod","Defuse TimeMaze Blight","Minty Spire (QoL Compilation)","StSLib","The Jungle"],"gold_per_floor":[109,120,120,132,132,165,165,165,465,496,517,535,535,559,559,682,682,697,713,300,320,167,167,167,208,232,232,232,267,298,342,342,463,463,476,171,184,209,272,272,296,296,296,327,343,386,263,263,263,263],"floor_reached":51,"language":"ENG","playtime":4141,"items_purged":[],"score":1143,"play_id":"133c9eb9-4618-4780-973d-34e1f3bcd3b9","local_time":"20210210011005","daily_mods":["SealedDeck","Colorless Cards","Heirloom","Flight"],"is_ascension_mode":false,"campfire_choices":[{"data":"Blind","floor":7,"key":"SMITH"},{"data":"Deflect","floor":8,"key":"SMITH"},{"data":"Blur","floor":13,"key":"SMITH"},{"floor":15,"key":"REST"},{"data":"Underhanded Strike","floor":23,"key":"SMITH"},{"data":"Skewer","floor":24,"key":"SMITH"},{"data":"Slice","floor":27,"key":"SMITH"},{"data":"Acrobatics","floor":28,"key":"SMITH"},{"floor":32,"key":"REST"},{"data":"Panacea","floor":40,"key":"SMITH"},{"data":"Prepared","floor":42,"key":"SMITH"}],"circlet_count":0,"master_deck":["Prepared+1","Skewer+1","Slice+1","Acrobatics+1","Underhanded Strike+1","Blind+1","Blur+1","Deflect+1","A Thousand Cuts+1","Panache+1","Panacea+1","Deep Breath+1","Panache+1","Madness+1"],"relics":["Ring of the Snake","Thread and Needle","Mango","Golden Idol","Akabeko","Old Coin","Kunai","Empty Cage","Medical Kit","Matryoshka","Bronze Scales","MealTicket","Omamori","Nunchaku","Frozen Egg 2","Orichalcum","StrikeDummy","Coffee Dripper","Membership Card","Oddly Smooth Stone","PreservedInsect","Singing Bowl","Toy Ornithopter","Juzu Bracelet","DollysMirror"],"acts_visited":["Exordium","Exordium","TheBeyond"],"potions_floor_usage":[10,10,16,25,30,33,38,39,45,50,50,50],"damage_taken":[{"damage":0,"enemies":"Jaw Worm","floor":1,"turns":2},{"damage":0,"enemies":"2 Louse","floor":2,"turns":1},{"damage":0,"enemies":"Cultist","floor":4,"turns":3},{"damage":0,"enemies":"Lagavulin","floor":6,"turns":8},{"damage":0,"enemies":"Gremlin Nob","floor":10,"turns":3},{"damage":0,"enemies":"3 Louse","floor":11,"turns":2},{"damage":0,"enemies":"Lots of Slimes","floor":12,"turns":4},{"damage":0,"enemies":"Exordium Wildlife","floor":14,"turns":3},{"damage":0,"enemies":"Slime Boss","floor":16,"turns":12},{"damage":0,"enemies":"theJungle:5_Spyders","floor":18,"turns":5},{"damage":0,"enemies":"theJungle:GiantWrat","floor":19,"turns":6},{"damage":0,"enemies":"theJungle:Lyon","floor":21,"turns":5},{"damage":0,"enemies":"theJungle:MamaSnecko","floor":25,"turns":6},{"damage":0,"enemies":"theJungle:2_Phrogs","floor":29,"turns":6},{"damage":0,"enemies":"theJungle:Cassacara","floor":30,"turns":5},{"damage":0,"enemies":"theJungle:2_Phrogs","floor":31,"turns":7},{"damage":0,"enemies":"theJungle:QueenSpyder","floor":33,"turns":11},{"damage":0,"enemies":"Orb Walker","floor":35,"turns":2},{"damage":0,"enemies":"3 Darklings","floor":37,"turns":2},{"damage":0,"enemies":"Maw","floor":38,"turns":4},{"damage":0,"enemies":"Mind Bloom Boss Battle","floor":39,"turns":4},{"damage":0,"enemies":"Sphere and 2 Shapes","floor":41,"turns":2},{"damage":0,"enemies":"Nemesis","floor":44,"turns":3},{"damage":0,"enemies":"Writhing Mass","floor":45,"turns":2},{"damage":0,"enemies":"Reptomancer","floor":46,"turns":2},{"damage":4,"enemies":"Awakened One","floor":50,"turns":5}],"seed_played":"-9009122932532768196","potions_obtained":[{"floor":1,"key":"Strength Potion"},{"floor":2,"key":"Energy Potion"},{"floor":11,"key":"Regen Potion"},{"floor":12,"key":"FearPotion"},{"floor":14,"key":"FairyPotion"},{"floor":19,"key":"CunningPotion"},{"floor":29,"key":"DistilledChaos"},{"floor":30,"key":"LiquidMemories"},{"floor":33,"key":"SteroidPotion"},{"floor":37,"key":"FearPotion"},{"floor":38,"key":"FearPotion"},{"floor":39,"key":"LiquidMemories"},{"floor":45,"key":"Weak Potion"}],"is_trial":true,"path_per_floor":["M","M","?","M","?","E","R","R","T","E","M","M","R","M","R","B",null,"M","M","$","M","$","R","R","E","T","R","R","E","E","E","R","B",null,"M","$","M","M","?","R","M","R","T","E","M","E","$","?","R","B",null],"character_chosen":"THE_SILENT","items_purchased":["Medical Kit","Matryoshka","Bronze Scales","Membership Card","Oddly Smooth Stone","Panache+1","DollysMirror","Madness"],"campfire_rested":2,"item_purchase_floors":[20,20,22,36,36,36,47,47],"current_hp_per_floor":[70,70,66,66,45,45,45,45,45,45,45,45,45,45,70,70,84,84,84,84,84,84,84,84,84,84,84,84,84,84,84,84,84,84,84,84,84,84,84,84,84,84,84,86,88,90,90,90,90,90],"gold":263,"neow_bonus":"","is_daily":false,"chose_seed":false,"campfire_upgraded":9,"win_rate":0.0,"timestamp":1612919405,"path_taken":["M","M","?","M","?","E","R","R","T","E","M","M","R","M","R","BOSS","M","M","$","M","$","R","R","E","T","R","R","E","E","E","R","BOSS","M","$","M","M","?","R","M","R","T","E","M","E","$","?","R","BOSS"],"items_purchased_type":["Relic","Relic","Relic","Relic","Relic","Card","Relic","Card"],"build_version":"2020-12-22","purchased_purges":0,"victory":true,"max_hp_per_floor":[70,70,84,84,84,84,84,84,84,84,84,84,84,84,84,84,84,84,84,84,84,84,84,84,84,84,84,84,84,84,84,84,84,84,84,84,84,84,84,84,84,84,84,86,88,90,90,90,90,90],"card_choices":[{"not_picked":["Prepared","Cloak And Dagger","Bane"],"picked":"SKIP","floor":1},{"not_picked":["Quick Slash","Dagger Throw","Cloak And Dagger"],"picked":"SKIP","floor":2},{"not_picked":["Bane","Well Laid Plans","Dodge and Roll"],"picked":"SKIP","floor":4},{"not_picked":["After Image","Accuracy","Underhanded Strike"],"picked":"SKIP","floor":6},{"not_picked":["Flash of Steel","Dagger Spray","Purity"],"picked":"SKIP","floor":10},{"not_picked":["Deflect","PiercingWail","Riddle With Holes"],"picked":"SKIP","floor":11},{"not_picked":["Cloak And Dagger","Flying Knee","Quick Slash"],"picked":"SKIP","floor":12},{"not_picked":["Dagger Spray","Accuracy","PanicButton"],"picked":"SKIP","floor":14},{"not_picked":["Underhanded Strike","PiercingWail","Masterful Stab"],"picked":"SKIP","floor":18},{"not_picked":["Cloak And Dagger","Acrobatics","PiercingWail"],"picked":"SKIP","floor":19},{"not_picked":["Blur","Choke","Underhanded Strike+1"],"picked":"SKIP","floor":21},{"not_picked":["Backflip","The Bomb","Secret Weapon"],"picked":"SKIP","floor":25},{"not_picked":["Crippling Poison","Outmaneuver+1","Setup"],"picked":"SKIP","floor":29},{"not_picked":["Masterful Stab+1","Acrobatics","Corpse Explosion"],"picked":"SKIP","floor":30},{"not_picked":["Discovery+1","Bane","Outmaneuver+1"],"picked":"SKIP","floor":31},{"not_picked":["Apotheosis","Secret Technique"],"picked":"A Thousand Cuts+1","floor":33},{"not_picked":["Backflip+1","Good Instincts+1","Poisoned Stab"],"picked":"SKIP","floor":35},{"not_picked":["Heel Hook","PanicButton+1"],"picked":"Panacea","floor":37},{"not_picked":["Quick Slash+1","Flying Knee"],"picked":"Deep Breath+1","floor":38},{"not_picked":["Dodge and Roll","Dagger Spray","Underhanded Strike"],"picked":"SKIP","floor":41},{"not_picked":["Dodge and Roll","Dagger Spray","Deadly Poison"],"picked":"Singing Bowl","floor":44},{"not_picked":["Deflect+1","Finisher+1","Flying Knee"],"picked":"Singing Bowl","floor":45},{"not_picked":["Infinite Blades+1","Dagger Spray","Dodge and Roll+1"],"picked":"Singing Bowl","floor":46}],"player_experience":3406300,"relics_obtained":[{"floor":6,"key":"Akabeko"},{"floor":9,"key":"Old Coin"},{"floor":10,"key":"Kunai"},{"floor":25,"key":"MealTicket"},{"floor":26,"key":"Omamori"},{"floor":26,"key":"Nunchaku"},{"floor":29,"key":"Frozen Egg 2"},{"floor":30,"key":"Orichalcum"},{"floor":31,"key":"StrikeDummy"},{"floor":43,"key":"PreservedInsect"},{"floor":43,"key":"Singing Bowl"},{"floor":44,"key":"Toy Ornithopter"},{"floor":46,"key":"Juzu Bracelet"}],"event_choices":[{"damage_healed":0,"gold_gain":0,"player_choice":"Success","damage_taken":18,"relics_obtained":["Mango"],"max_hp_gain":0,"max_hp_loss":0,"event_name":"Scrap Ooze","floor":3,"gold_loss":0},{"damage_healed":0,"gold_gain":0,"player_choice":"Take Damage","damage_taken":21,"relics_obtained":["Golden Idol"],"max_hp_gain":0,"max_hp_loss":0,"event_name":"Golden Idol","floor":5,"gold_loss":0},{"damage_healed":0,"gold_gain":0,"player_choice":"Fight","damage_taken":0,"max_hp_gain":0,"max_hp_loss":0,"event_name":"MindBloom","floor":39,"gold_loss":0},{"damage_healed":0,"gold_gain":0,"player_choice":"Forge","damage_taken":0,"max_hp_gain":0,"max_hp_loss":0,"event_name":"Accursed Blacksmith","floor":48,"gold_loss":0,"cards_upgraded":["Madness"]}],"is_beta":false,"boss_relics":[{"not_picked":["Philosopher\u0027s Stone","Cursed Key"],"picked":"Empty Cage"},{"not_picked":["Astrolabe","Runic Pyramid"],"picked":"Coffee Dripper"}],"items_purged_floors":[],"is_endless":false,"potions_floor_spawned":[1,2,11,12,14,19,29,30,33,37,38,39,45],"ascension_level":0}}