{"host":"39hztz5hia41w0n0","time":1612992802,"event":{"mods":["2.2 Compatiblity","AchievementEnabler","Act Like it!","AlwaysNeverKeys","Aspiration","BaseMod","Better Altar","Better Note","Better Sensory Stone","Better Skull","Better Third Choice","BetterRewards","Block Reminder","Colored Map","Colored Powertips","Conspire","Curses Come First","DeckTracker","Defuse TimeMaze Blight","Downfall","Energized Spire","GifTheSpireLib","Googly Eyes","Halation","Highlight Path","Hubris","Infinite Spire","Minty Spire (QoL Compilation)","Permanent Neow","Potion Indicator Mod","Quick Restart","RatMod","Relic Filter","Relic Sorter","Relic Stats","Replay The Spire","Reworked Bosses","Shop Mod","Spicy Shops","Spikes Relics","StSLib","Stuff the Spire","SuperFastMode","Uncapped","Unceasing Turn Reminder","UnlockEverythingMod","Username Fix","egg"],"gold_per_floor":[116,116,134,309,309,309,338,354,427,427,427,446,29,42,42,42,42],"floor_reached":16,"language":"ENG","playtime":249,"items_purged":["Doubt","Defend_G"],"score":105,"play_id":"bb7a6459-6654-4226-aa56-33ade70f757a","local_time":"20210210163322","is_ascension_mode":true,"campfire_choices":[{"data":"Swift Strike","floor":6.0,"key":"SMITH"},{"floor":10.0,"key":"REST"},{"floor":15.0,"key":"REST"}],"circlet_count":0,"master_deck":["Strike_G","Strike_G","Strike_G","Strike_G","Defend_G","Defend_G+1","Defend_G","Defend_G","Survivor","Neutralize","Riddle With Holes","Swift Strike+1","Cloak And Dagger","rat:RuptureArtery","rat:SilveredBlade","rat:SilveredBlade"],"relics":["Ring of the Snake","Quantum Egg","infinitespire:Broken Mirror","halation:Jellyphish","Replay:Kaleidoscope"],"acts_visited":["Exordium"],"potions_floor_usage":[],"damage_taken":[{"damage":0.0,"enemies":"Small Slimes","floor":1.0,"turns":2.0},{"damage":0.0,"enemies":"2 Louse","floor":3.0,"turns":2.0},{"damage":43.0,"enemies":"Gremlin Nob","floor":7.0,"turns":6.0},{"damage":4.0,"enemies":"Cultist","floor":8.0,"turns":3.0},{"damage":5.0,"enemies":"Exordium Wildlife","floor":12.0,"turns":3.0},{"damage":7.0,"enemies":"2 Fungi Beasts","floor":14.0,"turns":3.0},{"damage":0,"enemies":"Slime Boss","floor":16,"turns":1}],"seed_played":"3845031389169029251","potions_obtained":[{"floor":1.0,"key":"Languid Potion"},{"floor":7.0,"key":"Block Potion"},{"floor":12.0,"key":"BlessingOfTheForge"}],"is_trial":false,"path_per_floor":["M","?","M","?","?","R","E","M","T","R","?","M","$","M","R","B"],"character_chosen":"THE_SILENT","items_purchased":["rat:RuptureArtery","rat:SilveredBlade","halation:Jellyphish"],"campfire_rested":2,"item_purchase_floors":[13,13,13],"current_hp_per_floor":[70,70,70,70,70,70,27,23,23,44,44,39,39,32,53,53,53],"gold":42,"neow_bonus":"TRANSFORM_CARD","is_daily":false,"chose_seed":false,"campfire_upgraded":1,"win_rate":0.0,"timestamp":1612992802,"path_taken":["M","?","?","?","?","R","E","M","T","R","?","?","?","M","R","BOSS"],"items_purchased_type":["Card","Card","Relic"],"build_version":"2020-12-22","purchased_purges":2,"victory":false,"max_hp_per_floor":[70,70,70,70,70,70,70,70,70,70,70,70,70,70,70,70,70],"relic_stats":{"counters":[7,20],"obtain_stats":[{"infinitespire:Broken Mirror":9,"Quantum Egg":7,"halation:Jellyphish":13,"Replay:Kaleidoscope":16,"hubris:TinFlute":14,"Ring of the Snake":0},{"infinitespire:Broken Mirror":4,"Quantum Egg":3,"halation:Jellyphish":5,"Replay:Kaleidoscope":6,"hubris:TinFlute":5,"Ring of the Snake":0},{"infinitespire:Broken Mirror":13,"Quantum Egg":10,"halation:Jellyphish":16,"Replay:Kaleidoscope":19,"hubris:TinFlute":16,"Ring of the Snake":0}],"Ring of the Snake":[14]},"card_choices":[{"not_picked":["StuffTheSpire:ReptileScales","Acrobatics","Sucker Punch"],"picked":"SKIP","floor":1.0},{"not_picked":["StuffTheSpire:Recharge","Crow Ritual"],"picked":"Swift Strike","floor":2.0},{"not_picked":["rat:SilveredBlade","Dagger Throw","Eviscerate"],"picked":"SKIP","floor":3.0},{"not_picked":["rat:SiphonBlood","rat:RuptureArtery","Dagger Throw"],"picked":"SKIP","floor":7.0},{"not_picked":["Acrobatics","rat:EchoingStrikes","Choke"],"picked":"SKIP","floor":8.0},{"not_picked":["Sucker Punch","Glass Knife"],"picked":"Cloak And Dagger","floor":12.0},{"not_picked":["Fluid Movement","Cloak And Dagger","ReplayTheSpireMod:Scrap Shanks"],"picked":"SKIP","floor":14.0}],"player_experience":95188,"relics_obtained":[{"floor":7.0,"key":"Quantum Egg"},{"floor":9.0,"key":"infinitespire:Broken Mirror"}],"event_choices":[{"damage_healed":0.0,"max_hp_gain":0.0,"max_hp_loss":0.0,"gold_gain":1.0,"event_name":"betterStone:BetterStone","player_choice":"1","floor":2.0,"gold_loss":0.0,"damage_taken":0.0},{"damage_healed":0.0,"max_hp_gain":0.0,"max_hp_loss":0.0,"gold_gain":175.0,"event_name":"betterThird:BetterSerpent","player_choice":"AGREE","floor":4.0,"gold_loss":0.0,"damage_taken":134.0}],"is_beta":false,"boss_relics":[],"items_purged_floors":[13,13],"is_endless":false,"potions_floor_spawned":[1,7,12],"killed_by":"Slime Boss","ascension_level":1}}