{"host":"gobyjzz6xbwq9f9i","time":1612927961,"event":{"mods":["AchievementEnabler","BaseMod","Bestiary","Colored Map","Minty Spire (QoL Compilation)","Relic Stats"],"gold_per_floor":[117,117,134,309,325,325,335,352,352,362,395,21,21,31,31,132,132,144,171,190,203,14,28,28,28],"floor_reached":24,"language":"ENG","playtime":902,"items_purged":["Strike_B","Strike_B"],"score":378,"play_id":"28ce4ed2-8e37-4f20-bae0-fa14ed95eb4c","local_time":"20210209193241","is_ascension_mode":true,"campfire_choices":[{"floor":13,"key":"REST"},{"data":"Capacitor","floor":15,"key":"SMITH"}],"circlet_count":0,"master_deck":["AscendersBane","Strike_B+1","Strike_B+1","Defend_B","Defend_B","Defend_B","Defend_B","Zap","Dualcast+1","Sweeping Beam+1","Coolheaded","Hologram","Glacier","Chaos","Sweeping Beam","Capacitor+1","Barrage","Blind","Rainbow","Lockon+1","Stack","Steam","Defragment","Cold Snap","Conserve Battery"],"relics":["Busted Crown","Whetstone","Regal Pillow","TheAbacus","Sozu","Red Mask"],"acts_visited":["Exordium","TheCity"],"potions_floor_usage":[11,16],"damage_taken":[{"damage":2,"enemies":"2 Louse","floor":1,"turns":3},{"damage":0,"enemies":"Small Slimes","floor":3,"turns":2},{"damage":7,"enemies":"Jaw Worm","floor":5,"turns":3},{"damage":0,"enemies":"2 Fungi Beasts","floor":7,"turns":4},{"damage":9,"enemies":"Exordium Wildlife","floor":8,"turns":5},{"damage":0,"enemies":"3 Louse","floor":10,"turns":2},{"damage":22,"enemies":"Gremlin Nob","floor":11,"turns":4},{"damage":13,"enemies":"Gremlin Gang","floor":14,"turns":4},{"damage":0,"enemies":"Hexaghost","floor":16,"turns":9},{"damage":5,"enemies":"Spheric Guardian","floor":18,"turns":4},{"damage":44,"enemies":"Masked Bandits","floor":19,"turns":6},{"damage":3,"enemies":"Chosen","floor":20,"turns":3},{"damage":0,"enemies":"Centurion and Healer","floor":21,"turns":7},{"damage":10,"enemies":"Snecko","floor":23,"turns":6},{"damage":6,"enemies":"Sentry and Sphere","floor":24,"turns":3}],"seed_played":"4495729307119014276","potions_obtained":[{"floor":5,"key":"BlessingOfTheForge"},{"floor":7,"key":"Strength Potion"},{"floor":8,"key":"Ancient Potion"},{"floor":14,"key":"Strength Potion"}],"is_trial":false,"path_per_floor":["M","?","M","?","M","?","M","M","T","M","E","$","R","M","R","B",null,"M","?","M","M","$","M","M"],"character_chosen":"DEFECT","items_purchased":["TheAbacus","Barrage","Blind","Defragment","Cold Snap"],"campfire_rested":1,"item_purchase_floors":[12,12,12,22,22],"current_hp_per_floor":[66,51,51,51,44,37,37,28,28,28,6,6,43,30,30,30,64,59,15,12,12,12,2,0,0],"gold":28,"neow_bonus":"BOSS_RELIC","is_daily":false,"chose_seed":false,"campfire_upgraded":1,"win_rate":0.0,"timestamp":1612927961,"path_taken":["M","?","M","?","M","?","?","M","T","M","E","$","R","M","R","BOSS","M","?","M","M","$","M","M"],"items_purchased_type":["Relic","Card","Card","Card","Card"],"build_version":"2020-12-22","purchased_purges":2,"victory":false,"max_hp_per_floor":[75,75,75,75,75,75,75,75,75,75,75,75,75,75,75,75,75,75,75,75,75,75,75,75,75],"relic_stats":{"Sozu":2,"Regal Pillow":15,"Busted Crown":28,"TheAbacus":[48],"counters":[15,65],"Whetstone":["Sweeping Beam","Strike_B"],"obtain_stats":[{"Sozu":17,"Regal Pillow":11,"Busted Crown":0,"TheAbacus":12,"Red Mask":19,"Whetstone":9,"Cracked Core":0},{"Sozu":9,"Regal Pillow":7,"Busted Crown":0,"TheAbacus":7,"Red Mask":11,"Whetstone":5,"Cracked Core":0},{"Sozu":36,"Regal Pillow":23,"Busted Crown":0,"TheAbacus":23,"Red Mask":46,"Whetstone":17,"Cracked Core":0}]},"card_choices":[{"not_picked":[],"picked":"Sweeping Beam","floor":1},{"not_picked":[],"picked":"Coolheaded","floor":3},{"not_picked":[],"picked":"Hologram","floor":5},{"not_picked":[],"picked":"Glacier","floor":7},{"not_picked":[],"picked":"Chaos","floor":8},{"not_picked":[],"picked":"Sweeping Beam","floor":10},{"not_picked":[],"picked":"Capacitor","floor":11},{"not_picked":["Rip and Tear"],"picked":"SKIP","floor":14},{"not_picked":[],"picked":"Rainbow","floor":16},{"not_picked":[],"picked":"Lockon+1","floor":18},{"not_picked":[],"picked":"Stack","floor":19},{"not_picked":[],"picked":"Steam","floor":20},{"not_picked":["Sweeping Beam+1"],"picked":"SKIP","floor":21},{"not_picked":[],"picked":"Conserve Battery","floor":23}],"player_experience":1322987,"relics_obtained":[{"floor":9,"key":"Whetstone"},{"floor":11,"key":"Regal Pillow"},{"floor":19,"key":"Red Mask"}],"event_choices":[{"damage_healed":0,"gold_gain":0,"player_choice":"Entered Light","damage_taken":15,"max_hp_gain":0,"max_hp_loss":0,"event_name":"Shining Light","floor":2,"gold_loss":0,"cards_upgraded":["Strike_B","Dualcast"]},{"damage_healed":0,"gold_gain":175,"player_choice":"AGREE","damage_taken":0,"max_hp_gain":0,"max_hp_loss":0,"event_name":"Liars Game","floor":4,"gold_loss":0,"cards_obtained":["Doubt"]},{"cards_removed":["Doubt"],"damage_healed":0,"gold_gain":0,"player_choice":"Card Removal","damage_taken":7,"max_hp_gain":0,"max_hp_loss":0,"event_name":"Golden Wing","floor":6,"gold_loss":0},{"damage_healed":0,"gold_gain":0,"player_choice":"Fought Bandits","damage_taken":0,"max_hp_gain":0,"max_hp_loss":0,"event_name":"Masked Bandits","floor":19,"gold_loss":0}],"is_beta":false,"boss_relics":[{"not_picked":["Velvet Choker","Philosopher\u0027s Stone"],"picked":"Sozu"}],"items_purged_floors":[12,22],"is_endless":false,"potions_floor_spawned":[5,7,8,10,14,19,23],"killed_by":"Sentry and Sphere","ascension_level":10}}