{"host":"qljq6nt1bltq73k9","time":1612934214,"event":{"mods":["BaseMod","Colored Map","Colored Powertips","Downfall","Minty Spire (QoL Compilation)","Quick Restart","Replay The Spire","StSLib","[IsaacMod]ÒÔÈö¼âËþ"],"gold_per_floor":[99999,98245,98205,98205,98205,98223,97238,97268,97268,97287,97287,97302,97312,97312,97262,97297,97297,97398,97398,97417,97447,97417,97417],"floor_reached":22,"language":"ZHS","playtime":584,"items_purged":["Defend_B","Strike_B","Strike_B"],"score":292,"play_id":"0e72c447-ed94-4b5c-a2f4-4d6265606cce","local_time":"20210210131654","is_ascension_mode":false,"campfire_choices":[{"floor":9.0,"key":"RECALL"},{"data":"Storm","floor":17.0,"key":"SMITH"}],"circlet_count":0,"master_deck":["Strike_B","Strike_B","Defend_B","Defend_B","Dualcast","Tempest","Defragment","Thinking Ahead","Self Repair","Storm+1","Self Repair","Seek","Barrage","Barrage","Capacitor","Sweeping Beam","ReplayRNGCard","Biased Cognition","Rip and Tear","Compile Driver"],"relics":["FrozenCore","HushsDoor","D6","Chameleon Ring","Bird Faced Urn","TheBattery","TheBean","Ancient Tea Set","ClockworkSouvenir","EdensBlessing","Centennial Puzzle","Chemical X","Replay:Ringing Soul","Happy Flower","Mango","Replay:WaspNest","Red Mask","Blue Doll"],"acts_visited":["Exordium","TheCity"],"potions_floor_usage":[],"damage_taken":[{"damage":1.0,"enemies":"Cultist","floor":1.0,"turns":3.0},{"damage":1.0,"enemies":"Jaw Worm","floor":6.0,"turns":3.0},{"damage":0.0,"enemies":"Gremlin Nob","floor":8.0,"turns":2.0},{"damage":0.0,"enemies":"2 Louse","floor":10.0,"turns":1.0},{"damage":0.0,"enemies":"Large Slime","floor":12.0,"turns":3.0},{"damage":19.0,"enemies":"Blue Slaver","floor":13.0,"turns":3.0},{"damage":13.0,"enemies":"Lagavulin","floor":16.0,"turns":4.0},{"damage":0.0,"enemies":"Slime Boss","floor":18.0,"turns":3.0},{"damage":10,"enemies":"Chosen","floor":20,"turns":3},{"damage":10,"enemies":"Masked Bandits","floor":21,"turns":2},{"damage":3,"enemies":"2 Thieves","floor":22,"turns":1}],"seed_played":"2021104654726656818","potions_obtained":[{"floor":1.0,"key":"Regen Potion"},{"floor":3.0,"key":"DistilledChaos"},{"floor":10.0,"key":"Swift Potion"},{"floor":12.0,"key":"DuplicationPotion"}],"is_trial":false,"path_per_floor":["M","$","?","PTL","PTL","M","$","E","R","M","T","M","M","?","?","E","R","B",null,"M","?","M"],"character_chosen":"DEFECT","items_purchased":["Chameleon Ring","Bird Faced Urn","TheBattery","Defragment","Thinking Ahead","Fire Potion","SkillPotion","TheBean","Ancient Tea Set","ClockworkSouvenir","Self Repair","EdensBlessing","Centennial Puzzle","Chemical X","Self Repair","Seek","Barrage","Mango","Damocles"],"campfire_rested":0,"item_purchase_floors":[2,2,2,2,2,2,2,2,2,2,2,7,7,7,7,7,7,19,19],"current_hp_per_floor":[81,81,81,81,81,80,80,85,85,88,88,91,94,87,87,88,88,97,91,94,97,0,0],"gold":97417,"neow_bonus":"TEN_PERCENT_HP_BONUS","is_daily":false,"chose_seed":false,"campfire_upgraded":1,"win_rate":0.0,"timestamp":1612934214,"path_taken":["M","$","?","PTL","PTL","M","$","E","R","M","T","M","M","?","?","E","R","BOSS","M","?","M"],"items_purchased_type":["Relic","Relic","Relic","Card","Card","Potion","Potion","Relic","Relic","Relic","Card","Relic","Relic","Relic","Card","Card","Card","Relic","Relic"],"build_version":"2020-12-22","purchased_purges":3,"victory":false,"max_hp_per_floor":[82,82,82,82,82,82,82,85,85,88,88,91,94,94,94,94,94,97,91,94,97,97,97],"card_choices":[{"not_picked":["Ball Lightning","Gash"],"picked":"Tempest","floor":1.0},{"not_picked":["Ball Lightning","Barrage"],"picked":"Storm","floor":6.0},{"not_picked":["Stack","ReplayTheSpireMod:Repulse"],"picked":"Barrage","floor":8.0},{"not_picked":["Stack","Coolheaded"],"picked":"Capacitor","floor":10.0},{"not_picked":["Panic Button","Doom and Gloom"],"picked":"Sweeping Beam","floor":12.0},{"not_picked":["Go for the Eyes","BasicCrystalCard"],"picked":"ReplayRNGCard","floor":13.0},{"not_picked":["Go for the Eyes","Leap","Fusion"],"picked":"SKIP","floor":16.0},{"not_picked":["Core Surge","Seek"],"picked":"Biased Cognition","floor":18.0},{"not_picked":["Redo","BasicCrystalCard"],"picked":"Rip and Tear","floor":20},{"not_picked":["Chill","Rebound"],"picked":"Compile Driver","floor":21}],"player_experience":453169,"relics_obtained":[{"floor":8.0,"key":"Replay:Ringing Soul"},{"floor":16.0,"key":"Happy Flower"},{"floor":20,"key":"Replay:WaspNest"},{"floor":21,"key":"Red Mask"},{"floor":21,"key":"Blue Doll"}],"event_choices":[{"damage_healed":0.0,"max_hp_gain":0.0,"max_hp_loss":0.0,"gold_gain":0.0,"event_name":"The Woman in Blue","player_choice":"Bought 3 Potions","floor":3.0,"gold_loss":0.0,"damage_taken":0.0},{"cards_removed":["Defend_B"],"damage_healed":0.0,"max_hp_gain":0.0,"max_hp_loss":0.0,"gold_gain":0.0,"event_name":"Golden Wing","player_choice":"Card Removal","floor":14.0,"gold_loss":0.0,"damage_taken":7.0},{"cards_removed":["Zap"],"damage_healed":0.0,"max_hp_gain":0.0,"max_hp_loss":0.0,"gold_gain":0.0,"event_name":"The Cleric","player_choice":"Card Removal","floor":15.0,"gold_loss":50.0,"damage_taken":0.0},{"damage_healed":0,"gold_gain":0,"player_choice":"Fought Bandits","damage_taken":0,"max_hp_gain":0,"max_hp_loss":0,"event_name":"Masked Bandits","floor":21,"gold_loss":0}],"is_beta":false,"boss_relics":[{"not_picked":["Honey Jar","Busted Crown"],"picked":"FrozenCore"},{"not_picked":[]}],"items_purged_floors":[2,2,7],"is_endless":false,"potions_floor_spawned":[1,10,12],"killed_by":"2 Thieves","ascension_level":0}}