{"host":"mqhvlr3kpxebko0t","time":1612965700,"event":{"mods":["AchievementEnabler","BaseMod","Colored Map","Colored Powertips","KOR Keyword Fix","Keyboard Shortcuts","Minty Spire (QoL Compilation)","StSLib","SuperFastMode"],"gold_per_floor":[111,111,128,128,128,128,167,167,167,205,221,246,270,309,309,405,405,424,438,461,224,224,224,224,224,224,124,124,124],"floor_reached":28,"language":"KOR","playtime":364,"items_purged":["Strike_R","Defend_R"],"score":522,"play_id":"f167704a-045e-458a-9e8f-373153e1cd54","local_time":"20210210230140","is_ascension_mode":true,"campfire_choices":[{"data":"Bash","floor":6.0,"key":"SMITH"},{"data":"Carnage","floor":8.0,"key":"SMITH"},{"data":"Pommel Strike","floor":15.0,"key":"SMITH"},{"data":"Whirlwind","floor":23,"key":"SMITH"},{"data":"Burning Pact","floor":25,"key":"SMITH"}],"circlet_count":0,"master_deck":["AscendersBane","Defend_R","Defend_R","Defend_R","Bash+1","Headbutt","Wild Strike","Carnage+1","Pommel Strike+1","Whirlwind+1","Dropkick","Immolate","Shrug It Off","Finesse","Burning Pact+1","Iron Wave"],"relics":["Burning Blood","NeowsBlessing","Golden Idol","InkBottle","Meat on the Bone","Charon\u0027s Ashes","Blood Vial","SacredBark"],"acts_visited":["Exordium","TheCity"],"potions_floor_usage":[20],"damage_taken":[{"damage":0.0,"enemies":"2 Louse","floor":1.0,"turns":1.0},{"damage":0.0,"enemies":"Small Slimes","floor":3.0,"turns":1.0},{"damage":0.0,"enemies":"3 Sentries","floor":7.0,"turns":2.0},{"damage":35.0,"enemies":"Lagavulin","floor":10.0,"turns":4.0},{"damage":0.0,"enemies":"Cultist","floor":11.0,"turns":2.0},{"damage":20.0,"enemies":"Large Slime","floor":12.0,"turns":4.0},{"damage":20.0,"enemies":"3 Louse","floor":13.0,"turns":3.0},{"damage":32.0,"enemies":"Gremlin Nob","floor":14.0,"turns":4.0},{"damage":36.0,"enemies":"Slime Boss","floor":16.0,"turns":7.0},{"damage":46.0,"enemies":"Shell Parasite","floor":18.0,"turns":4.0},{"damage":28.0,"enemies":"Spheric Guardian","floor":19.0,"turns":4.0},{"damage":33,"enemies":"Centurion and Healer","floor":20,"turns":4},{"damage":61,"enemies":"Sentry and Sphere","floor":28,"turns":7}],"seed_played":"-8201391156708918143","potions_obtained":[{"floor":10.0,"key":"FairyPotion"},{"floor":11.0,"key":"DuplicationPotion"},{"floor":16.0,"key":"LiquidMemories"},{"floor":18.0,"key":"SteroidPotion"}],"is_trial":false,"path_per_floor":["M","?","M","?","?","R","E","R","T","E","M","M","M","E","R","B",null,"M","M","M","$","?","R","?","R","T","$","M"],"character_chosen":"IRONCLAD","items_purchased":["Shrug It Off","Finesse"],"campfire_rested":0,"item_purchase_floors":[21,21],"current_hp_per_floor":[74,67,73,47,47,47,53,53,53,36,54,52,50,36,36,20,61,35,27,51,51,51,51,51,51,51,51,0,0],"gold":124,"neow_bonus":"THREE_ENEMY_KILL","is_daily":false,"chose_seed":false,"campfire_upgraded":5,"win_rate":0.0,"timestamp":1612965700,"path_taken":["M","?","M","?","?","R","E","R","T","E","?","M","M","E","R","BOSS","M","M","M","$","?","R","?","R","T","$","M"],"items_purchased_type":["Card","Card"],"build_version":"2020-12-22","purchased_purges":2,"victory":false,"max_hp_per_floor":[75,75,75,75,75,75,75,75,75,75,75,75,75,75,75,75,75,75,75,75,75,75,75,75,75,75,75,75,75],"card_choices":[{"not_picked":["Perfected Strike","Havoc"],"picked":"Headbutt","floor":1.0},{"not_picked":["Anger","Spot Weakness"],"picked":"Wild Strike","floor":3.0},{"not_picked":["Headbutt","Cleave"],"picked":"Carnage","floor":7.0},{"not_picked":["Havoc","Body Slam"],"picked":"Pommel Strike","floor":10.0},{"not_picked":["Clash","Flame Barrier","Sword Boomerang"],"picked":"SKIP","floor":11.0},{"not_picked":["Warcry","Whirlwind","Anger"],"picked":"SKIP","floor":12.0},{"not_picked":["Warcry","Anger"],"picked":"Whirlwind","floor":12.0},{"not_picked":["Warcry","True Grit","Infernal Blade"],"picked":"SKIP","floor":13.0},{"not_picked":["Brutality","Infernal Blade"],"picked":"Dropkick","floor":14.0},{"not_picked":["Barricade","Limit Break"],"picked":"Immolate","floor":16.0},{"not_picked":["Flex","Warcry","Twin Strike+1"],"picked":"SKIP","floor":18.0},{"not_picked":["Cleave+1","Wild Strike","Dark Embrace"],"picked":"SKIP","floor":19.0},{"not_picked":["Pommel Strike","Wild Strike","Iron Wave"],"picked":"SKIP","floor":20}],"player_experience":702910,"relics_obtained":[{"floor":7.0,"key":"InkBottle"},{"floor":9.0,"key":"Meat on the Bone"},{"floor":10.0,"key":"Charon\u0027s Ashes"},{"floor":14.0,"key":"Blood Vial"}],"event_choices":[{"cards_removed":["Strike_R"],"damage_healed":0.0,"max_hp_gain":0.0,"max_hp_loss":0.0,"gold_gain":0.0,"event_name":"Golden Wing","player_choice":"Card Removal","floor":2.0,"gold_loss":0.0,"damage_taken":7.0},{"damage_healed":0.0,"max_hp_gain":0.0,"max_hp_loss":0.0,"gold_gain":0.0,"event_name":"Golden Idol","player_choice":"Take Damage","floor":4.0,"gold_loss":0.0,"damage_taken":26.0,"relics_obtained":["Golden Idol"]},{"cards_removed":["Strike_R"],"damage_healed":0.0,"max_hp_gain":0.0,"max_hp_loss":0.0,"gold_gain":0.0,"event_name":"Bonfire Elementals","player_choice":"Offered Basic","floor":5.0,"gold_loss":0.0,"damage_taken":0.0},{"damage_healed":0,"gold_gain":0,"cards_transformed":["Strike_R","Strike_R"],"player_choice":"Became Test Subject","damage_taken":0,"max_hp_gain":0,"max_hp_loss":0,"event_name":"Drug Dealer","floor":22,"gold_loss":0,"cards_obtained":["Burning Pact","Iron Wave"]},{"damage_healed":0,"gold_gain":0,"player_choice":"Ignored","damage_taken":0,"max_hp_gain":0,"max_hp_loss":0,"event_name":"Vampires","floor":24,"gold_loss":0}],"is_beta":false,"boss_relics":[{"not_picked":["Runic Cube","Sozu"],"picked":"SacredBark"}],"items_purged_floors":[21,27],"is_endless":false,"potions_floor_spawned":[10,11,16,18],"killed_by":"Sentry and Sphere","ascension_level":20}}