{"host":"3498uni0c31c9bdm","time":1612923892,"event":{"mods":["BaseMod","Better Match","Better Note","Better Sensory Stone","Better Skull","Better Third Choice","Colored Map","Minty Spire (QoL Compilation)","Quick Restart","RNG Fix","Random Character Button","Replay The Spire","Shop Mod","Smile Girya","StSLib","Unceasing Turn Reminder"],"gold_per_floor":[110,125,231,231,231,231,262,262,262,12,12,12,45,62,62,76,76,153,153,166,21,48,48,48,48,62,62,139,171,171,171,171,184,184,256,256,266,286,211,230,82,82,92,92,173,193,218,230,230,262,262,262,262,262,24,56,56,56],"floor_reached":57,"language":"ENG","playtime":2370,"items_purged":[],"score":1726,"play_id":"7df27dcb-ece4-41f2-b7e5-7e9431a3b9bc","local_time":"20210210132452","is_ascension_mode":true,"campfire_choices":[{"floor":6,"key":"REST"},{"floor":15,"key":"RECALL"},{"floor":17,"key":"DIG"},{"data":"Reboot","floor":27,"key":"SMITH"},{"floor":42,"key":"REST"},{"floor":49,"key":"REST"},{"floor":51,"key":"REST"},{"data":"1","floor":54,"key":"LIFT"}],"circlet_count":0,"master_deck":["AscendersBane","Strike_B","Strike_B","Strike_B","Strike_B","Defend_B+1","Defend_B+1","Defend_B","Defend_B","Zap","Dualcast","Rip and Tear+1","Streamline","ReplayTheSpireMod:Splinters","Ball Lightning+1","Stack","Defragment","Reboot+1","Rainbow","Sweeping Beam","Heatsinks","Shame","Doubt","Beam Cell","Lockon","All For One","Echo Form","Static Discharge","Capacitor","Panic Button+1","Self Repair","Core Surge","Conserve Battery","Hello World+1","Go for the Eyes","Compile Driver+1","Double Energy","Double Energy","Coolheaded","ReplayTheSpireMod:Brewmster","Finesse","Enlightenment","Scrape"],"relics":["Cracked Core","Lizard Tail","ReplayFunnel","Ring of Shattering","Ring of Misfortune","Gambling Chip","Iron Hammer","Replay:Multitool","Centennial Puzzle","Simple Rune","Inserter","Vajra","Red Mask","Replay:PocketPolymizer","WarpedTongs","Cables","Bottled Lightning","TungstenRod","Ring of Chaos","MealTicket","Girya","Lantern","ReplayTheSpireMod:ShopPack","Strawberry"],"acts_visited":["Exordium","TheCity","TheBeyond","TheEnding"],"potions_floor_usage":[35,50,56,57,57,57,57,57],"damage_taken":[{"damage":12,"enemies":"Jaw Worm","floor":1,"turns":4},{"damage":14,"enemies":"Small Slimes","floor":2,"turns":2},{"damage":6,"enemies":"Lagavulin","floor":7,"turns":6},{"damage":3,"enemies":"3 Sentries","floor":13,"turns":5},{"damage":0,"enemies":"2 Louse","floor":14,"turns":1},{"damage":0,"enemies":"Blue Slaver","floor":16,"turns":2},{"damage":4,"enemies":"Hexaghost","floor":18,"turns":7},{"damage":0,"enemies":"2 Thieves","floor":20,"turns":2},{"damage":0,"enemies":"Masked Bandits","floor":22,"turns":2},{"damage":0,"enemies":"Shell Parasite","floor":26,"turns":2},{"damage":0,"enemies":"Book of Stabbing","floor":29,"turns":3},{"damage":0,"enemies":"Snecko","floor":33,"turns":2},{"damage":0,"enemies":"Pondfish","floor":35,"turns":9},{"damage":0,"enemies":"3 Shapes","floor":37,"turns":2},{"damage":7,"enemies":"3 Darklings","floor":38,"turns":3},{"damage":32,"enemies":"Spire Growth","floor":40,"turns":6},{"damage":15,"enemies":"Jaw Worm Horde","floor":43,"turns":3},{"damage":13,"enemies":"Transient","floor":46,"turns":5},{"damage":24,"enemies":"Mind Bloom Boss Battle","floor":47,"turns":5},{"damage":14,"enemies":"Sphere and 2 Shapes","floor":48,"turns":4},{"damage":10,"enemies":"Reptomancer","floor":50,"turns":6},{"damage":79,"enemies":"Donu and Deca","floor":52,"turns":7},{"damage":35,"enemies":"Shield and Spear","floor":56,"turns":5},{"damage":54,"enemies":"The Heart","floor":57,"turns":5}],"seed_played":"3276332582362982033","potions_obtained":[{"floor":1,"key":"CultistPotion"},{"floor":14,"key":"LiquidMemories"},{"floor":35,"key":"SkillPotion"},{"floor":50,"key":"Flashbang"}],"is_trial":false,"path_per_floor":["M","M","?","?","?","R","E","PTL","PTL","$","T","R","E","M","R","M","R_BF","B",null,"M","$","?","?","?","R","M","R","T","E","$","?","T","M","R","B",null,"M","M","?","M","$","R","M","?","T","M","?","M","R","E","R","B",null,"R","$","E","B"],"character_chosen":"DEFECT","items_purchased":["Iron Hammer","Vajra","MealTicket","ReplayTheSpireMod:ShopPack","Double Energy","Coolheaded"],"campfire_rested":4,"item_purchase_floors":[10,21,41,55,55,55],"current_hp_per_floor":[56,42,18,18,18,40,34,34,34,34,34,56,53,53,53,53,53,49,69,69,69,69,69,69,69,69,69,69,69,69,69,69,69,75,75,75,75,68,68,36,36,58,53,53,53,54,40,26,48,48,70,42,67,67,75,54,0,0],"gold":56,"neow_bonus":"RANDOM_EVENT","is_daily":false,"chose_seed":false,"campfire_upgraded":1,"win_rate":0.0,"timestamp":1612923892,"path_taken":["M","M","?","?","?","R","E","PTL","PTL","$","T","R","E","M","R","M","R_BF","BOSS","M","$","?","?","?","R","?","R","T","E","$","?","?","M","R","BOSS","M","M","?","M","$","R","M","?","T","M","?","M","R","E","R","BOSS","R","$","E","BOSS"],"items_purchased_type":["Relic","Relic","Relic","Relic","Card","Card"],"build_version":"2020-12-22","purchased_purges":0,"victory":false,"max_hp_per_floor":[75,75,75,75,75,75,75,75,75,75,75,75,75,75,75,75,75,75,75,75,75,75,75,75,75,75,75,75,75,75,75,75,75,75,75,75,75,75,75,75,75,75,75,75,75,75,75,75,75,75,75,75,75,75,75,82,82,82],"card_choices":[{"not_picked":["Conserve Battery","Beam Cell"],"picked":"Rip and Tear","floor":1},{"not_picked":["Doom and Gloom","Compile Driver"],"picked":"Streamline","floor":2},{"not_picked":["Streamline","Hologram"],"picked":"Ball Lightning","floor":7},{"not_picked":["Ball Lightning","Rebound"],"picked":"Stack","floor":13},{"not_picked":["Leap","Redo"],"picked":"Defragment","floor":14},{"not_picked":["Sweeping Beam","Genetic Algorithm"],"picked":"Reboot","floor":16},{"not_picked":["Meteor Strike","Hyperbeam"],"picked":"Rainbow","floor":18},{"not_picked":["Rebound","Beam Cell"],"picked":"Sweeping Beam","floor":20},{"not_picked":["Stack","Panic Button"],"picked":"Heatsinks","floor":22},{"not_picked":["Melter","Consume"],"picked":"Lockon","floor":26},{"not_picked":["ReplaySort","Redo"],"picked":"All For One","floor":29},{"not_picked":["Beam Cell","Leap+1"],"picked":"Coolheaded","floor":33},{"not_picked":["All For One","ReplayRNGCard"],"picked":"Echo Form","floor":35},{"not_picked":["Compile Driver","Streamline"],"picked":"Static Discharge","floor":37},{"not_picked":["Hello World","Leap+1"],"picked":"Capacitor","floor":38},{"not_picked":["Turbo+1","Leap+1"],"picked":"Panic Button+1","floor":39},{"not_picked":["Consume","BasicCrystalCard"],"picked":"Self Repair","floor":40},{"not_picked":["Rebound","BasicCrystalCard"],"picked":"Core Surge","floor":43},{"not_picked":["ReplayTheSpireMod:Reroute Power","Redo"],"picked":"Conserve Battery","floor":46},{"not_picked":["Storm","Genetic Algorithm+1"],"picked":"Hello World+1","floor":47},{"not_picked":["Self Repair","ReplayTheSpireMod:Repulse"],"picked":"Go for the Eyes","floor":48},{"not_picked":["Conserve Battery","Redo"],"picked":"Compile Driver+1","floor":50},{"not_picked":["ReplayUltimateDefense","Thinking Ahead"],"picked":"ReplayTheSpireMod:Brewmster","floor":55},{"not_picked":["ReplayTheSpireMod:Necrogeddon","Blind"],"picked":"Finesse","floor":55},{"not_picked":["Trip","Violence"],"picked":"Enlightenment","floor":55},{"not_picked":["Ball Lightning","Go for the Eyes"],"picked":"Scrape","floor":56}],"player_experience":881503,"relics_obtained":[{"floor":5,"key":"Ring of Shattering"},{"floor":5,"key":"Ring of Misfortune"},{"floor":7,"key":"Gambling Chip"},{"floor":11,"key":"Replay:Multitool"},{"floor":13,"key":"Centennial Puzzle"},{"floor":17,"key":"Simple Rune"},{"floor":22,"key":"Red Mask"},{"floor":28,"key":"Cables"},{"floor":29,"key":"Bottled Lightning"},{"floor":32,"key":"TungstenRod"},{"floor":47,"key":"Girya"},{"floor":50,"key":"Lantern"},{"floor":56,"key":"Strawberry"}],"event_choices":[{"damage_healed":0,"gold_gain":0,"player_choice":"Box","damage_taken":0,"relics_obtained":["Lizard Tail"],"max_hp_gain":0,"max_hp_loss":0,"event_name":"Big Fish","floor":0,"gold_loss":0,"cards_obtained":["Regret"]},{"damage_healed":0,"gold_gain":106,"player_choice":"RE GO ","damage_taken":27,"relics_obtained":["ReplayFunnel"],"max_hp_gain":0,"max_hp_loss":0,"event_name":"betterSkull:BetterSkull","floor":3,"gold_loss":0,"cards_upgraded":[]},{"cards_removed":["Regret"],"damage_healed":0,"gold_gain":0,"player_choice":"Forget","damage_taken":0,"max_hp_gain":0,"max_hp_loss":0,"event_name":"Living Wall","floor":4,"gold_loss":0},{"damage_healed":0,"gold_gain":0,"player_choice":"Fought Bandits","damage_taken":0,"max_hp_gain":0,"max_hp_loss":0,"event_name":"Masked Bandits","floor":22,"gold_loss":0},{"damage_healed":0,"gold_gain":0,"player_choice":"Stole Relic","damage_taken":0,"relics_obtained":["Replay:PocketPolymizer"],"max_hp_gain":0,"max_hp_loss":0,"event_name":"Addict","floor":23,"gold_loss":0,"cards_obtained":["Shame"]},{"damage_healed":0,"gold_gain":0,"player_choice":"Rummage","damage_taken":0,"relics_obtained":["WarpedTongs"],"max_hp_gain":0,"max_hp_loss":0,"event_name":"Accursed Blacksmith","floor":24,"gold_loss":0,"cards_obtained":["Pain"]},{"damage_healed":0,"gold_gain":0,"player_choice":"Read","damage_taken":0,"max_hp_gain":0,"max_hp_loss":0,"event_name":"The Library","floor":25,"gold_loss":0,"cards_obtained":["Beam Cell"]},{"damage_healed":0,"gold_gain":0,"player_choice":"Ignored","damage_taken":0,"max_hp_gain":0,"max_hp_loss":0,"event_name":"Vampires","floor":31,"gold_loss":0},{"damage_healed":0,"gold_gain":0,"player_choice":"2","damage_taken":0,"max_hp_gain":0,"max_hp_loss":0,"event_name":"betterMatch:BetterMatch","floor":39,"gold_loss":0,"cards_obtained":["betterMatch:CommonCard"]},{"cards_removed":["Coolheaded"],"damage_healed":0,"gold_gain":0,"player_choice":"Removed Skill","damage_taken":0,"max_hp_gain":0,"max_hp_loss":0,"event_name":"Falling","floor":44,"gold_loss":0},{"damage_healed":0,"gold_gain":0,"player_choice":"Fight","damage_taken":0,"max_hp_gain":0,"max_hp_loss":0,"event_name":"MindBloom","floor":47,"gold_loss":0}],"is_beta":false,"boss_relics":[{"not_picked":["Replay:Drink Me","FrozenCore"],"picked":"Inserter"},{"not_picked":["Pandora\u0027s Box","Sozu"],"picked":"Ring of Chaos"}],"items_purged_floors":[],"is_endless":false,"potions_floor_spawned":[1,14,18,26,33,35,37,38,46,50,56],"killed_by":"The Heart","ascension_level":13}}