{"host":"mal0jdk4f6ubgyb8","time":1612927077,"event":{"mods":["100% Spire Juice","Act Like it!","Aspiration","BaseMod","Gensokyo","KinomotoSakuraMod(木之本樱)","Luminous","Marisa（F雨　魔理沙）","Minty Spire (QoL Compilation)","Quick Restart","Relic Stats","Reliquary","Remilia（蕾米莉亚）","Replay The Spire","StSLib","WarShipGirlsR/战舰少女R mod","Yakumo Yukari mod"],"gold_per_floor":[114,174,184,184,197,197,197],"floor_reached":6,"language":"ZHS","playtime":135,"items_purged":[],"score":43,"play_id":"8d3621a9-851f-4c0b-9ced-309f3e03709c","local_time":"20210210111757","is_ascension_mode":true,"campfire_choices":[],"circlet_count":0,"master_deck":["Strike_R","Strike_R","Strike_R","Strike_R","Strike_R","Defend_R","Defend_R","Defend_R","Defend_R","Bash+1","Twin Strike","Cleave","Dropkick"],"relics":["Burning Blood","NeowsBlessing","The Courier"],"acts_visited":["Exordium"],"potions_floor_usage":[6],"damage_taken":[{"damage":0,"enemies":"2 Louse","floor":1,"turns":1},{"damage":0,"enemies":"Small Slimes","floor":3,"turns":1},{"damage":0,"enemies":"Cultist","floor":5,"turns":1},{"damage":35,"enemies":"3 Sentries","floor":6,"turns":5}],"seed_played":"-3030084207712797690","potions_obtained":[{"floor":2,"key":"Ancient Potion"},{"floor":3,"key":"AttackPotion"}],"is_trial":false,"path_per_floor":["M","?","M","?","M","E"],"character_chosen":"IRONCLAD","items_purchased":[],"campfire_rested":0,"item_purchase_floors":[],"current_hp_per_floor":[80,60,66,66,72,37,37],"gold":197,"neow_bonus":"THREE_ENEMY_KILL","is_daily":false,"chose_seed":false,"campfire_upgraded":0,"win_rate":0.0,"timestamp":1612927077,"path_taken":["M","?","?","?","M","E"],"items_purchased_type":[],"build_version":"2020-12-22","purchased_purges":0,"victory":false,"max_hp_per_floor":[80,80,80,80,80,80,80],"relic_stats":{"counters":[4,8],"obtain_stats":[{"NeowsBlessing":0,"The Courier":2,"Burning Blood":0},{"NeowsBlessing":0,"The Courier":1,"Burning Blood":0},{"NeowsBlessing":0,"The Courier":1,"Burning Blood":0}],"Burning Blood":12},"card_choices":[{"not_picked":["True Grit","Massacre"],"picked":"Twin Strike","floor":1},{"not_picked":["Perfected Strike","Blood for Blood"],"picked":"Cleave","floor":3},{"not_picked":["Carnage","Fire Breathing"],"picked":"Dropkick","floor":5}],"player_experience":304790,"relics_obtained":[{"floor":2,"key":"The Courier"}],"event_choices":[{"damage_healed":0,"gold_gain":0,"player_choice":"Forge","damage_taken":0,"max_hp_gain":0,"max_hp_loss":0,"event_name":"Accursed Blacksmith","floor":4,"gold_loss":0,"cards_upgraded":["Bash"]}],"is_beta":false,"boss_relics":[],"items_purged_floors":[],"is_endless":false,"potions_floor_spawned":[3],"killed_by":"3 Sentries","ascension_level":4}}