{"host":"pletss163z7s8pvv","time":1612934667,"event":{"mods":["AchievementEnabler","BaseMod","Better Altar","Better Match","Better Note","Better Sensory Stone","Better Skull","Better Third Choice","BetterRewards","CapriCore","ChefMod","Colored Map","Colored Powertips","Conspire","Energized Spire","Evolution","GifTheSpireLib","Hermit","Ironclad Rager","Jedi Mod","Marked Mod","Minty Spire (QoL Compilation)","Retaliation","Spicy Shops","StS++","StSLib","The Alterego","The Blue Laboratory","The Cursed","The Disciple","The Forsaken"],"gold_per_floor":[112,112,125,138,153,178,128,128,128,128,164,164,189,219,219,341,341,355,355,365,398,24,24,24,24,48,62,30,30,42,52,52,52,52],"floor_reached":33,"language":"ENG","playtime":928,"items_purged":["Normality"],"score":351,"play_id":"86ea3f5c-3803-472c-a33f-8aaf7cec8b57","local_time":"20210209232427","is_ascension_mode":false,"campfire_choices":[{"floor":8,"key":"REST"},{"floor":10,"key":"RECALL"},{"floor":15,"key":"REST"},{"floor":23,"key":"REST"},{"floor":25,"key":"REST"},{"floor":29,"key":"REST"},{"floor":32,"key":"REST"}],"circlet_count":0,"master_deck":["Quick Slash","Quick Slash","Quick Slash","Quick Slash","Quick Slash","Dodge and Roll","Dodge and Roll","Dodge and Roll","Dodge and Roll","Dodge and Roll","Survivor","Neutralize","Deadly Poison","Dagger Spray","Flying Knee","StSpp:StrikeFirst","PiercingWail","conspire:SpireCoStock","Dagger Spray","Envenom","Slice","Envenom","Underhanded Strike","jedi:studypoison+1","Poisoned Stab","Riddle With Holes","jedi:studypoison+1","jedi:poisonivy","Dagger Throw","Bane","Flechettes","Footwork","Deflect","Bane","Endless Agony","Poisoned Stab+1","Poisoned Stab"],"relics":["Ring of the Snake","EVO:Axolotl","Matryoshka","Pen Nib","ClockworkSouvenir","DollysMirror","Dream Catcher","White Beast Statue","Blood Vial"],"acts_visited":["Exordium","TheCity"],"potions_floor_usage":[16,33,33],"damage_taken":[{"damage":4,"enemies":"2 Louse","floor":1,"turns":2},{"damage":2,"enemies":"Cultist","floor":3,"turns":3},{"damage":0,"enemies":"Jaw Worm","floor":4,"turns":3},{"damage":2,"enemies":"2 Fungi Beasts","floor":5,"turns":2},{"damage":20,"enemies":"Lagavulin","floor":6,"turns":7},{"damage":14,"enemies":"Exordium Wildlife","floor":11,"turns":3},{"damage":10,"enemies":"Looter","floor":13,"turns":2},{"damage":22,"enemies":"Exordium Thugs","floor":14,"turns":3},{"damage":22,"enemies":"The Guardian","floor":16,"turns":9},{"damage":24,"enemies":"Spheric Guardian","floor":18,"turns":5},{"damage":5,"enemies":"3 Byrds","floor":20,"turns":4},{"damage":26,"enemies":"Snecko","floor":21,"turns":6},{"damage":44,"enemies":"Centurion and Healer","floor":27,"turns":4},{"damage":22,"enemies":"Chosen and Byrds","floor":30,"turns":5},{"damage":47,"enemies":"Sentry and Sphere","floor":31,"turns":7},{"damage":34,"enemies":"Collector","floor":33,"turns":3}],"seed_played":"-6207176761265116376","potions_obtained":[{"floor":0,"key":"CultistPotion"},{"floor":0,"key":"blueLaboratory:RememoryPotion"},{"floor":0,"key":"blueLaboratory:FrostheartPotion"},{"floor":2,"key":"blueLaboratory:Virophage"},{"floor":2,"key":"DuplicationPotion"},{"floor":16,"key":"Swift Potion"},{"floor":20,"key":"blueLaboratory:RecallPotion"},{"floor":30,"key":"jedi:hoardpotion"}],"is_trial":false,"path_per_floor":["M","?","M","M","M","E","?","R","T","R","M","?","M","M","R","B",null,"M","?","M","M","$","R","T","R","T","M","$","R","M","M","R","B"],"character_chosen":"THE_SILENT","items_purchased":["ClockworkSouvenir","DollysMirror","jedi:poisonivy","Dagger Throw","Footwork","Deflect"],"campfire_rested":6,"item_purchase_floors":[22,22,22,22,28,28],"current_hp_per_floor":[84,84,82,82,80,60,60,86,86,86,72,72,62,40,66,44,88,64,64,59,33,33,59,59,85,85,43,43,69,49,4,30,0,0],"gold":52,"neow_bonus":"THREE_SMALL_POTIONS","is_daily":false,"chose_seed":false,"campfire_upgraded":0,"win_rate":0.0,"timestamp":1612934667,"path_taken":["M","?","?","M","M","E","?","R","T","R","M","?","?","M","R","BOSS","M","?","M","M","$","R","?","R","T","?","$","R","M","M","R","BOSS"],"items_purchased_type":["Relic","Relic","Card","Card","Card","Card"],"build_version":"2020-12-22","purchased_purges":1,"victory":false,"max_hp_per_floor":[88,88,88,88,88,88,88,88,88,88,88,88,88,88,88,88,88,88,88,88,88,88,88,88,88,88,88,88,88,88,88,88,88,88],"card_choices":[{"not_picked":["Concentrate","Deflect"],"picked":"Deadly Poison","floor":1},{"not_picked":["PiercingWail","Caltrops"],"picked":"Dagger Spray","floor":3},{"not_picked":["PiercingWail","Bane"],"picked":"Flying Knee","floor":4},{"not_picked":["Dagger Throw","Prepared"],"picked":"StSpp:StrikeFirst","floor":5},{"not_picked":["Malaise","Dagger Throw"],"picked":"PiercingWail","floor":6},{"not_picked":["Bouncing Flask","conspire:DoublingDagger"],"picked":"Dagger Spray","floor":11},{"not_picked":["Underhanded Strike","Slice"],"picked":"Envenom","floor":13},{"not_picked":["Tactician","StSpp:SpareBlade"],"picked":"Slice","floor":14},{"not_picked":["Unload","jedi:rejectivetoxin"],"picked":"Envenom","floor":16},{"not_picked":["jedi:acidrain","PiercingWail"],"picked":"Underhanded Strike","floor":18},{"not_picked":["Dash+1","Footwork"],"picked":"Poisoned Stab","floor":20},{"not_picked":["Deadly Poison","Prepared"],"picked":"Riddle With Holes","floor":21},{"not_picked":["Deadly Poison+1","StSpp:PoisonousPunch"],"picked":"Bane","floor":25},{"not_picked":["Dagger Throw","Acrobatics"],"picked":"Flechettes","floor":27},{"not_picked":["Outmaneuver","Finisher"],"picked":"Bane","floor":29},{"not_picked":["Acrobatics","Deadly Poison"],"picked":"Endless Agony","floor":30},{"not_picked":["Bane","StSpp:PoisonousPunch"],"picked":"Poisoned Stab+1","floor":31},{"not_picked":["Dodge and Roll","Dagger Spray+1"],"picked":"Poisoned Stab","floor":32}],"player_experience":516227,"relics_obtained":[{"floor":6,"key":"Matryoshka"},{"floor":9,"key":"Pen Nib"},{"floor":24,"key":"Dream Catcher"},{"floor":24,"key":"White Beast Statue"},{"floor":26,"key":"Blood Vial"}],"event_choices":[{"damage_healed":0,"gold_gain":0,"player_choice":"Got Potions","damage_taken":0,"max_hp_gain":0,"max_hp_loss":0,"event_name":"Lab","floor":2,"gold_loss":0},{"damage_healed":0,"gold_gain":0,"player_choice":"Invest 1","damage_taken":0,"max_hp_gain":0,"max_hp_loss":0,"event_name":"conspire:Investor","floor":7,"gold_loss":0},{"cards_removed":["StSpp:StrikeFirst"],"damage_healed":0,"gold_gain":0,"player_choice":"Take \u0026 Give","damage_taken":0,"max_hp_gain":0,"max_hp_loss":0,"event_name":"betterNote:BetterNote","floor":19,"gold_loss":0,"cards_obtained":["jedi:studypoison"]}],"is_beta":false,"boss_relics":[{"not_picked":["conspire:RunicOctahedron","energizedSpire:MagnifyingGlass","Coffee Dripper"]}],"items_purged_floors":[22],"is_endless":false,"potions_floor_spawned":[3,6,13,16,20,27,30,31],"killed_by":"Collector","ascension_level":0}}