{"host":"qeogwbudlaqzb6hy","time":1612930092,"event":{"mods":["BaseMod","Minty Spire (QoL Compilation)","Reliquary","StSLib","The Marked"],"gold_per_floor":[111,124,141,157,172,203,213,213,265,265,291,308,320,339,339,339,339],"floor_reached":16,"language":"ENG","playtime":899,"items_purged":[],"score":118,"play_id":"23197632-e159-4cfa-98ff-a41177aec66e","local_time":"20210210140812","is_ascension_mode":false,"campfire_choices":[{"floor":8,"key":"REST"},{"floor":15,"key":"REST"}],"circlet_count":0,"master_deck":["theMarked:Strike","theMarked:Strike","theMarked:Strike","theMarked:Strike","theMarked:Strike","theMarked:Defend","theMarked:Defend","theMarked:Defend","theMarked:Defend","theMarked:SoldierOfQuellstein","theMarked:Static","theMarked:ChainLightning","theMarked:MysticalArsenal","theMarked:ThrowWeapon","theMarked:SelfDefenseTraining","theMarked:KeepCalmAndFight","theMarked:RepellingDischarge","theMarked:Improvise","theMarked:WastefulAttack","theMarked:SuspiciousRaven"],"relics":["theMarked:ArtifactOfAir","Smiling Mask","Pen Nib","reliquary:JackalopeAntler","Nunchaku"],"acts_visited":["Exordium"],"potions_floor_usage":[5,16,16,16],"damage_taken":[{"damage":1,"enemies":"Cultist","floor":1,"turns":3},{"damage":0,"enemies":"2 Louse","floor":2,"turns":3},{"damage":0,"enemies":"Small Slimes","floor":3,"turns":2},{"damage":9,"enemies":"3 Louse","floor":4,"turns":3},{"damage":10,"enemies":"Large Slime","floor":5,"turns":8},{"damage":20,"enemies":"3 Sentries","floor":6,"turns":9},{"damage":10,"enemies":"Blue Slaver","floor":7,"turns":4},{"damage":46,"enemies":"Gremlin Nob","floor":11,"turns":5},{"damage":0,"enemies":"3 Louse","floor":12,"turns":1},{"damage":0,"enemies":"Exordium Thugs","floor":13,"turns":4},{"damage":2,"enemies":"Looter","floor":14,"turns":3},{"damage":29,"enemies":"The Guardian","floor":16,"turns":10}],"seed_played":"6118083073856824680","potions_obtained":[{"floor":3,"key":"Block Potion"},{"floor":5,"key":"LiquidBronze"},{"floor":12,"key":"DuplicationPotion"},{"floor":13,"key":"BlessingOfTheForge"}],"is_trial":false,"path_per_floor":["M","M","M","M","M","E","M","R","T","T","E","M","M","M","R","B"],"character_chosen":"THE_DEFAULT","items_purchased":[],"campfire_rested":2,"item_purchase_floors":[],"current_hp_per_floor":[76,76,76,67,57,37,27,50,50,50,4,4,4,2,25,0,0],"gold":339,"neow_bonus":"TEN_PERCENT_HP_BONUS","is_daily":false,"chose_seed":false,"campfire_upgraded":0,"win_rate":0.0,"timestamp":1612930092,"path_taken":["M","M","M","M","M","E","M","R","T","?","E","M","M","?","R","BOSS"],"items_purchased_type":[],"build_version":"2020-12-22","purchased_purges":0,"victory":false,"max_hp_per_floor":[77,77,77,77,77,77,77,77,77,77,77,77,77,77,77,77,77],"card_choices":[{"not_picked":["theMarked:HeightenedSenses","theMarked:CreepingChasm"],"picked":"theMarked:Static","floor":1},{"not_picked":["theMarked:Aftermath","theMarked:ResourceFulStrike"],"picked":"theMarked:ChainLightning","floor":2},{"not_picked":["theMarked:ChainLightning","theMarked:RepellingDischarge"],"picked":"theMarked:MysticalArsenal","floor":3},{"not_picked":["theMarked:HeightenedSenses","theMarked:ElectricStrings"],"picked":"theMarked:ThrowWeapon","floor":4},{"not_picked":["theMarked:TakeCover","theMarked:BanishingStrike"],"picked":"theMarked:SelfDefenseTraining","floor":5},{"not_picked":["theMarked:WardOff","theMarked:AttractMetal"],"picked":"theMarked:KeepCalmAndFight","floor":6},{"not_picked":["theMarked:Determination","theMarked:HeightenedSenses"],"picked":"theMarked:RepellingDischarge","floor":7},{"not_picked":["theMarked:Polarize","theMarked:ElectricStrings"],"picked":"theMarked:Improvise","floor":11},{"not_picked":["theMarked:ChainLightning","theMarked:WardOff"],"picked":"theMarked:WastefulAttack","floor":12},{"not_picked":["theMarked:Panic","theMarked:ChainLightning"],"picked":"theMarked:SuspiciousRaven","floor":13},{"not_picked":["theMarked:TwofoldDefense","theMarked:Seal","theMarked:HeightenedSenses"],"picked":"SKIP","floor":14}],"player_experience":304782,"relics_obtained":[{"floor":6,"key":"Smiling Mask"},{"floor":9,"key":"Pen Nib"},{"floor":10,"key":"reliquary:JackalopeAntler"},{"floor":11,"key":"Nunchaku"}],"event_choices":[],"is_beta":false,"boss_relics":[],"items_purged_floors":[],"is_endless":false,"potions_floor_spawned":[3,5,12,13,14],"killed_by":"The Guardian","ascension_level":0}}