{"host":"prxrhpgaxnj4om9r","time":1612931221,"event":{"mods":["AchievementEnabler","BaseMod","DeckTracker","Keyboard Shortcuts","Minty Spire (QoL Compilation)"],"gold_per_floor":[112,112,125,136,152,152,165,185,232,232,232,307,52,78,78,78,78],"floor_reached":16,"language":"KOR","playtime":647,"items_purged":[],"score":102,"play_id":"a86754f4-fb07-4237-8aa7-e852fd1afa44","local_time":"20210210132701","is_ascension_mode":false,"campfire_choices":[{"floor":6,"key":"RECALL"},{"floor":11,"key":"REST"},{"floor":15,"key":"REST"}],"circlet_count":0,"master_deck":["Strike_P","Strike_P","Strike_P","Strike_P","Defend_P","Defend_P","Defend_P","Defend_P","Eruption+1","Vigilance","SignatureMove","MentalFortress","SashWhip","Halt","Wallop","Judgement","EmptyFist","InnerPeace"],"relics":["PureWater","Peace Pipe","Yang","Bottled Flame"],"acts_visited":["Exordium"],"potions_floor_usage":[1,5,5],"damage_taken":[{"damage":4,"enemies":"2 Louse","floor":1,"turns":2},{"damage":12,"enemies":"Jaw Worm","floor":3,"turns":2},{"damage":5,"enemies":"Small Slimes","floor":4,"turns":2},{"damage":4,"enemies":"Blue Slaver","floor":5,"turns":2},{"damage":16,"enemies":"Lots of Slimes","floor":7,"turns":5},{"damage":0,"enemies":"Looter","floor":8,"turns":2},{"damage":40,"enemies":"3 Sentries","floor":14,"turns":7},{"damage":28,"enemies":"Slime Boss","floor":16,"turns":7}],"seed_played":"748936596913626290","potions_obtained":[{"floor":1,"key":"Fruit Juice"},{"floor":3,"key":"LiquidMemories"},{"floor":4,"key":"SkillPotion"}],"is_trial":false,"path_per_floor":["M","?","M","M","M","R","M","M","T","?","R","?","$","E","R","B"],"character_chosen":"WATCHER","items_purchased":["Yang"],"campfire_rested":2,"item_purchase_floors":[13],"current_hp_per_floor":[73,73,61,56,52,52,36,36,36,29,52,41,41,1,24,0,0],"gold":78,"neow_bonus":"THREE_CARDS","is_daily":false,"chose_seed":false,"campfire_upgraded":0,"win_rate":0.0,"timestamp":1612931221,"path_taken":["M","?","M","M","M","R","M","M","T","?","R","?","?","E","R","BOSS"],"items_purchased_type":["Relic"],"build_version":"2020-12-22","purchased_purges":0,"victory":false,"max_hp_per_floor":[77,77,77,77,77,77,77,77,77,77,77,77,77,77,77,77,77],"card_choices":[{"not_picked":["Evaluate","Tantrum"],"picked":"SignatureMove","floor":0},{"not_picked":["LikeWater","Sanctity"],"picked":"MentalFortress","floor":1},{"not_picked":["FlyingSleeves","Swivel"],"picked":"SashWhip","floor":3},{"not_picked":["ClearTheMind","EmptyMind"],"picked":"Halt","floor":4},{"not_picked":["Fasting2","PathToVictory"],"picked":"Wallop","floor":5},{"not_picked":["EmptyBody","Weave"],"picked":"Judgement","floor":7},{"not_picked":["Study","JustLucky"],"picked":"EmptyFist","floor":8},{"not_picked":["ReachHeaven","CrushJoints"],"picked":"InnerPeace","floor":14}],"player_experience":352360,"relics_obtained":[{"floor":14,"key":"Bottled Flame"}],"event_choices":[{"damage_healed":0,"gold_gain":0,"player_choice":"Grow","damage_taken":0,"max_hp_gain":0,"max_hp_loss":0,"event_name":"Living Wall","floor":2,"gold_loss":0,"cards_upgraded":["Eruption"]},{"damage_healed":0,"gold_gain":0,"player_choice":"Success","damage_taken":7,"relics_obtained":["Peace Pipe"],"max_hp_gain":0,"max_hp_loss":0,"event_name":"Scrap Ooze","floor":10,"gold_loss":0},{"damage_healed":0,"gold_gain":75,"player_choice":"Gather Gold","damage_taken":11,"max_hp_gain":0,"max_hp_loss":0,"event_name":"World of Goop","floor":12,"gold_loss":0}],"is_beta":false,"boss_relics":[],"items_purged_floors":[],"is_endless":false,"potions_floor_spawned":[1,3,4],"killed_by":"Slime Boss","ascension_level":0}}