{"host":"gkm149kh1ihaqy0o","time":1612972010,"event":{"mods":["AchievementEnabler","BaseMod","Colored Powertips","Googly Eyes","Key Reminder","Minty Spire (QoL Compilation)","Permanent Neow","Quick Restart","Random Character Button","Rare Cards Sparkle","Relic Sorter","Relic Stats","SuperFastMode","Unceasing Turn Reminder","everything is the same but u backflip on backflip"],"gold_per_floor":[118,118,128,278,30,30,30],"floor_reached":6,"language":"ENG","playtime":136,"items_purged":["Doubt"],"score":65,"play_id":"5d3725f2-6d03-4dd7-8240-bdf881951368","local_time":"20210210094650","is_ascension_mode":true,"campfire_choices":[],"circlet_count":0,"master_deck":["AscendersBane","Strike_R","Strike_R","Strike_R","Defend_R","Defend_R","Defend_R","Defend_R","Bash","Whirlwind","True Grit"],"relics":["Burning Blood","Centennial Puzzle"],"acts_visited":["Exordium"],"potions_floor_usage":[],"damage_taken":[{"damage":7.0,"enemies":"Small Slimes","floor":1.0,"turns":4.0},{"damage":9.0,"enemies":"Jaw Worm","floor":3.0,"turns":5.0},{"damage":0,"enemies":"Lagavulin","floor":6,"turns":1}],"seed_played":"-8256757015741115413","potions_obtained":[{"floor":3.0,"key":"Weak Potion"}],"is_trial":false,"path_per_floor":["M","?","M","?","$","E"],"character_chosen":"IRONCLAD","items_purchased":["Centennial Puzzle"],"campfire_rested":0,"item_purchase_floors":[5],"current_hp_per_floor":[67,60,57,57,57,57,57],"gold":30,"neow_bonus":"REMOVE_CARD","is_daily":false,"chose_seed":false,"campfire_upgraded":0,"win_rate":0.0,"timestamp":1612972010,"path_taken":["M","?","M","?","$","E"],"items_purchased_type":["Relic"],"build_version":"2020-12-22","purchased_purges":1,"victory":false,"max_hp_per_floor":[75,75,75,75,75,75,75],"relic_stats":{"Centennial Puzzle":[0],"counters":[3,10],"obtain_stats":[{"Centennial Puzzle":5,"Burning Blood":0},{"Centennial Puzzle":2,"Burning Blood":0},{"Centennial Puzzle":9,"Burning Blood":0}],"Burning Blood":12},"card_choices":[{"not_picked":["Thunderclap","Clash"],"picked":"Whirlwind","floor":1.0},{"not_picked":["Entrench","Headbutt"],"picked":"True Grit","floor":3.0}],"player_experience":655019,"relics_obtained":[],"event_choices":[{"cards_removed":["Strike_R"],"damage_healed":0.0,"max_hp_gain":0.0,"max_hp_loss":0.0,"gold_gain":0.0,"event_name":"Golden Wing","player_choice":"Card Removal","floor":2.0,"gold_loss":0.0,"damage_taken":7.0},{"damage_healed":0.0,"max_hp_gain":0.0,"max_hp_loss":0.0,"gold_gain":150.0,"event_name":"Liars Game","player_choice":"AGREE","floor":4.0,"gold_loss":0.0,"damage_taken":0.0,"cards_obtained":["Doubt"]}],"is_beta":false,"boss_relics":[],"items_purged_floors":[5],"is_endless":false,"potions_floor_spawned":[3],"killed_by":"Lagavulin","ascension_level":18}}