{"host":"0rxdudjy6rylha1k","time":1612917700,"event":{"mods":["Aspiration","BaseMod","Colored Map","Colored Powertips","Downfall","Highlight Path","Hubris","Minty Spire (QoL Compilation)","StSLib"],"gold_per_floor":[99,110,129,142,242,22,22,22,57,76,106,123,23,50,63,63,63,63],"floor_reached":16,"language":"ENG","playtime":5859,"items_purged":[],"score":183,"play_id":"dc92f85c-a490-4daa-bb99-e16a41c82cc2","local_time":"20210209174140","is_ascension_mode":true,"campfire_choices":[{"floor":1.0,"key":"RECALL"},{"floor":8,"key":"REST"},{"floor":13,"key":"REST"}],"circlet_count":0,"master_deck":["AscendersBane","Slimebound:Strike_Slimebound","Slimebound:Strike_Slimebound","Slimebound:Strike_Slimebound","Slimebound:Tackle","Slimebound:Defend_Slimebound","Slimebound:Defend_Slimebound","Slimebound:Defend_Slimebound","Slimebound:Defend_Slimebound","Slimebound:Split","Slimebound:CorrosiveSpit","Slimebound:MegaLick","Slimebound:AcidTongue","Slimebound:SplitSpecialist","Slimebound:SplitSpecialist","Slimebound:OneTwoCombo","Slimebound:HauntingLick","Slimebound:LivingWall","Slimebound:LeechEnergy","Slimebound:PrepareCrush"],"relics":["Slimebound:AbsorbEndCombat","Juzu Bracelet","Toy Ornithopter","OrangePellets","hexamod:CandleOfCauterizing","hubris:TinFlute","hubris:ToyBattleship","downfall:HeartBlessingRed","Akabeko"],"acts_visited":["Exordium"],"potions_floor_usage":[4,5,6,6,9,10,10,14,15],"damage_taken":[{"damage":10.0,"enemies":"2 Louse","floor":2.0,"turns":3.0},{"damage":0.0,"enemies":"Cultist","floor":3.0,"turns":5.0},{"damage":10,"enemies":"Jaw Worm","floor":4,"turns":5},{"damage":67,"enemies":"downfall:LadyInBlue","floor":5,"turns":10},{"damage":0,"enemies":"downfall:FleeingMerchant","floor":6,"turns":4},{"damage":25,"enemies":"Gremlin Nob","floor":9,"turns":6},{"damage":12,"enemies":"Exordium Wildlife","floor":10,"turns":4},{"damage":8,"enemies":"Lagavulin","floor":11,"turns":6},{"damage":9,"enemies":"Large Slime","floor":12,"turns":6},{"damage":2,"enemies":"Gremlin Nob","floor":14,"turns":3},{"damage":22,"enemies":"Gremlin Gang","floor":15,"turns":5},{"damage":67,"enemies":"DF_ARCHETYPE_STREAMLINE","floor":16,"turns":9}],"seed_played":"2744958487425307461","potions_obtained":[{"floor":2.0,"key":"bronze:BurnAndBuffPotion"},{"floor":3.0,"key":"SpeedPotion"},{"floor":4,"key":"Regen Potion"},{"floor":5,"key":"Weak Potion"},{"floor":5,"key":"DuplicationPotion"},{"floor":5,"key":"Dexterity Potion"},{"floor":9,"key":"Regen Potion"},{"floor":12,"key":"champ:CounterPotion"},{"floor":14,"key":"SpeedPotion"}],"is_trial":false,"path_per_floor":["R","M","M","M","?","$","T","R","E","M","E","M","R","E","M","B"],"character_chosen":"SLIMEBOUND","items_purchased":["OrangePellets","Weak Potion"],"campfire_rested":2,"item_purchase_floors":[6,6],"current_hp_per_floor":[59,55,61,53,9,23,23,42,24,40,40,35,54,63,54,0,0,0],"gold":63,"neow_bonus":"RANDOM_COMMON_RELIC","is_daily":false,"chose_seed":false,"campfire_upgraded":0,"win_rate":0.0,"timestamp":1612917700,"path_taken":["R","M","M","M","?","?","T","R","E","M","E","M","R","E","M","BOSS"],"items_purchased_type":["Relic","Potion"],"build_version":"2020-12-22","purchased_purges":0,"victory":false,"max_hp_per_floor":[65,65,65,65,65,65,65,65,65,65,65,65,65,65,65,65,65,65],"card_choices":[{"not_picked":["Slimebound:HungryTackle","Slimebound:SplitBruiser"],"picked":"Slimebound:MegaLick","floor":2.0},{"not_picked":["Slimebound:DivideAndConquer","Slimebound:ItLooksTasty"],"picked":"Slimebound:AcidTongue","floor":3.0},{"not_picked":["Slimebound:DivideAndConquer","Slimebound:LeadByExample"],"picked":"Slimebound:SplitSpecialist","floor":4},{"not_picked":["Slimebound:SplitLeeching","Slimebound:ComboTackle"],"picked":"Slimebound:SplitSpecialist","floor":5},{"not_picked":["Slimebound:LeechingTouch","Slimebound:ComboTackle","Slimebound:RollThrough"],"picked":"SKIP","floor":6},{"not_picked":["Slimebound:LeechEnergy","Slimebound:SplitAcid"],"picked":"Slimebound:OneTwoCombo","floor":9},{"not_picked":["Slimebound:SamplingLick","Slimebound:RollThrough"],"picked":"Slimebound:HauntingLick","floor":10},{"not_picked":["Slimebound:Chomp","Slimebound:DivideAndConquer"],"picked":"Slimebound:LivingWall","floor":11},{"not_picked":["Slimebound:SplitBruiser","Slimebound:FormOfPuddle"],"picked":"Slimebound:LeechEnergy","floor":12},{"not_picked":["Slimebound:GoopTackle","Slimebound:Grow"],"picked":"Slimebound:PrepareCrush","floor":14},{"not_picked":["Slimebound:LeechEnergy","Slimebound:LeechingTouch","Slimebound:PressTheAttack"],"picked":"SKIP","floor":15},{"not_picked":["Slimebound:LeechEnergy","Slimebound:LeechingTouch","Slimebound:PressTheAttack"],"picked":"SKIP","floor":15}],"player_experience":2884631,"relics_obtained":[{"floor":5,"key":"Toy Ornithopter"},{"floor":7,"key":"hexamod:CandleOfCauterizing"},{"floor":9,"key":"hubris:TinFlute"},{"floor":11,"key":"hubris:ToyBattleship"},{"floor":14,"key":"Akabeko"}],"event_choices":[],"is_beta":false,"boss_relics":[],"items_purged_floors":[],"is_endless":false,"potions_floor_spawned":[2,3,4,9,12,14],"killed_by":"DF_ARCHETYPE_STREAMLINE","ascension_level":10}}