{"host":"y6zg4wwu39otf01a","time":1612920249,"event":{"mods":["Act Like it!","Aspiration","BaseMod","Better Altar","Better Match","Better Note","Better Sensory Stone","Better Skull","Better Third Choice","Challenge The Spire","Colored Map","Colored Powertips","Conspire","GifTheSpireLib","Glutton Mod","Halation","Hermit","Highlight Path","Hubris","Infinite Spire","Mimic Mod","Minty Spire (QoL Compilation)","Quick Restart","Random Character Button","Rare Cards Sparkle","Replay The Spire","Retaliation","Spicy Shops","Spire Arcade","StSLib","Stuff the Spire","The Blue Laboratory","The Jungle"],"gold_per_floor":[111,161,161,4,26,59,59,96,120,139,155,41,72,97,97,208,208,230,260,260,260,274,274,274],"floor_reached":23,"language":"ENG","playtime":1636,"items_purged":["Pain"],"score":260,"play_id":"00368c97-a7a2-413b-a8d9-6cd31e540e2c","local_time":"20210209192409","is_ascension_mode":true,"campfire_choices":[{"data":"StuffTheSpire:Incantation","floor":15,"key":"SMITH"}],"circlet_count":0,"master_deck":["Strike_G","Strike_G","Strike_G","Strike_G","Strike_G","Defend_G","Defend_G","Defend_G","Defend_G","Survivor","Neutralize","ReplayTheSpireMod:Shiv Toss","Backstab","ReplayTheSpireMod:Necrogeddon+1","Tools of the Trade+1","Blade Dance","Accuracy+1","StuffTheSpire:Incantation+1","Venomology+1","Slice+1"],"relics":["Ring of the Snake","NeowsBlessing","Ring of Greed","The Courier","Golden Egg","Ring of Panic","ReplayTheSpireMod:CursedCoin","PreservedInsect","MealTicket","WarpedTongs","Blood Vial","Gremlin Food","Chameleon Ring","Empty Cage","halation:PinkSoulGem"],"acts_visited":["Exordium","TheCity"],"potions_floor_usage":[14,16,18,19,19,22],"damage_taken":[{"damage":0,"enemies":"Small Slimes","floor":1,"turns":1},{"damage":0,"enemies":"Jaw Worm","floor":5,"turns":1},{"damage":0,"enemies":"Gremlin Nob","floor":6,"turns":1},{"damage":11,"enemies":"3 Sentries","floor":8,"turns":8},{"damage":0,"enemies":"Cultist","floor":10,"turns":4},{"damage":10,"enemies":"2 Fungi Beasts","floor":11,"turns":3},{"damage":10,"enemies":"Lagavulin","floor":13,"turns":5},{"damage":14,"enemies":"Red Slaver","floor":14,"turns":2},{"damage":35,"enemies":"Hexaghost","floor":16,"turns":12},{"damage":35,"enemies":"2 Thieves","floor":18,"turns":5},{"damage":2,"enemies":"Shell Parasite","floor":19,"turns":5},{"damage":25,"enemies":"3 Cultists","floor":22,"turns":7},{"damage":20,"enemies":"Book of Stabbing","floor":23,"turns":3}],"seed_played":"-2470177419085546242","potions_obtained":[{"floor":8,"key":"Doom Potion"},{"floor":11,"key":"Swift Potion"},{"floor":14,"key":"Block Potion"},{"floor":18,"key":"infinitespire:BlackPotion"}],"is_trial":false,"path_per_floor":["M","?","?","$","M","E","?","E","T","M","M","$","E","M","R","B",null,"M","M","?","?","M","E"],"character_chosen":"THE_SILENT","items_purchased":["ReplayTheSpireMod:CursedCoin","ReplayTheSpireMod:Necrogeddon","PreservedInsect","Accuracy"],"campfire_rested":0,"item_purchase_floors":[4,4,4,12],"current_hp_per_floor":[70,70,70,70,70,70,70,59,59,61,53,68,60,48,48,15,70,35,35,35,35,12,0,0],"gold":274,"neow_bonus":"THREE_ENEMY_KILL","is_daily":false,"chose_seed":false,"campfire_upgraded":1,"win_rate":0.0,"timestamp":1612920249,"path_taken":["M","?","?","$","?","E","?","E","T","?","M","?","E","M","R","BOSS","M","M","?","?","M","E"],"items_purchased_type":["Relic","Card","Relic","Card"],"build_version":"2020-12-22","purchased_purges":1,"victory":false,"max_hp_per_floor":[70,70,70,70,70,70,70,70,70,70,70,70,70,70,70,70,70,70,70,70,70,70,70,70],"card_choices":[{"not_picked":["Outmaneuver","Flying Knee"],"picked":"ReplayTheSpireMod:Shiv Toss","floor":1},{"not_picked":["PiercingWail","hubris:SlightOfHand","Dagger Spray"],"picked":"SKIP","floor":5},{"not_picked":["Noxious Fumes","ReplayTheSpireMod:Speed Training"],"picked":"Tools of the Trade","floor":6},{"not_picked":["Dagger Throw","Bane","Toxin Wave"],"picked":"SKIP","floor":8},{"not_picked":["Expertise","Toxin Wave"],"picked":"Blade Dance","floor":10},{"not_picked":["Deadly Poison","Backflip","Deflect"],"picked":"SKIP","floor":11},{"not_picked":["hubris:SlightOfHand","ReplayTheSpireMod:Exploit Weakness"],"picked":"StuffTheSpire:Incantation","floor":13},{"not_picked":["StuffTheSpire:BrimstoneBlast","hubris:TrickCloak","Draining Mist"],"picked":"SKIP","floor":14},{"not_picked":["Envenom","Doppelganger"],"picked":"Venomology","floor":16},{"not_picked":["Catalyst","StuffTheSpire:ClusterCrunch","Leg Sweep"],"picked":"SKIP","floor":18},{"not_picked":["Prepared+1","Outmaneuver+1","PiercingWail"],"picked":"SKIP","floor":19},{"not_picked":["Flechettes","Prepared+1"],"picked":"Slice+1","floor":22}],"player_experience":772460,"relics_obtained":[{"floor":2,"key":"Ring of Greed"},{"floor":2,"key":"The Courier"},{"floor":2,"key":"Golden Egg"},{"floor":2,"key":"Ring of Panic"},{"floor":6,"key":"MealTicket"},{"floor":8,"key":"Blood Vial"},{"floor":9,"key":"Gremlin Food"},{"floor":13,"key":"Chameleon Ring"}],"event_choices":[{"damage_healed":0,"gold_gain":0,"cards_transformed":["Defend_G"],"player_choice":"Transformed","damage_taken":0,"max_hp_gain":0,"max_hp_loss":0,"event_name":"Transmorgrifier","floor":3,"gold_loss":0,"cards_obtained":["Backstab"]},{"damage_healed":0,"gold_gain":0,"player_choice":"Rummage","damage_taken":0,"relics_obtained":["WarpedTongs"],"max_hp_gain":0,"max_hp_loss":0,"event_name":"Accursed Blacksmith","floor":7,"gold_loss":0,"cards_obtained":["Pain"]},{"cards_removed":["hubris:Greed","CommonCold","hubris:Greed"],"damage_healed":0,"gold_gain":0,"player_choice":"Removed Curses","damage_taken":0,"max_hp_gain":0,"max_hp_loss":0,"event_name":"Fountain of Cleansing","floor":21,"gold_loss":0}],"is_beta":false,"boss_relics":[{"not_picked":["halation:LoveArrow","halation:Prosthetics"],"picked":"Empty Cage"}],"items_purged_floors":[12],"is_endless":false,"potions_floor_spawned":[1,8,11,14,18],"killed_by":"Book of Stabbing","ascension_level":2}}