{"host":"dh4nu8nelr2izibb","time":1612995947,"event":{"mods":["BaseMod","Better Skull","Better Third Choice","Card Forge","Curses Come First","Displayed Cursed Tome","HololiveMod","Marisa????????","Minty Spire (QoL Compilation)","Poor People Problems","Quick Restart","Relic Filter","Reliquary","StSLib","WarShipGirlsR/????R mod","Yakumo Yukari mod"],"gold_per_floor":[237,256,181,199,209,209,229,379,379,379,47,66,66,91,91,164,164,176,226,236,236,251,280,280,280,280],"floor_reached":25,"language":"ENG","playtime":858,"items_purged":["AT_purpleEX","Doubt"],"score":435,"play_id":"3bb695a8-cb9c-46d4-b7ce-30d09f2723b1","local_time":"20210210172547","is_ascension_mode":true,"campfire_choices":[{"data":"Observe_purple_2","floor":6.0,"key":"SMITH"},{"floor":10.0,"key":"REST"},{"data":"Bait_HighSpeedFlying_purple","floor":13.0,"key":"SMITH"},{"data":"WeekHit_purple","floor":15.0,"key":"SMITH"},{"floor":24.0,"key":"REST"}],"circlet_count":0,"master_deck":["AscendersBane","AT_purpleEX","AT_purpleEX","AT_purpleEX","Defend_purpleEX","Defend_purpleEX","Defend_purpleEX","Defend_purpleEX","Observe_purple_1","Observe_purple_2+1","OmniscientAndOmnipotent_Monster_purple","Bait_HighSpeedFlying_purple+1","OpenedBox_purple","WeekHit_purple+1","Charmbait_purple","Human_Monster_Realm_purple","CommonSense_AntiCommonSense_purple","StateErode_purple","Umbrella_purple+1","Know_ledgeAbilityRealm_purple"],"relics":["Boundary_crack","Memoryfragments_purpleEX","Hammer of Thor","Seething Fire","Anvil of the Gods","reliquary:TridentHead","Bag of Preparation","reliquary:KinkedSpring","Bag of Preparation"],"acts_visited":["Exordium","TheCity"],"potions_floor_usage":[25,25],"damage_taken":[{"damage":18.0,"enemies":"Cultist","floor":1.0,"turns":6.0},{"damage":7.0,"enemies":"Small Slimes","floor":2.0,"turns":3.0},{"damage":0.0,"enemies":"Jaw Worm","floor":4.0,"turns":3.0},{"damage":6.0,"enemies":"Blue Slaver","floor":5.0,"turns":3.0},{"damage":3.0,"enemies":"Large Slime","floor":7.0,"turns":5.0},{"damage":6.0,"enemies":"2 Fungi Beasts","floor":12.0,"turns":3.0},{"damage":23.0,"enemies":"Gremlin Nob","floor":14.0,"turns":4.0},{"damage":17.0,"enemies":"Hexaghost","floor":16.0,"turns":6.0},{"damage":0.0,"enemies":"2 Thieves","floor":18.0,"turns":2.0},{"damage":0.0,"enemies":"Chosen","floor":20.0,"turns":3.0},{"damage":6.0,"enemies":"Centurion and Healer","floor":22.0,"turns":2.0},{"damage":34.0,"enemies":"Book of Stabbing","floor":23.0,"turns":4.0},{"damage":26,"enemies":"Slavers","floor":25,"turns":2}],"seed_played":"4282062369719416342","potions_obtained":[{"floor":4.0,"key":"Block Potion"},{"floor":5.0,"key":"Fire Potion"},{"floor":7.0,"key":"Energy Potion"},{"floor":14.0,"key":"CultistPotion"},{"floor":22.0,"key":"Weak Potion"},{"floor":23.0,"key":"Strength Potion"}],"is_trial":false,"path_per_floor":["M","M","$","M","M","R","M","?","T","R","$","M","R","E","R","B",null,"M","?","M","?","M","E","R","E"],"character_chosen":"Youkari","items_purchased":["Human_Monster_Realm_purple","CommonSense_AntiCommonSense_purple","StateErode_purple"],"campfire_rested":2,"item_purchase_floors":[11,11,11],"current_hp_per_floor":[43,37,37,39,34,34,32,32,32,51,51,49,49,31,31,19,54,54,54,58,41,35,6,25,0,0],"gold":280,"neow_bonus":"HUNDRED_GOLD","is_daily":false,"chose_seed":false,"campfire_upgraded":3,"win_rate":0.0,"timestamp":1612995947,"path_taken":["M","?","$","M","M","R","M","?","T","R","$","M","R","E","R","BOSS","M","?","M","?","M","E","R","E"],"items_purchased_type":["Card","Card","Card"],"build_version":"2020-12-22","purchased_purges":2,"victory":false,"max_hp_per_floor":[65,65,65,65,65,65,65,65,65,65,65,65,65,65,65,65,65,65,65,65,65,65,65,65,65,65],"card_choices":[{"not_picked":["Umbrella_purple","WeekHit_purple"],"picked":"OmniscientAndOmnipotent_Monster_purple","floor":1.0},{"not_picked":["StateDuplicate_purple","ExistenceContinue_purple"],"picked":"Bait_HighSpeedFlying_purple","floor":2.0},{"not_picked":["Boundary_ObjectiveBoundary_purple","Charmbait_purple"],"picked":"OpenedBox_purple","floor":4.0},{"not_picked":["Line_surface_state_purple","Mirror_WaveAndshot_purple"],"picked":"WeekHit_purple","floor":5.0},{"not_picked":["Yakumo_Ran_purple","PurpleNeedle_purple"],"picked":"Charmbait_purple","floor":7.0},{"not_picked":["StateDuplicate_purple","MetroBOOM_purple","ExistenceContinue_purple"],"picked":"SKIP","floor":12.0},{"not_picked":["Bait_HighSpeedFlying_purple","MetroBOOM_purple"],"picked":"Umbrella_purple","floor":14.0},{"not_picked":["Theboundaryofcreation_purpleEX","MagicEyes_LaplaceDemon_purple"],"picked":"Know_ledgeAbilityRealm_purple","floor":16.0},{"not_picked":["Boundary_LightAndDark_purple","PositiveMatter_Antimatter_Universe_purple","Mirror_FormAndEmptin_purple+1"],"picked":"SKIP","floor":18.0},{"not_picked":["CommonSense_AntiCommonSense_purple","ExistenceContinue_purple","RuleDissolution_purple"],"picked":"SKIP","floor":20.0},{"not_picked":["Bait_HighSpeedFlying_purple","ButterflyHabitatTemple_purple","MNeedle_purple"],"picked":"SKIP","floor":22.0},{"not_picked":["WatchEChange_purple","Boundary_DreamRealityDamnation_purple","WeekHit_purple"],"picked":"SKIP","floor":23.0}],"player_experience":1097545,"relics_obtained":[{"floor":9.0,"key":"reliquary:TridentHead"},{"floor":14.0,"key":"Bag of Preparation"},{"floor":23.0,"key":"reliquary:SculptingSteel"}],"event_choices":[{"damage_healed":0.0,"max_hp_gain":0.0,"max_hp_loss":0.0,"gold_gain":150.0,"event_name":"betterThird:BetterSerpent","player_choice":"AGREE","floor":8.0,"gold_loss":0.0,"damage_taken":229.0},{"damage_healed":0.0,"max_hp_gain":0.0,"max_hp_loss":0.0,"gold_gain":50.0,"event_name":"betterThird:BetterNest","player_choice":"Steal","floor":19.0,"gold_loss":0.0,"damage_taken":0.0}],"is_beta":false,"boss_relics":[{"not_picked":["Fusion Hammer","Hololive_TopUpMoneyS"],"picked":"reliquary:KinkedSpring"}],"items_purged_floors":[3,11],"is_endless":false,"potions_floor_spawned":[4,5,7,12,14,18,22,23],"killed_by":"Slavers","ascension_level":19}}