{"host":"y89x8uui45kcjy42","time":1612940228,"event":{"mods":["2.2 Compatiblity","BaseMod","CapriCore","Colored Map","Colored Powertips","Custom Start","Friendly Minions","Keyboard Shortcuts","Minty Spire (QoL Compilation)","Relic Stats","Slay the Relics Exporter","StSLib","SuperFastMode","Uncapped"],"gold_per_floor":[110,110,75,75,75,105,130,157,157,185,185,185,214,214,214,292,292,311,323,212,212,212,246,277,290,290,290,315,329,356,376,376,455,455,469,51,67,67,67,67,67],"floor_reached":40,"language":"KOR","playtime":1134,"items_purged":[],"score":1542,"play_id":"bc420b8c-ef29-4e66-8e4b-8b37cc9f017d","local_time":"20210210155708","is_ascension_mode":true,"campfire_choices":[{"data":"Brilliance","floor":12.0,"key":"SMITH"},{"data":"DevaForm","floor":15.0,"key":"SMITH"},{"data":"Wish","floor":27.0,"key":"SMITH"},{"floor":32.0,"key":"RECALL"}],"circlet_count":0,"master_deck":["Prostrate+1","InnerPeace+1","Pray+1","Worship+1","Brilliance+1","Devotion+1","Vault+1","Brilliance+1","DevaForm+1","Wish+1","Fasting2","Vault+1","Vault+1"],"relics":["PureWater","Damaru","TeardropLocket","CloakClasp","VioletLotus","Lantern","Singing Bowl","Yang","Question Card","Vajra","WingedGreaves","Damaru","Coffee Dripper","Anchor","Potion Belt","Nunchaku","Pen Nib","Bird Faced Urn","Bag of Marbles","Busted Crown","Boot","DollysMirror"],"acts_visited":["Exordium","TheCity","TheBeyond"],"potions_floor_usage":[],"damage_taken":[{"damage":0.0,"enemies":"Small Slimes","floor":1.0,"turns":2.0},{"damage":0.0,"enemies":"Gremlin Nob","floor":6.0,"turns":2.0},{"damage":0.0,"enemies":"Lagavulin","floor":7.0,"turns":2.0},{"damage":14.0,"enemies":"3 Sentries","floor":8.0,"turns":6.0},{"damage":0.0,"enemies":"Gremlin Nob","floor":10.0,"turns":2.0},{"damage":0.0,"enemies":"Lagavulin","floor":13.0,"turns":3.0},{"damage":0.0,"enemies":"Hexaghost","floor":16.0,"turns":3.0},{"damage":0.0,"enemies":"Spheric Guardian","floor":18.0,"turns":2.0},{"damage":0.0,"enemies":"Chosen","floor":19.0,"turns":3.0},{"damage":9.0,"enemies":"Book of Stabbing","floor":23.0,"turns":3.0},{"damage":40.0,"enemies":"Slavers","floor":24.0,"turns":5.0},{"damage":0.0,"enemies":"Snecko","floor":25.0,"turns":1.0},{"damage":0.0,"enemies":"Gremlin Leader","floor":28.0,"turns":3.0},{"damage":0.0,"enemies":"Snake Plant","floor":29.0,"turns":2.0},{"damage":16.0,"enemies":"Slavers","floor":30.0,"turns":3.0},{"damage":0.0,"enemies":"Sentry and Sphere","floor":31.0,"turns":2.0},{"damage":0.0,"enemies":"Automaton","floor":33.0,"turns":3.0},{"damage":0.0,"enemies":"3 Shapes","floor":35.0,"turns":6.0},{"damage":0.0,"enemies":"Orb Walker","floor":37.0,"turns":2.0},{"damage":100,"enemies":"Nemesis","floor":40,"turns":10}],"seed_played":"6707832744427858659","potions_obtained":[{"floor":1.0,"key":"Fire Potion"},{"floor":7.0,"key":"DistilledChaos"},{"floor":19.0,"key":"StancePotion"},{"floor":24.0,"key":"EntropicBrew"},{"floor":31.0,"key":"DistilledChaos"},{"floor":35.0,"key":"FearPotion"}],"is_trial":false,"path_per_floor":["M","$","?","?","T","E","E","E","T","E","$","R","E","$","R","B",null,"M","M","$","?","?","E","E","M","T","R","E","M","E","M","R","B",null,"M","$","M","?","?","E"],"character_chosen":"WATCHER","items_purchased":["CultistPotion","Boot","Fasting2","DollysMirror"],"campfire_rested":0,"item_purchase_floors":[20,36,36,36],"current_hp_per_floor":[67,67,74,74,74,74,76,64,64,64,64,64,64,64,64,64,75,77,79,79,79,73,66,28,30,30,30,32,38,28,32,32,38,83,89,89,97,93,93,0,0],"gold":67,"neow_bonus":"TEN_PERCENT_HP_BONUS","is_daily":false,"chose_seed":false,"campfire_upgraded":3,"win_rate":0.0,"timestamp":1612940228,"path_taken":["M","$","?","?","?","E","E","E","T","E","$","R","E","?","R","BOSS","M","?","$","?","?","E","E","?","T","R","E","M","E","M","R","BOSS","M","$","M","?","?","E"],"items_purchased_type":["Potion","Relic","Card","Relic"],"build_version":"2020-12-22","purchased_purges":0,"victory":false,"max_hp_per_floor":[74,74,74,74,74,74,76,78,78,78,78,78,78,78,78,78,78,80,82,82,82,82,84,86,88,88,88,90,92,94,96,96,98,98,100,100,102,108,108,108,108],"relic_stats":{"Nunchaku":[3],"Busted Crown":10,"Singing Bowl":34,"counters":[20,65],"Bird Faced Urn":[30],"Yang":[52],"VioletLotus":[31],"Pen Nib":[2],"CloakClasp":[150],"Question Card":18,"Boot":[12],"obtain_stats":[{"Potion Belt":20,"Lantern":6,"Singing Bowl":7,"Damaru":0,"Vajra":10,"Yang":8,"Pen Nib":24,"CloakClasp":0,"TeardropLocket":0,"Question Card":9,"Boot":36,"Anchor":18,"Nunchaku":23,"Busted Crown":34,"DollysMirror":36,"Bird Faced Urn":28,"VioletLotus":0,"WingedGreaves":6,"Coffee Dripper":17,"Bag of Marbles":30,"PureWater":0},{"Potion Belt":9,"Lantern":2,"Singing Bowl":3,"Damaru":0,"Vajra":5,"Yang":4,"Pen Nib":11,"CloakClasp":0,"TeardropLocket":0,"Question Card":4,"Boot":18,"Anchor":8,"Nunchaku":10,"Busted Crown":17,"DollysMirror":18,"Bird Faced Urn":13,"VioletLotus":0,"WingedGreaves":2,"Coffee Dripper":7,"Bag of Marbles":15,"PureWater":0},{"Potion Belt":25,"Lantern":4,"Singing Bowl":6,"Damaru":0,"Vajra":14,"Yang":12,"Pen Nib":33,"CloakClasp":0,"TeardropLocket":0,"Question Card":12,"Boot":53,"Anchor":22,"Nunchaku":28,"Busted Crown":47,"DollysMirror":53,"Bird Faced Urn":37,"VioletLotus":0,"WingedGreaves":4,"Coffee Dripper":20,"Bag of Marbles":42,"PureWater":0}]},"card_choices":[{"not_picked":["Meditate","FlyingSleeves","FollowUp"],"picked":"SKIP","floor":1.0},{"not_picked":["BowlingBash","Sanctity","JustLucky"],"picked":"SKIP","floor":6.0},{"not_picked":["BowlingBash","Sanctity","JustLucky"],"picked":"SKIP","floor":6.0},{"not_picked":["Halt","BowlingBash","Collect"],"picked":"Singing Bowl","floor":7.0},{"not_picked":["CarveReality","SandsOfTime","Weave"],"picked":"Singing Bowl","floor":8.0},{"not_picked":["FollowUp","SashWhip","Vengeance"],"picked":"Brilliance","floor":10.0},{"not_picked":["BowlingBash","FollowUp","EmptyBody"],"picked":"DevaForm","floor":13.0},{"not_picked":["Brilliance","DeusExMachina","SpiritShield"],"picked":"Wish","floor":16.0},{"not_picked":["CrushJoints","BowlingBash","FlurryOfBlows","EmptyFist"],"picked":"Singing Bowl","floor":18.0},{"not_picked":["Protect","WindmillStrike","Prostrate+1","Indignation"],"picked":"Singing Bowl","floor":19.0},{"not_picked":["Perseverance+1","Meditate","Crescendo","Pray"],"picked":"Singing Bowl","floor":23.0},{"not_picked":["DeceiveReality","JustLucky","CrushJoints","SandsOfTime"],"picked":"Singing Bowl","floor":24.0},{"not_picked":["EmptyFist","ReachHeaven","Prostrate","Sanctity"],"picked":"Singing Bowl","floor":25.0},{"not_picked":["Sanctity+1","Vengeance","Study","FearNoEvil+1"],"picked":"Singing Bowl","floor":28.0},{"not_picked":["Prostrate","CarveReality","ThirdEye","Perseverance+1"],"picked":"Singing Bowl","floor":29.0},{"not_picked":["CarveReality+1","Evaluate","WreathOfFlame","Adaptation+1"],"picked":"Singing Bowl","floor":30.0},{"not_picked":["JustLucky","Indignation","Wallop","Brilliance"],"picked":"Singing Bowl","floor":31.0},{"not_picked":["Alpha","Omniscience","SpiritShield","Judgement"],"picked":"Singing Bowl","floor":33.0},{"not_picked":["Halt","Prostrate"],"picked":"Singing Bowl","floor":35.0},{"not_picked":["EmptyBody+1","CutThroughFate"],"picked":"Singing Bowl","floor":37.0},{"not_picked":["Forethought","Apotheosis"],"picked":"Singing Bowl","floor":38},{"not_picked":["Swift Strike","Trip"],"picked":"Singing Bowl","floor":38},{"not_picked":["Violence","Panache"],"picked":"Singing Bowl","floor":38}],"player_experience":686879,"relics_obtained":[{"floor":6.0,"key":"Lantern"},{"floor":7.0,"key":"Singing Bowl"},{"floor":8.0,"key":"Yang"},{"floor":9.0,"key":"Question Card"},{"floor":10.0,"key":"Vajra"},{"floor":13.0,"key":"Damaru"},{"floor":23.0,"key":"Nunchaku"},{"floor":24.0,"key":"Pen Nib"},{"floor":28.0,"key":"Bird Faced Urn"},{"floor":30.0,"key":"Bag of Marbles"}],"event_choices":[{"damage_healed":18.0,"max_hp_gain":0.0,"max_hp_loss":0.0,"gold_gain":0.0,"event_name":"The Cleric","player_choice":"Healed","floor":3.0,"gold_loss":35.0,"damage_taken":0.0},{"damage_healed":0.0,"max_hp_gain":0.0,"max_hp_loss":0.0,"gold_gain":0.0,"event_name":"Shining Light","player_choice":"Ignored","floor":4.0,"gold_loss":0.0,"damage_taken":0.0},{"damage_healed":0.0,"max_hp_gain":0.0,"max_hp_loss":0.0,"gold_gain":0.0,"event_name":"Beggar","player_choice":"Ignored","floor":21.0,"gold_loss":0.0,"damage_taken":0.0},{"damage_healed":0.0,"max_hp_gain":0.0,"max_hp_loss":0.0,"gold_gain":0.0,"event_name":"Knowing Skull","player_choice":"","floor":22.0,"potions_obtained":[],"gold_loss":0.0,"damage_taken":6.0,"cards_obtained":[]},{"damage_healed":0.0,"max_hp_gain":0.0,"max_hp_loss":0.0,"gold_gain":0.0,"event_name":"Knowing Skull","player_choice":"","floor":22.0,"potions_obtained":[],"gold_loss":0.0,"damage_taken":6.0,"cards_obtained":[]},{"damage_healed":0,"gold_gain":0,"player_choice":"Memory 3","damage_taken":10,"max_hp_gain":0,"max_hp_loss":0,"event_name":"SensoryStone","floor":38,"gold_loss":0},{"damage_healed":0,"gold_gain":0,"player_choice":"Copied","damage_taken":0,"max_hp_gain":0,"max_hp_loss":0,"event_name":"Duplicator","floor":39,"gold_loss":0,"cards_obtained":["Vault"]}],"is_beta":false,"boss_relics":[{"not_picked":["Runic Pyramid","Tiny House","Black Star"]},{"not_picked":["Runic Dome","Philosopher\u0027s Stone"],"picked":"Busted Crown"}],"items_purged_floors":[],"is_endless":false,"potions_floor_spawned":[1,7,16,19,24,30,31,35],"killed_by":"Nemesis","ascension_level":20}}