{"host":"o9lehcdjc4u6j9un","time":1612980541,"event":{"mods":["Aspiration","BaseMod","Colored Map","Downfall","Gremlin Mod","Hermit","LagranYue(¿≠∏Ò¿ °§‘¬)","Marisa£®ÏF”Í°°ƒß¿Ì…≥£©","Minty Spire (QoL Compilation)","Reimu£®≤©¿ˆ¡È√Œ£©","Remilia£®¿Ÿ√◊¿Ú—«£©","StSLib","The Alterego","The Runesmith","The Senshi","The Servant 0.9.4","Yakumo Yukari mod","Youmu£®ªÍ∆«—˝√Œ£©"],"gold_per_floor":[138,157,171,183,197,227,237,247,270,312,340,363,387,433,445,559,571,602,393,393,407,424,456,456,456,456,485,63,63,79,99,99,199,199,211,86,99,99,113,113,143,195,195,211,238,238,254,267,267,267],"floor_reached":51,"language":"ZHS","playtime":17296,"items_purged":["AT_purpleEX","AT_purpleEX","AT_purpleEX"],"score":852,"play_id":"e641bbd3-9ab8-47ce-9a33-d215730a97b9","local_time":"20210211020901","is_ascension_mode":false,"campfire_choices":[{"floor":15,"key":"REST"},{"data":"StretchesForeverDream_purple","floor":25,"key":"SMITH"},{"floor":29,"key":"REST"},{"data":"Nest_LightFlightworm_purple","floor":32,"key":"SMITH"},{"data":"ContainerChange_purple","floor":40,"key":"SMITH"},{"floor":46,"key":"RECALL"},{"data":"DimensionStaggered_purple","floor":49,"key":"SMITH"}],"circlet_count":0,"master_deck":["AT_purpleEX","Defend_purpleEX","Defend_purpleEX","Defend_purpleEX","Defend_purpleEX","Observe_purple_1","Observe_purple_2","WorldDissolvedintheRealm_purple","OpenedBox_purple","WangLiang_OokamiKakushi_purple","StretchesForeverDream_purple+1","Charmbait_purple","CommonSense_AntiCommonSense_purple","OmniscientAndOmnipotent_Monster_purple","MeetDecomposer_purple","MeetDecomposer_purple","MonsterNeedle_purple","OpenedBox_purple","Shallow_ocean_purpleEX","RuleDissolution_purple","GluttonyofRealm_purpleEX","Umbrella_purple+1","SharpContractionReality_purple","DimensionStaggered_purple","DimensionStaggered_purple+1","Clumsy","Charmbait_purple","Violence","Nest_LightFlightworm_purple+1","Boundary_DreamRealityDamnation_purple","ContainerChange_purple+1","IllusionStar","Boundary_DreamRealityDamnation_purple+1","Flash of Steel","Secret Technique","Dramatic Entrance","SprinkleStarSeal+1","DarkRealmRedLine_purple","SuperPerseids+1","Decay","FairyDestructionRay","BlazeAway+1","SporeBomb","Acceleration+1"],"relics":["Boundary_crack","Memoryfragments_purpleEX","LagranYue:RandomDrawCardRelic","Oddly Smooth Stone","MawBank","Potion Belt","LagranYue:WskJewelryRelic","Cursed Key","Pen Nib","ScarletDevilRocket","PureWhite:ReiMu","Lantern","Ancient Tea Set","Toolbox","aspiration:MarisaSkillbook","Bag of Preparation","CatCart","ThegodofHakurei_purpleEX","Omamori"],"acts_visited":["Exordium","TheCity","TheBeyond"],"potions_floor_usage":[4,7,12,14,14,16,23,33,33,41],"damage_taken":[{"damage":6,"enemies":"Jaw Worm","floor":1,"turns":6},{"damage":0,"enemies":"Small Slimes","floor":2,"turns":3},{"damage":2,"enemies":"2 Louse","floor":3,"turns":3},{"damage":5,"enemies":"Exordium Thugs","floor":4,"turns":4},{"damage":2,"enemies":"Red Slaver","floor":5,"turns":4},{"damage":29,"enemies":"Lagavulin","floor":6,"turns":7},{"damage":0,"enemies":"3 Louse","floor":7,"turns":3},{"damage":9,"enemies":"Blue Slaver","floor":8,"turns":4},{"damage":16,"enemies":"3 Sentries","floor":10,"turns":5},{"damage":1,"enemies":"Red Slaver","floor":11,"turns":3},{"damage":0,"enemies":"Gremlin Gang","floor":12,"turns":1},{"damage":1,"enemies":"Looter","floor":13,"turns":3},{"damage":8,"enemies":"Lagavulin","floor":14,"turns":6},{"damage":12,"enemies":"The Guardian","floor":16,"turns":6},{"damage":14,"enemies":"3 Byrds","floor":18,"turns":6},{"damage":0,"enemies":"Spheric Guardian","floor":21,"turns":6},{"damage":0,"enemies":"Shelled Parasite and Fungi","floor":22,"turns":4},{"damage":3,"enemies":"Gremlin Leader","floor":23,"turns":4},{"damage":18,"enemies":"Book of Stabbing","floor":27,"turns":4},{"damage":0,"enemies":"Centurion and Healer","floor":30,"turns":5},{"damage":1,"enemies":"Snake Plant","floor":31,"turns":2},{"damage":17,"enemies":"Collector","floor":33,"turns":4},{"damage":0,"enemies":"3 Shapes","floor":35,"turns":1},{"damage":4,"enemies":"3 Darklings","floor":37,"turns":3},{"damage":0,"enemies":"Transient","floor":39,"turns":1},{"damage":12,"enemies":"Nemesis","floor":41,"turns":3},{"damage":3,"enemies":"Orin","floor":42,"turns":5},{"damage":0,"enemies":"Spire Growth","floor":44,"turns":3},{"damage":0,"enemies":"Giant Head","floor":45,"turns":3},{"damage":0,"enemies":"Maw","floor":47,"turns":2},{"damage":2,"enemies":"Transient","floor":48,"turns":5},{"damage":32,"enemies":"Awakened One","floor":50,"turns":4}],"seed_played":"8477265935023953613","potions_obtained":[{"floor":3,"key":"DistilledChaos"},{"floor":4,"key":"SkillPotion"},{"floor":5,"key":"Strength Potion"},{"floor":8,"key":"SpeedPotion"},{"floor":10,"key":"Fire Potion"},{"floor":11,"key":"Explosive Potion"},{"floor":18,"key":"EssenceOfSteel"},{"floor":27,"key":"Energy Potion"},{"floor":33,"key":"Fruit Juice"},{"floor":37,"key":"Regen Potion"},{"floor":42,"key":"SpeedPotion"},{"floor":45,"key":"Swift Potion"}],"is_trial":false,"path_per_floor":["M","M","M","M","M","E","M","M","T","E","M","M","M","E","R","B",null,"M","$","?","M","M","E","?","R","T","E","$","R","M","M","R","B",null,"M","$","M","?","M","R","E","?","T","M","E","R","M","M","R","B",null],"character_chosen":"Youkari","items_purchased":["Pen Nib","Toolbox","Violence"],"campfire_rested":2,"item_purchase_floors":[19,28,28],"current_hp_per_floor":[74,75,74,69,68,39,42,36,36,24,24,24,25,20,43,32,77,66,66,46,49,55,57,57,57,57,44,44,68,76,81,81,76,97,97,97,96,86,87,87,91,92,92,100,100,100,100,100,100,73],"gold":267,"neow_bonus":"TEN_PERCENT_HP_BONUS","is_daily":false,"chose_seed":false,"campfire_upgraded":4,"win_rate":0.0,"timestamp":1612980541,"path_taken":["M","M","M","M","M","E","M","M","T","E","M","M","M","E","R","BOSS","M","$","?","M","M","E","?","R","T","E","$","R","M","M","R","BOSS","M","$","M","?","M","R","E","?","T","?","E","R","M","M","R","BOSS"],"items_purchased_type":["Relic","Relic","Card"],"build_version":"2020-12-22","purchased_purges":3,"victory":true,"max_hp_per_floor":[77,77,77,77,77,77,77,77,77,77,77,77,77,77,77,77,77,77,77,77,80,83,83,83,83,83,83,83,83,86,89,89,97,97,97,97,100,100,100,100,100,100,100,100,100,100,100,100,100,100],"card_choices":[{"not_picked":["Worldmountain_purple","Line_surface_state_purple"],"picked":"WorldDissolvedintheRealm_purple","floor":1},{"not_picked":["ExistenceContinue_purple","WatchEChange_purple"],"picked":"OpenedBox_purple","floor":2},{"not_picked":["MeetDecomposer_purple","Line_surface_state_purple"],"picked":"WangLiang_OokamiKakushi_purple","floor":3},{"not_picked":["SfantasyHide_purple","Shallow_ocean_purpleEX"],"picked":"StretchesForeverDream_purple","floor":4},{"not_picked":["StateDuplicate_purple","Worldmountain_purple"],"picked":"Charmbait_purple","floor":5},{"not_picked":["Shallow_ocean_purpleEX","SharpContractionReality_purple"],"picked":"CommonSense_AntiCommonSense_purple","floor":6},{"not_picked":["StateDuplicate_purple","Fancifulhole_purple"],"picked":"OmniscientAndOmnipotent_Monster_purple","floor":7},{"not_picked":["Realm_recovery_purpleEX","StateErode_purple"],"picked":"MeetDecomposer_purple","floor":8},{"not_picked":["PositiveMatter_Antimatter_Universe_purple","Realm_recovery_purpleEX"],"picked":"MeetDecomposer_purple","floor":10},{"not_picked":["Extrememeaning_purpleEX","Photoelasticity_Doppler_Effect_purple"],"picked":"MonsterNeedle_purple","floor":11},{"not_picked":["Worldmountain_purple","ExistenceContinue_purple"],"picked":"OpenedBox_purple","floor":12},{"not_picked":["Umbrella_purple","SfantasyHide_purple"],"picked":"Shallow_ocean_purpleEX","floor":13},{"not_picked":["SharpContractionReality_purple","RuptureOfTimeAndSpace_purple"],"picked":"RuleDissolution_purple","floor":14},{"not_picked":["Human_Monster_Realm_purple","BarrageBoundary_PipeDream_purple"],"picked":"GluttonyofRealm_purpleEX","floor":16},{"not_picked":["StateDuplicate_purple+1","RuptureOfTimeAndSpace_purple"],"picked":"Umbrella_purple+1","floor":18},{"not_picked":["Erosivefilter_purple+1","RuptureOfTimeAndSpace_purple+1"],"picked":"SharpContractionReality_purple","floor":21},{"not_picked":["SfantasyHide_purple","Line_surface_state_purple"],"picked":"DimensionStaggered_purple","floor":22},{"not_picked":["Shallow_ocean_purpleEX","EighthInstrument_OneDividesIntoTwo_purple"],"picked":"DimensionStaggered_purple","floor":23},{"not_picked":["WangLiang_OokamiKakushi_purple","Mirror_FourBoundary_purple"],"picked":"Charmbait_purple","floor":27},{"not_picked":["Umbrella_purple","OmniscientAndOmnipotent_Monster_purple"],"picked":"Nest_LightFlightworm_purple","floor":30},{"not_picked":["Realm_recovery_purpleEX","Mirror_FormAndEmptin_purple+1"],"picked":"Boundary_DreamRealityDamnation_purple","floor":31},{"not_picked":["Human_Monster_Realm_purple","BarrageBoundary_PipeDream_purple"],"picked":"ContainerChange_purple","floor":33},{"not_picked":["OrrerysSun","AdvanceAttack_purple+1","Realm_recovery_purpleEX"],"picked":"IllusionStar","floor":35},{"not_picked":["MachineGunSpark+1","OpenedBox_purple+1","OmniscientAndOmnipotent_Monster_purple+1"],"picked":"Boundary_DreamRealityDamnation_purple+1","floor":37},{"not_picked":["Deep Breath","Chrysalis","Swift Strike"],"picked":"Flash of Steel","floor":38},{"not_picked":["Violence","Deep Breath","Madness"],"picked":"Secret Technique","floor":38},{"not_picked":["Purity","Bandage Up","Swift Strike"],"picked":"Dramatic Entrance","floor":38},{"not_picked":["SfantasyHide_purple+1","DeepEcoloBomb+1","Mirror_FormAndEmptin_purple+1"],"picked":"SprinkleStarSeal+1","floor":39},{"not_picked":["ShootingEcho+1","ExistenceContinue_purple+1","RefractionSpark+1"],"picked":"DarkRealmRedLine_purple","floor":41},{"not_picked":["Fantasy_PerpetualMotionMachine_purple+1","AsteroidBelt","SfantasyHide_purple+1"],"picked":"SuperPerseids+1","floor":42},{"not_picked":["RealityDreamConfluencek_purple","ExistenceContinue_purple","ChargeUpSpray"],"picked":"FairyDestructionRay","floor":44},{"not_picked":["EnergyRecoil+1","DeepEcoloBomb+1","OmniscientAndOmnipotent_Monster_purple"],"picked":"BlazeAway+1","floor":45},{"not_picked":["FairyDestructionRay","ExternalForce_HighSpeedFlying_purple+1","MysteriousBeam"],"picked":"SporeBomb","floor":47},{"not_picked":["OpenedBox_purple","MeteoricShower","StretchesForeverDream_purple"],"picked":"Acceleration+1","floor":48}],"player_experience":207993,"relics_obtained":[{"floor":6,"key":"Oddly Smooth Stone"},{"floor":9,"key":"MawBank"},{"floor":10,"key":"Potion Belt"},{"floor":14,"key":"LagranYue:WskJewelryRelic"},{"floor":23,"key":"ScarletDevilRocket"},{"floor":26,"key":"Lantern"},{"floor":27,"key":"Ancient Tea Set"},{"floor":41,"key":"Bag of Preparation"},{"floor":42,"key":"CatCart"},{"floor":43,"key":"ThegodofHakurei_purpleEX"},{"floor":45,"key":"Omamori"}],"event_choices":[{"damage_healed":0,"gold_gain":0,"player_choice":"Opened","damage_taken":0,"relics_obtained":["PureWhite:ReiMu"],"max_hp_gain":0,"max_hp_loss":0,"event_name":"The Mausoleum","floor":24,"gold_loss":0},{"damage_healed":0,"gold_gain":0,"player_choice":"Memory 3","damage_taken":10,"max_hp_gain":0,"max_hp_loss":0,"event_name":"SensoryStone","floor":38,"gold_loss":0},{"damage_healed":0,"gold_gain":0,"player_choice":"Fight","damage_taken":0,"max_hp_gain":0,"max_hp_loss":0,"event_name":"OrinTheCat","floor":42,"gold_loss":0}],"is_beta":false,"boss_relics":[{"not_picked":["SacredBark","Seventeenyearold_girl_Forever"],"picked":"Cursed Key"},{"not_picked":["Busted Crown","Velvet Choker"],"picked":"aspiration:MarisaSkillbook"}],"items_purged_floors":[19,28,36],"is_endless":false,"potions_floor_spawned":[3,4,5,8,10,11,18,27,33,37,42,45],"ascension_level":0}}