{"host":"f5gffvlv6a66yqkd","time":1612927172,"event":{"mods":["2.2 Compatiblity","BaseMod","Colored Map","Custom Start","DeckTracker","Keyboard Shortcuts","Minty Spire (QoL Compilation)","Permanent Neow","Quick Restart","Relic Stats","StSLib","SuperFastMode"],"gold_per_floor":[119,44,44,54,74,74,74,91,91,91,107,122,150,164,164,164,164],"floor_reached":16,"language":"KOR","playtime":439,"items_purged":["Injury"],"score":208,"play_id":"799fd5a1-c1ef-47f1-8871-4f2f478467f4","local_time":"20210210121932","is_ascension_mode":true,"campfire_choices":[{"data":"Dualcast","floor":7.0,"key":"SMITH"},{"data":"Darkness","floor":10.0,"key":"SMITH"},{"data":"Zap","floor":15.0,"key":"SMITH"}],"circlet_count":0,"master_deck":["AscendersBane","Strike_B","Strike_B","Defend_B","Defend_B","Defend_B","Defend_B","Zap+1","Dualcast+1","Darkness+1","Cold Snap","Glacier","Skim","Rebound","Hologram","Coolheaded","Compile Driver"],"relics":["Cracked Core","Symbiotic Virus","Question Card","Tiny Chest"],"acts_visited":["Exordium"],"potions_floor_usage":[16,16],"damage_taken":[{"damage":2.0,"enemies":"2 Louse","floor":1.0,"turns":4.0},{"damage":7.0,"enemies":"Jaw Worm","floor":4.0,"turns":3.0},{"damage":0.0,"enemies":"Cultist","floor":5.0,"turns":4.0},{"damage":5.0,"enemies":"Lots of Slimes","floor":8.0,"turns":4.0},{"damage":0.0,"enemies":"Exordium Thugs","floor":11.0,"turns":4.0},{"damage":4.0,"enemies":"Blue Slaver","floor":12.0,"turns":3.0},{"damage":5.0,"enemies":"3 Sentries","floor":13.0,"turns":8.0},{"damage":0.0,"enemies":"Large Slime","floor":14.0,"turns":6.0},{"damage":20,"enemies":"Hexaghost","floor":16,"turns":9}],"seed_played":"-5290127212757539068","potions_obtained":[{"floor":4.0,"key":"SpeedPotion"},{"floor":5.0,"key":"FearPotion"},{"floor":11.0,"key":"Weak Potion"},{"floor":13.0,"key":"Energy Potion"}],"is_trial":false,"path_per_floor":["M","$","?","M","M","?","R","M","T","R","M","M","E","M","R","B"],"character_chosen":"DEFECT","items_purchased":[],"campfire_rested":0,"item_purchase_floors":[],"current_hp_per_floor":[62,62,57,50,50,50,50,45,45,45,45,41,36,36,36,16,16],"gold":164,"neow_bonus":"TRANSFORM_TWO_CARDS","is_daily":false,"chose_seed":false,"campfire_upgraded":3,"win_rate":0.0,"timestamp":1612927172,"path_taken":["M","$","?","M","M","?","R","M","T","R","M","M","E","M","R","BOSS"],"items_purchased_type":[],"build_version":"2020-12-22","purchased_purges":1,"victory":false,"max_hp_per_floor":[71,71,71,71,71,71,71,71,71,71,71,71,71,71,71,71,71],"relic_stats":{"counters":[9,45],"Tiny Chest":0,"Question Card":5,"obtain_stats":[{"Tiny Chest":13,"Cracked Core":0,"Symbiotic Virus":3,"Question Card":6},{"Tiny Chest":7,"Cracked Core":0,"Symbiotic Virus":1,"Question Card":3},{"Tiny Chest":30,"Cracked Core":0,"Symbiotic Virus":4,"Question Card":11}]},"card_choices":[{"not_picked":["Sweeping Beam","Leap"],"picked":"Cold Snap","floor":1.0},{"not_picked":["Conserve Battery","Recycle"],"picked":"Glacier","floor":4.0},{"not_picked":["Gash","Melter","Conserve Battery"],"picked":"SKIP","floor":5.0},{"not_picked":["Coolheaded","Hologram","Conserve Battery"],"picked":"Skim","floor":8.0},{"not_picked":["Recycle","Beam Cell","Ball Lightning"],"picked":"Rebound","floor":11.0},{"not_picked":["Streamline","Conserve Battery","Rebound"],"picked":"Hologram","floor":12.0},{"not_picked":["Thunder Strike","Steam","Hello World"],"picked":"Coolheaded","floor":13.0},{"not_picked":["Barrage","Reinforced Body","Coolheaded"],"picked":"Compile Driver","floor":14.0}],"player_experience":1716042,"relics_obtained":[{"floor":13.0,"key":"Tiny Chest"}],"event_choices":[{"damage_healed":0.0,"max_hp_gain":0.0,"max_hp_loss":0.0,"gold_gain":0.0,"event_name":"Scrap Ooze","player_choice":"Success","floor":3.0,"gold_loss":0.0,"damage_taken":5.0,"relics_obtained":["Symbiotic Virus"]},{"cards_removed":["Steam Power"],"damage_healed":0.0,"max_hp_gain":0.0,"max_hp_loss":0.0,"gold_gain":0.0,"event_name":"WeMeetAgain","player_choice":"Gave Card","floor":6.0,"gold_loss":0.0,"damage_taken":0.0,"relics_obtained":["Question Card"]}],"is_beta":false,"boss_relics":[],"items_purged_floors":[2],"is_endless":false,"potions_floor_spawned":[4,5,11,13,14],"killed_by":"Hexaghost","ascension_level":20}}