{"host":"6xsbn6ynqlzwllfm","time":1612976859,"event":{"mods":["2.2 Compatiblity","BaseMod","Bestiary","Colored Map","Colored Powertips","Curses Come First","Highlight Path","Keyboard Shortcuts","Minty Spire (QoL Compilation)","Relic Stats","Slay the Relics Exporter","StSLib","SuperFastMode"],"gold_per_floor":[117,117,82,82,7,7,22,48,72,86,119,131,131,145,145,219,219,194,203,212,229,33,73,123,132,155,155,155],"floor_reached":27,"language":"ENG","playtime":1416,"items_purged":["Defend_B"],"score":528,"play_id":"9e6eeb69-5c00-46cf-a5c9-f1f146df9847","local_time":"20210210120739","is_ascension_mode":true,"campfire_choices":[{"data":"Genetic Algorithm","floor":6.0,"key":"SMITH"},{"data":"Loop","floor":13,"key":"SMITH"},{"data":"Darkness","floor":15,"key":"SMITH"},{"floor":25,"key":"REST"}],"circlet_count":0,"master_deck":["AscendersBane","Strike_B+1","Strike_B","Defend_B","Defend_B","Defend_B","Zap","Dualcast+1","Genetic Algorithm+1","Glacier","Darkness+1","Loop+1","Cold Snap","Conserve Battery","Coolheaded","Echo Form","Shame","Stack","Hello World","Turbo","Heatsinks+1"],"relics":["Cracked Core","NeowsBlessing","Dream Catcher","Blood Vial","Du-Vu Doll","Nuclear Battery","CeramicFish","Runic Capacitor","Emotion Chip","DataDisk"],"acts_visited":["Exordium","TheCity"],"potions_floor_usage":[11,18,23,23],"damage_taken":[{"damage":0.0,"enemies":"Cultist","floor":1.0,"turns":1.0},{"damage":0.0,"enemies":"Jaw Worm","floor":7.0,"turns":1.0},{"damage":0.0,"enemies":"Lagavulin","floor":8.0,"turns":1.0},{"damage":1,"enemies":"2 Louse","floor":10,"turns":3},{"damage":11,"enemies":"3 Sentries","floor":11,"turns":4},{"damage":6,"enemies":"Blue Slaver","floor":12,"turns":4},{"damage":5,"enemies":"Exordium Wildlife","floor":14,"turns":4},{"damage":39,"enemies":"Hexaghost","floor":16,"turns":13},{"damage":24,"enemies":"2 Thieves","floor":18,"turns":4},{"damage":10,"enemies":"Spheric Guardian","floor":21,"turns":8},{"damage":19,"enemies":"Book of Stabbing","floor":23,"turns":8},{"damage":34,"enemies":"Gremlin Leader","floor":27,"turns":7}],"seed_played":"7239381648230046610","potions_obtained":[{"floor":8,"key":"SkillPotion"},{"floor":10,"key":"PowerPotion"},{"floor":11,"key":"FocusPotion"},{"floor":16,"key":"PotionOfCapacity"},{"floor":18,"key":"Swift Potion"}],"is_trial":false,"path_per_floor":["M","?","?","?","$","R","M","E","T","M","E","M","R","M","R","B",null,"M","?","?","M","$","E","?","R","T","E"],"character_chosen":"DEFECT","items_purchased":["Runic Capacitor","Hello World"],"campfire_rested":1,"item_purchase_floors":[22,22],"current_hp_per_floor":[64,43,60,60,60,60,60,60,60,61,52,48,48,45,45,8,55,33,33,33,25,25,8,8,29,29,0,0],"gold":155,"neow_bonus":"THREE_ENEMY_KILL","is_daily":false,"chose_seed":false,"campfire_upgraded":3,"win_rate":0.0,"timestamp":1612976859,"path_taken":["M","?","?","?","?","R","?","E","T","M","E","?","R","M","R","BOSS","M","?","?","?","$","E","?","R","T","E"],"items_purchased_type":["Relic","Card"],"build_version":"2020-12-22","purchased_purges":1,"victory":false,"max_hp_per_floor":[71,71,71,71,71,71,71,71,71,71,71,71,71,71,71,71,71,71,71,71,71,71,71,71,71,71,71,71],"relic_stats":{"Blood Vial":18,"Dream Catcher":1,"Emotion Chip":[11,0,10,1,0],"counters":[12,58],"CeramicFish":45,"obtain_stats":[{"Blood Vial":9,"Du-Vu Doll":11,"Dream Catcher":8,"Emotion Chip":23,"DataDisk":26,"NeowsBlessing":0,"CeramicFish":19,"Runic Capacitor":22,"Cracked Core":0,"Nuclear Battery":17},{"Blood Vial":3,"Du-Vu Doll":5,"Dream Catcher":3,"Emotion Chip":11,"DataDisk":11,"NeowsBlessing":0,"CeramicFish":9,"Runic Capacitor":10,"Cracked Core":0,"Nuclear Battery":8},{"Blood Vial":3,"Du-Vu Doll":10,"Dream Catcher":3,"Emotion Chip":51,"DataDisk":51,"NeowsBlessing":0,"CeramicFish":35,"Runic Capacitor":43,"Cracked Core":0,"Nuclear Battery":31}]},"card_choices":[{"not_picked":["Conserve Battery","Stack"],"picked":"Genetic Algorithm","floor":1.0},{"not_picked":["Chaos","Rebound"],"picked":"Darkness","floor":7.0},{"not_picked":["Sweeping Beam","Meteor Strike"],"picked":"Loop","floor":8},{"not_picked":["Rip and Tear","Leap"],"picked":"Cold Snap","floor":10},{"not_picked":["Go for the Eyes","Redo"],"picked":"Conserve Battery","floor":11},{"not_picked":["Steam","Force Field"],"picked":"Coolheaded","floor":14},{"not_picked":["Meteor Strike","Multi-Cast"],"picked":"Echo Form","floor":16},{"not_picked":["Gash","Rebound"],"picked":"Turbo","floor":23},{"not_picked":["Coolheaded+1","Gash"],"picked":"Heatsinks+1","floor":25}],"player_experience":1431797,"relics_obtained":[{"floor":8,"key":"Dream Catcher"},{"floor":9,"key":"Blood Vial"},{"floor":11,"key":"Du-Vu Doll"},{"floor":23,"key":"Emotion Chip"},{"floor":26,"key":"DataDisk"}],"event_choices":[{"damage_healed":0.0,"max_hp_gain":0.0,"max_hp_loss":0.0,"gold_gain":0.0,"event_name":"Shining Light","player_choice":"Entered Light","floor":2.0,"gold_loss":0.0,"damage_taken":21.0,"cards_upgraded":["Dualcast","Strike_B"]},{"damage_healed":17.0,"max_hp_gain":0.0,"max_hp_loss":0.0,"gold_gain":0.0,"event_name":"The Cleric","player_choice":"Healed","floor":3.0,"gold_loss":35.0,"damage_taken":0.0},{"damage_healed":0.0,"max_hp_gain":0.0,"max_hp_loss":0.0,"gold_gain":0.0,"cards_transformed":["Strike_B"],"event_name":"Living Wall","player_choice":"Change","floor":4.0,"gold_loss":0.0,"damage_taken":0.0,"cards_obtained":["Glacier"]},{"damage_healed":0,"gold_gain":0,"player_choice":"Stole Relic","damage_taken":0,"relics_obtained":["CeramicFish"],"max_hp_gain":0,"max_hp_loss":0,"event_name":"Addict","floor":19,"gold_loss":0,"cards_obtained":["Shame"]},{"damage_healed":0,"gold_gain":0,"cards_transformed":["Strike_B"],"player_choice":"Transformed","damage_taken":0,"max_hp_gain":0,"max_hp_loss":0,"event_name":"Transmorgrifier","floor":20,"gold_loss":0,"cards_obtained":["Stack"]},{"damage_healed":0,"gold_gain":50,"player_choice":"Stole From Cult","damage_taken":0,"max_hp_gain":0,"max_hp_loss":0,"event_name":"Nest","floor":24,"gold_loss":0}],"is_beta":false,"boss_relics":[{"not_picked":["Black Star","Coffee Dripper"],"picked":"Nuclear Battery"}],"items_purged_floors":[5],"is_endless":false,"potions_floor_spawned":[8,10,11,14,16,18],"killed_by":"Gremlin Leader","ascension_level":20}}