{"host":"9slw7l0ws16384qq","time":1612950094,"event":{"mods":["A Penny For Your Troubles","BaseMod","Colored Map","Downfall","Evolution","Hubris","Minty Spire (QoL Compilation)","Replay The Spire","StS++","StSLib"],"gold_per_floor":[249,268,286,25,35,45,100,100,130,142,169,169,169,79,97,176,176,76,96,109,126,146,146,146,146,146,175,175,210,110,95,108,108,108,108],"floor_reached":33,"language":"FRA","playtime":1536,"items_purged":["Guardian:Strike_Guardian"],"score":573,"play_id":"d05713a7-6b8f-4bc8-b988-a3b252f93416","local_time":"20210210104134","is_ascension_mode":true,"campfire_choices":[{"data":"Guardian:HyperBeam_Guardian","floor":8,"key":"SMITH"},{"floor":13,"key":"RECALL"},{"data":"Guardian:Strike_Guardian","floor":18,"key":"PURGE"},{"data":"1","floor":23,"key":"LIFT"},{"data":"2","floor":30,"key":"LIFT"}],"circlet_count":0,"master_deck":["AscendersBane","Guardian:Defend_Guardian","Guardian:Defend_Guardian","Guardian:Defend_Guardian","Guardian:Defend_Guardian","Guardian:CurlUp","Guardian:TwinSlam","downfall:Icky","Guardian:HyperBeam_Guardian+1","Guardian:FierceBash+1","Guardian:ShieldCharger"],"relics":["EVO:Axolotl","Runic Pyramid","hubris:PeanutButter","Tiny Chest","Girya","White Beast Statue","Philosopher\u0027s Stone","downfall:HeartBlessingRed","Bag of Preparation","hubris:SlimyHat","BranchBurnRelic","downfall:HeartBlessingBlue"],"acts_visited":["Exordium","TheCity"],"potions_floor_usage":[27],"damage_taken":[{"damage":7,"enemies":"Jaw Worm","floor":2,"turns":5},{"damage":0,"enemies":"2 Louse","floor":3,"turns":3},{"damage":0,"enemies":"downfall:FleeingMerchant","floor":4,"turns":4},{"damage":0,"enemies":"Small Slimes","floor":5,"turns":2},{"damage":0,"enemies":"3 Louse","floor":6,"turns":3},{"damage":23,"enemies":"Gremlin Nob","floor":9,"turns":5},{"damage":0,"enemies":"2 Fungi Beasts","floor":10,"turns":1},{"damage":0,"enemies":"3 Sentries","floor":11,"turns":2},{"damage":0,"enemies":"downfall:FleeingMerchant","floor":14,"turns":4},{"damage":0,"enemies":"Exordium Wildlife","floor":15,"turns":1},{"damage":11,"enemies":"SI_SHIV_ARCHETYPE","floor":16,"turns":9},{"damage":0,"enemies":"Chosen","floor":19,"turns":6},{"damage":9,"enemies":"Shell Parasite","floor":20,"turns":5},{"damage":18,"enemies":"Snake Plant","floor":21,"turns":3},{"damage":30,"enemies":"Shelled Parasite and Fungi","floor":22,"turns":4},{"damage":0,"enemies":"Slavers","floor":27,"turns":1},{"damage":6,"enemies":"Replay:Snechameleon","floor":29,"turns":7},{"damage":0,"enemies":"downfall:FleeingMerchant","floor":31,"turns":4},{"damage":0,"enemies":"Centurion and Healer","floor":32,"turns":5},{"damage":60,"enemies":"IC_MUSHROOM_ARCHETYPE","floor":33,"turns":7}],"seed_played":"5280695678887641308","potions_obtained":[{"floor":2,"key":"PowerPotion"},{"floor":5,"key":"Milkshake"},{"floor":6,"key":"CultistPotion"},{"floor":16,"key":"DuplicationPotion"},{"floor":27,"key":"sneckomod:MuddlingPotion"}],"is_trial":false,"path_per_floor":["R_BF","M","M","$","M","M","T","R","E","M","E","?","R","$","M","B",null,"R_BF","M","M","M","M","R","T","?","?","E","T","E","R","$","M","B"],"character_chosen":"GUARDIAN","items_purchased":["hubris:PeanutButter"],"campfire_rested":0,"item_purchase_floors":[4],"current_hp_per_floor":[72,65,65,65,65,65,65,65,42,42,42,42,42,42,42,31,68,68,68,59,41,11,11,11,37,37,37,37,31,41,55,55,0,0,0],"gold":108,"neow_bonus":"BOSS_RELIC","is_daily":false,"chose_seed":false,"campfire_upgraded":1,"win_rate":0.0,"timestamp":1612950094,"path_taken":["R_BF","M","M","$","M","M","T","R","E","M","E","?","R","$","M","BOSS","R_BF","M","M","M","M","R","T","?","?","E","?","E","R","$","M","BOSS"],"items_purchased_type":["Relic"],"build_version":"2020-12-22","purchased_purges":1,"victory":false,"max_hp_per_floor":[80,80,80,80,80,80,80,80,80,80,80,80,80,80,80,80,80,80,80,80,80,80,80,80,80,80,80,80,80,90,90,90,90,90,90],"card_choices":[{"not_picked":["Guardian:Clone","Guardian:Incinerate","Guardian:RollAttack"],"picked":"SKIP","floor":2},{"not_picked":["Guardian:MultiBeam","Guardian:Suspension","Guardian:ChargeCore"],"picked":"SKIP","floor":3},{"not_picked":["Guardian:Gem_Green","Guardian:RollAttack"],"picked":"Guardian:HyperBeam_Guardian","floor":4},{"not_picked":["Guardian:Gem_Lightblue","Guardian:Planning","Guardian:Suspension"],"picked":"SKIP","floor":5},{"not_picked":["Guardian:Planning","Guardian:PrismaticBeam","Guardian:ChargeCore"],"picked":"SKIP","floor":6},{"not_picked":["Guardian:CrystalBeam","Guardian:Repulse"],"picked":"Guardian:Gem_Cyan","floor":9},{"not_picked":["Guardian:EvasiveProtocol","Guardian:PiercingHide","Guardian:Planning"],"picked":"SKIP","floor":10},{"not_picked":["Guardian:GemFire","Guardian:PiercingHide","Guardian:ArmoredProtocol"],"picked":"SKIP","floor":11},{"not_picked":["Guardian:VentSteam","Guardian:Gem_Red","Guardian:ChargeCore"],"picked":"SKIP","floor":14},{"not_picked":["Guardian:ChargeCore","Guardian:TemporalStrike","Guardian:PrimingBeam"],"picked":"SKIP","floor":15},{"not_picked":["Guardian:DonusPower","Guardian:Clone","Guardian:CrystalBeam"],"picked":"SKIP","floor":19},{"not_picked":["Guardian:ShieldSpikes+1","Guardian:ChargeUp"],"picked":"Guardian:Gem_Cyan","floor":20},{"not_picked":["Guardian:Gem_Red","Guardian:Gem_Green","Guardian:Planning"],"picked":"SKIP","floor":21},{"not_picked":["Guardian:ArmoredProtocol","Guardian:FuturePlans"],"picked":"Guardian:ShieldCharger","floor":22},{"not_picked":["Guardian:Gem_Synthetic","Guardian:Preprogram","Guardian:Incinerate"],"picked":"SKIP","floor":27},{"not_picked":["Guardian:TemporalShield","Guardian:Recover","Guardian:Gem_Red"],"picked":"SKIP","floor":29},{"not_picked":["Guardian:BronzeArmor","Guardian:SpikerProtocol","Guardian:Emergency"],"picked":"SKIP","floor":31},{"not_picked":["Guardian:VentSteam+1","Guardian:FloatingOrbs","Guardian:Reroute"],"picked":"SKIP","floor":32}],"player_experience":1675463,"relics_obtained":[{"floor":7,"key":"Tiny Chest"},{"floor":9,"key":"Girya"},{"floor":11,"key":"White Beast Statue"},{"floor":27,"key":"Bag of Preparation"},{"floor":28,"key":"Dead Branch"},{"floor":29,"key":"hubris:SlimyHat"}],"event_choices":[{"damage_healed":26,"gold_gain":0,"player_choice":"Heal","damage_taken":0,"max_hp_gain":0,"max_hp_loss":0,"event_name":"The Library","floor":25,"gold_loss":0}],"is_beta":false,"boss_relics":[{"not_picked":["ChewingGum","hubris:BlackHole"],"picked":"Philosopher\u0027s Stone"}],"items_purged_floors":[14],"is_endless":false,"potions_floor_spawned":[2,5,6,10,14,15,16,19,20,21,22,27,29,31,32],"killed_by":"IC_MUSHROOM_ARCHETYPE","ascension_level":13}}