{"host":"ln8zowmpyx5bxamj","time":1612926355,"event":{"mods":["Act Like it!","BaseMod","Colored Map","Conspire","Gensokyo","GifTheSpireLib","Hallownest","Hubris","Minty Spire (QoL Compilation)","Permanent Neow","Replay The Spire","StSLib","Uncapped","Yuyuko"],"gold_per_floor":[119,194,238,18,29,64,64,78,132,159,176,176,186,186,186,284,284,296,296,296,310,225,225,146,146,146],"floor_reached":25,"language":"ENG","playtime":2210,"items_purged":[],"score":234,"play_id":"20ea4d0a-2920-4b07-a83d-18fd5cb4e360","local_time":"20210209210555","is_ascension_mode":false,"campfire_choices":[{"data":"Apotheosis","floor":7,"key":"SMITH"},{"data":"Faramita\u0027s Temptation","floor":12,"key":"SMITH"},{"floor":15,"key":"REST"},{"data":"Mini Ghostdom","floor":23,"key":"SMITH"}],"circlet_count":0,"master_deck":["Fantasy Butterflies","Fantasy Butterflies","Fantasy Butterflies","Fantasy Butterflies","Fantasy Butterflies","Dreamy Sakura","Dreamy Sakura","Dreamy Sakura","Dreamy Sakura","Dreamy Sakura","Deathly Ground","Faramita\u0027s Temptation+1","Song of Papilio","Elegance","Apotheosis+1","Bloom","Mini Ghostdom","Mini Ghostdom+1","Phantom Gift","The Nether","Serene Spring","Lunch","Past Graveyard","Steamed Phantom","Phantom Gift"],"relics":["Coronal","Yuyuko\u0027s fan","Ancient Tea Set","Meat on the Bone","Toy Ornithopter","hubris:Potato","Ring of Chaos","hubris:Towel","Nunchaku"],"acts_visited":["Exordium","TheCity"],"potions_floor_usage":[5,6,10,16],"damage_taken":[{"damage":10,"enemies":"Small Slimes","floor":1,"turns":4},{"damage":18,"enemies":"Cultist","floor":5,"turns":4},{"damage":52,"enemies":"3 Sentries","floor":6,"turns":8},{"damage":12,"enemies":"2 Louse","floor":8,"turns":2},{"damage":92,"enemies":"Gremlin Nob","floor":10,"turns":7},{"damage":22,"enemies":"2 Fungi Beasts","floor":11,"turns":4},{"damage":23,"enemies":"3 Louse","floor":13,"turns":3},{"damage":63,"enemies":"Hexaghost","floor":16,"turns":11},{"damage":28,"enemies":"Shell Parasite","floor":18,"turns":6},{"damage":41,"enemies":"Chosen","floor":21,"turns":7},{"damage":27,"enemies":"Snake Plant","floor":25,"turns":2}],"seed_played":"4580569662134331321","potions_obtained":[{"floor":1,"key":"SteroidPotion"},{"floor":3,"key":"LiquidBronze"},{"floor":3,"key":"LiquidMemories"},{"floor":3,"key":"SkillPotion"},{"floor":6,"key":"Firefly"},{"floor":13,"key":"Swift Potion"}],"is_trial":false,"path_per_floor":["M","?","?","$","M","E","R","M","T","E","M","R","M","?","R_BF","B",null,"M","?","?","M","?","R","$","M"],"character_chosen":"YUYOKO","items_purchased":["Apotheosis","Bloom","Phantom Gift"],"campfire_rested":1,"item_purchase_floors":[4,4,24],"current_hp_per_floor":[36,25,25,25,32,18,18,30,30,14,23,23,23,23,35,20,40,34,34,34,19,19,19,19,0,0],"gold":146,"neow_bonus":"RANDOM_COMMON_RELIC","is_daily":false,"chose_seed":false,"campfire_upgraded":3,"win_rate":0.0,"timestamp":1612926355,"path_taken":["M","?","?","$","?","E","R","?","T","E","M","R","M","?","R_BF","BOSS","M","?","?","M","?","R","?","M"],"items_purchased_type":["Card","Card","Card"],"build_version":"2020-12-22","purchased_purges":0,"victory":false,"max_hp_per_floor":[40,40,40,40,40,40,40,40,40,40,40,40,40,40,40,40,40,40,40,40,40,40,40,40,40,40],"card_choices":[{"not_picked":["Steamed Phantom","Unstable Ward"],"picked":"Song of Papilio","floor":1},{"not_picked":["Unborn Light","Wandering Soul"],"picked":"Elegance","floor":3},{"not_picked":["Become Phantom","Redemption of Death"],"picked":"Mini Ghostdom","floor":5},{"not_picked":["Gone","Become Phantom"],"picked":"Mini Ghostdom","floor":6},{"not_picked":["Dark Wind","Become Phantom"],"picked":"Phantom Gift","floor":8},{"not_picked":["The Forgotten Winter","Dying Butterflies"],"picked":"The Nether","floor":10},{"not_picked":["Gather the Spring","Showy Withering"],"picked":"Serene Spring","floor":11},{"not_picked":["Dying Sakura","Bury in The Template"],"picked":"Lunch","floor":13},{"not_picked":["Float on Moon","Bury in The Template"],"picked":"Past Graveyard","floor":16},{"not_picked":["End of Faramita","Final of Final+1"],"picked":"Steamed Phantom","floor":18},{"not_picked":["Wandering Soul","Unborn Light","Unpaved Way+1"],"picked":"SKIP","floor":21}],"player_experience":314926,"relics_obtained":[{"floor":6,"key":"Meat on the Bone"},{"floor":9,"key":"Toy Ornithopter"},{"floor":10,"key":"hubris:Potato"}],"event_choices":[{"damage_healed":0,"gold_gain":75,"player_choice":"Gather Gold","damage_taken":11,"max_hp_gain":0,"max_hp_loss":0,"event_name":"World of Goop","floor":2,"gold_loss":0},{"damage_healed":0,"gold_gain":0,"player_choice":"Ignored","damage_taken":0,"max_hp_gain":0,"max_hp_loss":0,"event_name":"Golden Idol","floor":14,"gold_loss":0},{"damage_healed":0,"gold_gain":0,"player_choice":"Obtained Relic","damage_taken":0,"relics_obtained":["Nunchaku"],"max_hp_gain":0,"max_hp_loss":0,"event_name":"Addict","floor":22,"gold_loss":85}],"is_beta":false,"boss_relics":[{"not_picked":["Busted Crown","Sozu"],"picked":"Ring of Chaos"}],"items_purged_floors":[],"is_endless":false,"potions_floor_spawned":[1,6,13],"killed_by":"Snake Plant","ascension_level":0}}