{"host":"8t5dkgm85abdp22d","time":1612950013,"event":{"mods":["Act Like it!","BaseMod","Colored Powertips","Gensokyo","Hallownest","Minty Spire (QoL Compilation)","Reimu£®≤©¿ˆ¡È√Œ£©","Reliquary","Ryuuou¡˙Õı","StSLib","TheWitcher","UnlockEverythingMod","Yakumo Yukari mod","[IsaacMod]“‘»ˆº‚À˛","°æ“≈ŒÔø®≈∆°øREMEMod","≤–¡Ù÷ÆŒÔ"],"gold_per_floor":[111,111,128,128,145,175,187,187,239,310,12,26,43,60,60,155,155,155,155],"floor_reached":18,"language":"ZHS","playtime":702,"items_purged":[],"score":214,"play_id":"83662340-7f69-4f0c-b2fb-504024a07334","local_time":"20210210174013","is_ascension_mode":false,"campfire_choices":[{"data":"EpicFetus","floor":8,"key":"SMITH"},{"data":"PlaceholderMod:BaseStrike","floor":15,"key":"PURGE"}],"circlet_count":0,"master_deck":["PlaceholderMod:BaseStrike","PlaceholderMod:BaseStrike+1","PlaceholderMod:BaseStrike","PlaceholderMod:BaseStrike","PlaceholderMod:BaseDefend+1","PlaceholderMod:BaseDefend+1","PlaceholderMod:BaseDefend","PlaceholderMod:BaseDefend","PlaceholderMod:BaseDefend","PlaceholderMod:Crystal","PlaceholderMod:PoisonWhip","EpicFetus+1","PlaceholderMod:PericyclicReaction+1","PlaceholderMod:HardStrike","PlaceholderMod:CorePoison+1","REME_Flogging","PlaceholderMod:DissolvingSpikes","REME_MawOfCthun","PlaceholderMod:Activation","PlaceholderMod:Activation","DoctorFetus","Mind Blast","PlaceholderMod:SubstitutionNucleophilic1","PlaceholderMod:EvolutionSpray","PlaceholderMod:InnerStable","PlaceholderMod:DiffusionPoison","PlaceholderMod:InnerSoften"],"relics":["REME_ComplimentaryCards","HushsDoor","REME_LowDesire","Lantern","War Paint","SteamSale","PokeGo","reliquary:Boomerang","Tea:ReiMu","Peace Pipe","CaptainsWheel","ChampionBelt","GuppysTail","Damocles","MyShadow"],"acts_visited":["Exordium","TheCity"],"potions_floor_usage":[14],"damage_taken":[{"damage":6,"enemies":"Jaw Worm","floor":1,"turns":4},{"damage":0,"enemies":"Cultist","floor":3,"turns":3},{"damage":1,"enemies":"2 Louse","floor":5,"turns":2},{"damage":2,"enemies":"Lagavulin","floor":6,"turns":5},{"damage":5,"enemies":"2 Fungi Beasts","floor":7,"turns":3},{"damage":8,"enemies":"Lots of Slimes","floor":12,"turns":2},{"damage":2,"enemies":"Exordium Thugs","floor":13,"turns":4},{"damage":0,"enemies":"Large Slime","floor":14,"turns":3},{"damage":0,"enemies":"Hexaghost","floor":16,"turns":5},{"damage":29,"enemies":"Slavers","floor":18,"turns":1}],"seed_played":"8086694193511865610","potions_obtained":[{"floor":5,"key":"Swift Potion"},{"floor":7,"key":"AttackPotion"},{"floor":13,"key":"Fruit Juice"},{"floor":14,"key":"Swift Potion"}],"is_trial":false,"path_per_floor":["M","?","M","?","M","E","M","R","T","T","$","M","M","M","R","B",null,"M"],"character_chosen":"THE_PLACEHOLDER","items_purchased":["Peace Pipe","CaptainsWheel","GuppysTail","Damocles","DoctorFetus","Mind Blast","PlaceholderMod:SubstitutionNucleophilic1","PlaceholderMod:EvolutionSpray","PlaceholderMod:InnerStable","PlaceholderMod:DiffusionPoison","PlaceholderMod:InnerSoften","MyShadow"],"campfire_rested":0,"item_purchase_floors":[11,11,17,17,17,17,17,17,17,17,17,17],"current_hp_per_floor":[72,56,56,56,55,53,48,48,48,48,48,40,38,43,43,43,27,0,0],"gold":155,"neow_bonus":"BOSS_RELIC","is_daily":false,"chose_seed":false,"campfire_upgraded":1,"win_rate":0.0,"timestamp":1612950013,"path_taken":["M","?","M","?","M","E","M","R","T","?","$","?","?","M","R","BOSS","M"],"items_purchased_type":["Relic","Relic","Relic","Relic","Card","Card","Card","Card","Card","Card","Card","Relic"],"build_version":"2020-12-22","purchased_purges":0,"victory":false,"max_hp_per_floor":[78,78,78,78,78,78,78,78,78,78,78,78,78,83,83,83,27,27,27],"card_choices":[{"not_picked":[],"picked":"EpicFetus","floor":0},{"not_picked":["PlaceholderMod:EvolutionSpray","PlaceholderMod:RadicalHit","Enlightenment"],"picked":"PlaceholderMod:HardStrike","floor":1},{"not_picked":["PlaceholderMod:StressReaction","PlaceholderMod:PoisonBlast","Mind Blast"],"picked":"PlaceholderMod:CorePoison","floor":3},{"not_picked":["PlaceholderMod:DiffusionChemical","PlaceholderMod:HornyBlast","PlaceholderMod:CycleAttack"],"picked":"REME_Flogging","floor":5},{"not_picked":["PlaceholderMod:Sweep","PlaceholderMod:OHStrongAttack","REME_PuzzleBox"],"picked":"Bomb","floor":6},{"not_picked":["PlaceholderMod:ContinueSpray","PlaceholderMod:ComplexForm","BloodyBrimstone"],"picked":"PlaceholderMod:DissolvingSpikes","floor":7},{"not_picked":["PlaceholderMod:AttackAsDefend","PlaceholderMod:SprayAttack","PlaceholderMod:InnerStable"],"picked":"REME_MawOfCthun","floor":12},{"not_picked":["PlaceholderMod:StressReaction","PlaceholderMod:FastReaction","PlaceholderMod:Turn","Metamorphosis"],"picked":"SKIP","floor":13},{"not_picked":["PlaceholderMod:SubstitutionNucleophilic1","PlaceholderMod:Internalization","Bandage Up"],"picked":"PlaceholderMod:Activation","floor":14},{"not_picked":["PlaceholderMod:BlastSpray","PlaceholderMod:InnerSoften","BettingIsNotGood"],"picked":"PlaceholderMod:Activation","floor":16}],"player_experience":77728,"relics_obtained":[{"floor":0,"key":"Lantern"},{"floor":0,"key":"War Paint"},{"floor":6,"key":"PokeGo"},{"floor":9,"key":"reliquary:Boomerang"},{"floor":10,"key":"Tea:ReiMu"}],"event_choices":[{"damage_healed":0,"gold_gain":0,"player_choice":"Entered Light","damage_taken":16,"max_hp_gain":0,"max_hp_loss":0,"event_name":"Shining Light","floor":2,"gold_loss":0,"cards_upgraded":["PlaceholderMod:BaseDefend","PlaceholderMod:BaseStrike"]},{"damage_healed":0,"gold_gain":0,"player_choice":"Grow","damage_taken":0,"max_hp_gain":0,"max_hp_loss":0,"event_name":"Living Wall","floor":4,"gold_loss":0,"cards_upgraded":["PlaceholderMod:CorePoison"]}],"is_beta":false,"boss_relics":[{"not_picked":["reliquary:Ember","reliquary:WritOfMandamus"],"picked":"ChampionBelt"},{"not_picked":[]}],"items_purged_floors":[],"is_endless":false,"potions_floor_spawned":[5,7,13,14],"killed_by":"Slavers","ascension_level":20}}