{"host":"7hyhwvsa82ta6oxf","time":1612942993,"event":{"mods":["2.2 Compatiblity","Act Like it!","AlwaysNeverKeys","Arknights","BaseMod","Better Vampires","Downfall","Friendly Minions","Minty Spire (QoL Compilation)","MostiFishMod","READ ME - Guardian Mod","Spicy Shops","StSLib","Td1madao Mod","TestMod","The Servant 0.9.4","UnlockEverythingMod","Waifu the Spire","WarShipGirlsR/战舰少女R mod","Yuri Mod","【功能Mod】混沌之环修复补丁","残留之物"],"gold_per_floor":[99,112,52,13,27,27,108,18,30,46,64,64,89,89,103,206,206,6,25,36,55,55,47,93,122,122,122,522,535,552,582,596,697,697,597,611,91,106,122,133,180,180,210,210,230,230,248,274,289,289,289,289],"floor_reached":50,"language":"ZHS","playtime":1987,"items_purged":["champ:Strike","champ:Strike","champ:Strike"],"score":648,"play_id":"b0d55e13-b821-44ab-b0b4-72fcabf186e2","local_time":"20210210154313","is_ascension_mode":false,"campfire_choices":[{"data":"champ:Taunt","floor":1.0,"key":"SMITH"},{"data":"champ:StanceDance","floor":12.0,"key":"SMITH"},{"data":"champ:UltimateStance","floor":18.0,"key":"SMITH"},{"data":"champ:SteelEdge","floor":35.0,"key":"SMITH"},{"data":"champ:Improvising","floor":42.0,"key":"SMITH"}],"circlet_count":0,"master_deck":["champ:Defend","champ:Defend","champ:Defend","champ:Defend","champ:Execute","champ:Taunt+1","champ:RapidStrikes","champ:SwordSigil","champ:PerfectedStrike","champ:SkillfulDodge","champ:FanOfKnives","champ:StanceDance+1","champ:FlashCut","champ:PerfectedStrike","champ:Improvising+1","champ:UltimateStance+1","champ:DefensiveStyle","champ:TornadoPunch+1","champ:ShieldWall+1","champ:PerfectedStrike","champ:BladeFlurry+1","champ:Lariat","champ:SteelEdge+1","champ:Shatter+1","champ:PreciseThrust","champ:Circumvent+1","champ:FocusedDefense+1","expansioncontent:InvincibleStrength","champ:EnchantShield+1","champ:EnchantCrown+1"],"relics":["champ:ChampionCrown","testmod-TestBox","HereWithMe","testmod-HeartOfStrike","Darkstone Periapt","Akabeko","Sozu","downfall:HeartBlessingRed","downfall:HeartBlessingGreen","testmod-Justice","Nunchaku","testmod-OneHitWonder","Toy Ornithopter","Runic Pyramid","downfall:HeartBlessingBlue","Membership Card","PlaceholderMod:FlatBlood","Toxic Egg 2","Boot","Vajra","testmod-TestBox","Gremlin Horn"],"acts_visited":["Exordium","TheCity","TheBeyond"],"potions_floor_usage":[50],"damage_taken":[{"damage":10.0,"enemies":"Cultist","floor":2.0,"turns":2.0},{"damage":20.0,"enemies":"downfall:FleeingMerchant","floor":3.0,"turns":4.0},{"damage":30.0,"enemies":"downfall:FleeingMerchant","floor":4.0,"turns":4.0},{"damage":0.0,"enemies":"ats:Genji","floor":5.0,"turns":1.0},{"damage":35.0,"enemies":"downfall:FleeingMerchant","floor":8.0,"turns":4.0},{"damage":10.0,"enemies":"Small Slimes","floor":9.0,"turns":2.0},{"damage":2.0,"enemies":"Exordium Thugs","floor":10.0,"turns":2.0},{"damage":5.0,"enemies":"3 Louse","floor":11.0,"turns":2.0},{"damage":29.0,"enemies":"3 Sentries","floor":13.0,"turns":3.0},{"damage":3.0,"enemies":"Large Slime","floor":15.0,"turns":2.0},{"damage":31.0,"enemies":"DF_ARCHETYPE_STREAMLINE","floor":16.0,"turns":4.0},{"damage":0.0,"enemies":"Spheric Guardian","floor":19.0,"turns":1.0},{"damage":10.0,"enemies":"Centurion and Healer","floor":20.0,"turns":3.0},{"damage":3.0,"enemies":"Chosen and Byrds","floor":21.0,"turns":2.0},{"damage":0.0,"enemies":"downfall:FleeingMerchant","floor":23.0,"turns":1.0},{"damage":17.0,"enemies":"Gremlin Leader","floor":25.0,"turns":3.0},{"damage":0.0,"enemies":"Snake Plant","floor":29.0,"turns":1.0},{"damage":10.0,"enemies":"Snecko","floor":30.0,"turns":2.0},{"damage":15.0,"enemies":"Book of Stabbing","floor":31.0,"turns":3.0},{"damage":0.0,"enemies":"Sentry and Sphere","floor":32.0,"turns":3.0},{"damage":47.0,"enemies":"WA_ARCHETYPE_CALM","floor":33.0,"turns":5.0},{"damage":0.0,"enemies":"Orb Walker","floor":36.0,"turns":1.0},{"damage":5.0,"enemies":"3 Darklings","floor":38.0,"turns":4.0},{"damage":40.0,"enemies":"Transient","floor":39.0,"turns":5.0},{"damage":8.0,"enemies":"Maw","floor":40.0,"turns":5.0},{"damage":29.0,"enemies":"Giant Head","floor":43.0,"turns":6.0},{"damage":17.0,"enemies":"Sphere and 2 Shapes","floor":45.0,"turns":3.0},{"damage":5.0,"enemies":"Spire Growth","floor":47.0,"turns":3.0},{"damage":45.0,"enemies":"Nemesis","floor":48.0,"turns":4.0},{"damage":10.0,"enemies":"3 Darklings","floor":49.0,"turns":3.0},{"damage":75,"enemies":"IC_BLOCK_ARCHETYPE","floor":50,"turns":3}],"seed_played":"3668229601937281823","potions_obtained":[{"floor":2.0,"key":"AttackPotion"},{"floor":5.0,"key":"Strength Potion"},{"floor":9.0,"key":"Guardian:BlockOnCardUsePotion"},{"floor":10.0,"key":"DuplicationPotion"}],"is_trial":false,"path_per_floor":["R","M","$","$","M","?","T","$","M","M","M","R","E","?","M","B",null,"R","M","M","M","?","$","T","E","?","?","?","M","M","E","M","B",null,"R","M","$","M","M","M","T","R","E","?","M","?","M","E","M","B"],"character_chosen":"THE_CHAMP","items_purchased":["champ:PerfectedStrike","champ:FanOfKnives","testmod-Justice","Membership Card","champ:PreciseThrust","PlaceholderMod:FlatBlood","Toxic Egg 2","Boot"],"campfire_rested":0,"item_purchase_floors":[3,4,23,37,37,37,37,37],"current_hp_per_floor":[99,99,99,94,94,94,94,79,79,77,72,72,68,68,65,54,99,99,99,99,96,96,96,96,89,69,69,69,69,69,69,69,57,104,114,114,114,109,109,101,101,101,97,97,95,95,90,65,65,0,0,0],"gold":289,"neow_bonus":"TEN_PERCENT_HP_BONUS","is_daily":false,"chose_seed":false,"campfire_upgraded":5,"win_rate":0.0,"timestamp":1612942993,"path_taken":["R","M","?","$","M","?","T","$","M","M","M","R","E","?","M","BOSS","R","M","M","M","?","$","T","E","?","?","?","M","M","E","M","BOSS","R","M","$","M","M","M","T","R","E","?","M","?","M","E","M","BOSS"],"items_purchased_type":["Card","Card","Relic","Relic","Card","Relic","Relic","Relic"],"build_version":"2020-12-22","purchased_purges":3,"victory":false,"max_hp_per_floor":[99,99,99,99,99,99,99,99,99,99,99,99,99,99,99,99,99,99,99,99,99,99,99,99,99,104,104,104,104,104,104,104,104,104,114,114,114,114,114,114,114,114,114,114,114,114,114,114,114,114,114,114],"card_choices":[{"not_picked":["champ:FlashCut","champ:Haymaker"],"picked":"champ:RapidStrikes","floor":2.0},{"not_picked":["champ:PreemptiveStrike","champ:ShieldWall"],"picked":"champ:SwordSigil","floor":3.0},{"not_picked":["champ:FalseCounter","champ:RapidStrikes"],"picked":"champ:SkillfulDodge","floor":4.0},{"not_picked":["champ:Shatter","champ:BringItOn"],"picked":"champ:StanceDance","floor":5.0},{"not_picked":["champ:Duel","champ:BerserkersShout"],"picked":"champ:FlashCut","floor":8.0},{"not_picked":["champ:BladeFlurry","champ:PreemptiveStrike","champ:GladiatorStyle"],"picked":"SKIP","floor":9.0},{"not_picked":["champ:Backstep","champ:PreciseThrust"],"picked":"champ:PerfectedStrike","floor":10.0},{"not_picked":["champ:Backstep","champ:GutPunch","champ:Circumvent"],"picked":"SKIP","floor":11.0},{"not_picked":["champ:CrownThrow","champ:Duel"],"picked":"champ:Improvising","floor":13.0},{"not_picked":["champ:AdrenalArmor","champ:Backstep","champ:FanOfKnives"],"picked":"SKIP","floor":15.0},{"not_picked":["champ:SteelEdge","champ:EnchantShield"],"picked":"champ:UltimateStance","floor":16.0},{"not_picked":["champ:Circumvent","champ:SetATrap"],"picked":"champ:DefensiveStyle","floor":19.0},{"not_picked":["champ:FanOfKnives","champ:ArenaPreparation"],"picked":"champ:TornadoPunch+1","floor":20.0},{"not_picked":["champ:Shatter","champ:Encircle"],"picked":"champ:ShieldWall+1","floor":21.0},{"not_picked":["champ:DefensiveStyle","champ:Haymaker"],"picked":"champ:PerfectedStrike","floor":23.0},{"not_picked":["champ:ShieldSigil","champ:Shatter"],"picked":"champ:BladeFlurry+1","floor":25.0},{"not_picked":["champ:Backstep+1","champ:EnragedBash","champ:FlashCut"],"picked":"SKIP","floor":29.0},{"not_picked":["champ:Endure+1","champ:EnGarde+1"],"picked":"champ:Lariat","floor":30.0},{"not_picked":["champ:Duel+1","champ:FalseCounter","champ:StanceDance"],"picked":"SKIP","floor":31.0},{"not_picked":["champ:FalseCounter","champ:RapidStrikes","champ:BerserkersShout"],"picked":"SKIP","floor":32.0},{"not_picked":["champ:IgnorePain","champ:UltimateStance"],"picked":"champ:SteelEdge","floor":33.0},{"not_picked":["champ:Haymaker","champ:BladeFlurry"],"picked":"champ:Shatter+1","floor":36.0},{"not_picked":["champ:GutPunch+1","champ:DefensiveStyle+1","champ:Duel"],"picked":"SKIP","floor":38.0},{"not_picked":["champ:BerserkersShout+1","champ:DefensiveShout+1"],"picked":"champ:Circumvent+1","floor":39.0},{"not_picked":["champ:RecklessLeap+1","champ:EnGarde+1"],"picked":"champ:FocusedDefense+1","floor":40.0},{"not_picked":["champ:Encircle","champ:StanceDance+1","champ:Backstep+1"],"picked":"SKIP","floor":43.0},{"not_picked":["champ:FaceSlap+1","champ:GutPunch","champ:CrownThrow"],"picked":"SKIP","floor":45.0},{"not_picked":["expansioncontent:HyperBeam","expansioncontent:GuardianWhirl"],"picked":"expansioncontent:InvincibleStrength","floor":46.0},{"not_picked":["champ:RecklessLeap+1","champ:BringItOn+1"],"picked":"champ:EnchantShield+1","floor":47.0},{"not_picked":["champ:EnGarde+1","champ:FlashCut+1"],"picked":"champ:EnchantCrown+1","floor":48.0},{"not_picked":["champ:BringItOn+1","champ:FanOfKnives+1","champ:FaceSlap+1"],"picked":"SKIP","floor":49.0}],"player_experience":296950,"relics_obtained":[{"floor":7.0,"key":"Darkstone Periapt"},{"floor":13.0,"key":"Akabeko"},{"floor":24.0,"key":"Nunchaku"},{"floor":25.0,"key":"testmod-OneHitWonder"},{"floor":31.0,"key":"Toy Ornithopter"},{"floor":41.0,"key":"Art of War"},{"floor":43.0,"key":"Vajra"},{"floor":48.0,"key":"Gremlin Horn"}],"event_choices":[{"damage_healed":0.0,"max_hp_gain":0.0,"max_hp_loss":0.0,"gold_gain":0.0,"event_name":"Lab","player_choice":"Got Potions","floor":14.0,"gold_loss":0.0,"damage_taken":0.0},{"damage_healed":0.0,"max_hp_gain":0.0,"max_hp_loss":0.0,"gold_gain":400.0,"event_name":"恩洛斯的盘子","player_choice":"Sell","floor":28.0,"relics_lost":["DaveBox"],"gold_loss":0.0,"damage_taken":0.0},{"damage_healed":0.0,"max_hp_gain":0.0,"max_hp_loss":0.0,"gold_gain":0.0,"event_name":"给自己的盒子","player_choice":"Swap Relic","floor":44.0,"relics_lost":["Art of War"],"gold_loss":0.0,"damage_taken":0.0,"relics_obtained":["testmod-TestBox"]}],"is_beta":false,"boss_relics":[{"not_picked":["testmod-DreamHouse","MoonlightInvasionPlan"],"picked":"Sozu"},{"not_picked":["Coffee Dripper","SacredBark"],"picked":"Runic Pyramid"}],"items_purged_floors":[8,23,37],"is_endless":false,"potions_floor_spawned":[2,5,9,10,11,13,21,30,32,33,40,43,47,48],"killed_by":"IC_BLOCK_ARCHETYPE","ascension_level":0}}