{"host":"684z1xpuwaoqmmh1","time":1612960333,"event":{"mods":["A Magickal Journey","BaseMod","Downfall","Hermit","Jorbs\u0027s Wanderer Trilogy","Marisa????????","Minty Spire (QoL Compilation)","Robot Space Explorer","Shade Mod","StSLib","The Bug Knight","The Dragon Tamer","The Elementalist","The Hayseed","The Hierophant","The Marked","The Mystic","The Runesmith","The Saiyan","The Senshi","The Spell Scribe","The Vixen","TheBandit","TheFirefly"],"gold_per_floor":[217,292,311,311,329,329,363,363,387,387,387,424,460,507,519,621,633,659,370,420,445,445,485,485,268,268,268,268],"floor_reached":27,"language":"ENG","playtime":1291,"items_purged":["theSenshi:SailorKick","Writhe"],"score":462,"play_id":"4f7d445c-7f74-4ea2-a83c-0036e39b487e","local_time":"20210210143213","is_ascension_mode":true,"campfire_choices":[{"data":"theSenshi:SailorMarsAssists","floor":6,"key":"SMITH"},{"data":"theSenshi:SailorUranusAssists","floor":8,"key":"SMITH"},{"data":"theSenshi:SaturnsMystery","floor":10,"key":"SMITH"},{"data":"theSenshi:MoonPrincessHalation","floor":15,"key":"SMITH"},{"data":"theSenshi:MoonGorgeousMeditation","floor":24,"key":"SMITH"}],"circlet_count":0,"master_deck":["AscendersBane","theSenshi:SailorKick","theSenshi:SailorKick","theSenshi:SailorKick","theSenshi:SailorBlock","theSenshi:SailorBlock","theSenshi:SailorBlock","theSenshi:SailorBlock","theSenshi:RoseThrow","theSenshi:MoonPrismPowerMakeUp","theSenshi:SailorMarsAssists+1","theSenshi:TallSilhouette","theSenshi:SaturnsMystery+1","theSenshi:SailorUranusAssists+1","theSenshi:MoonPrincessHalation+1","theSenshi:SailorPlanetAttack","theSenshi:IWillPunishYou","theSenshi:MoonGorgeousMeditation+1","theSenshi:MoonTiaraMagic","theSenshi:MoonCrisisMakeUp","theSenshi:SailorMercuryAssists","theSenshi:Overload+1","theSenshi:MoonCosmicPowerMakeUp","theSenshi:SailorNeptuneAssists"],"relics":["theSenshi:TransformationBroochRelic","Golden Idol","theSenshi:TiaraRelic","Guardian:PocketSentry","MawBank","bronze:MakeshiftBattery","Medical Kit","Anchor","Singing Bowl","Turnip"],"acts_visited":["Exordium","TheCity"],"potions_floor_usage":[7,23,23],"damage_taken":[{"damage":1,"enemies":"Cultist","floor":1,"turns":4},{"damage":9,"enemies":"Jaw Worm","floor":3,"turns":2},{"damage":7,"enemies":"2 Louse","floor":5,"turns":3},{"damage":26,"enemies":"3 Sentries","floor":7,"turns":10},{"damage":5,"enemies":"Looter","floor":12,"turns":3},{"damage":0,"enemies":"3 Louse","floor":13,"turns":3},{"damage":0,"enemies":"HollowMod:MossKnight","floor":14,"turns":8},{"damage":25,"enemies":"The Guardian","floor":16,"turns":12},{"damage":11,"enemies":"Shell Parasite","floor":18,"turns":6},{"damage":5,"enemies":"2 Thieves","floor":21,"turns":3},{"damage":44,"enemies":"HollowMod:Nosk","floor":23,"turns":10},{"damage":41,"enemies":"Gremlin Leader","floor":27,"turns":8}],"seed_played":"-1151003793049527329","potions_obtained":[{"floor":3,"key":"Explosive Potion"},{"floor":7,"key":"SneckoOil"},{"floor":13,"key":"SkillPotion"},{"floor":14,"key":"Fire Potion"},{"floor":23,"key":"SteroidPotion"}],"is_trial":false,"path_per_floor":["M","?","M","?","M","R","E","R","T","R","?","M","M","E","R","B",null,"M","$","?","M","?","E","R","$","T","E"],"character_chosen":"THE_SENSHI","items_purchased":["Medical Kit","theSenshi:MoonCrisisMakeUp","theSenshi:MoonCosmicPowerMakeUp","theSenshi:SailorNeptuneAssists"],"campfire_rested":0,"item_purchase_floors":[19,19,25,25],"current_hp_per_floor":[67,56,47,47,40,40,29,29,29,29,18,28,36,52,52,42,62,51,51,51,61,61,26,26,26,26,0,0],"gold":268,"neow_bonus":"HUNDRED_GOLD","is_daily":false,"chose_seed":false,"campfire_upgraded":5,"win_rate":0.0,"timestamp":1612960333,"path_taken":["M","?","M","?","M","R","E","R","T","R","?","M","M","E","R","BOSS","M","$","?","M","?","E","R","$","T","E"],"items_purchased_type":["Relic","Card","Card","Card"],"build_version":"2020-12-22","purchased_purges":2,"victory":false,"max_hp_per_floor":[75,75,75,68,68,68,68,68,68,68,68,68,68,68,68,68,68,68,68,68,68,68,70,70,70,70,70,70],"card_choices":[{"not_picked":["theSenshi:MoonPunch","theSenshi:PlutosSolemnity"],"picked":"theSenshi:SailorMarsAssists","floor":1},{"not_picked":["theSenshi:SailorMarsAssists","theSenshi:LunasBite"],"picked":"theSenshi:TallSilhouette","floor":3},{"not_picked":["theSenshi:MarsPride","theSenshi:MoonHealingEscalation"],"picked":"theSenshi:SaturnsMystery","floor":5},{"not_picked":["theSenshi:MoonPower","theSenshi:SailorMarsAssists"],"picked":"theSenshi:SailorUranusAssists","floor":7},{"not_picked":["theSenshi:RainbowMoonHeartAche","theSenshi:SchoolBag"],"picked":"theSenshi:MoonPrincessHalation","floor":12},{"not_picked":["theSenshi:SailorVenusAssists","theSenshi:TallSilhouette"],"picked":"theSenshi:SailorPlanetAttack","floor":13},{"not_picked":["theSenshi:SailorStarMakerAssists","theSenshi:MoonPrincessHalation"],"picked":"theSenshi:IWillPunishYou","floor":14},{"not_picked":["theSenshi:InTheNameOfTheMoon","theSenshi:WarriorOfTheMoon"],"picked":"theSenshi:MoonGorgeousMeditation","floor":16},{"not_picked":["theSenshi:SailorMarsAssists","theSenshi:MoonKick"],"picked":"theSenshi:MoonTiaraMagic","floor":18},{"not_picked":["theSenshi:TallSilhouette","theSenshi:LunasBite"],"picked":"theSenshi:SailorMercuryAssists","floor":21},{"not_picked":["theSenshi:SailorMercuryAssists","theSenshi:TallSilhouette","theSenshi:SteeledNerves"],"picked":"Singing Bowl","floor":23}],"player_experience":3232372,"relics_obtained":[{"floor":7,"key":"theSenshi:TiaraRelic"},{"floor":9,"key":"Guardian:PocketSentry"},{"floor":23,"key":"Singing Bowl"},{"floor":26,"key":"Turnip"}],"event_choices":[{"damage_healed":0,"gold_gain":75,"player_choice":"Gather Gold","damage_taken":11,"max_hp_gain":0,"max_hp_loss":0,"event_name":"World of Goop","floor":2,"gold_loss":0},{"damage_healed":0,"gold_gain":0,"player_choice":"Lose Max HP","damage_taken":0,"relics_obtained":["Golden Idol"],"max_hp_gain":0,"max_hp_loss":7,"event_name":"Golden Idol","floor":4,"gold_loss":0},{"damage_healed":0,"gold_gain":0,"player_choice":"Success","damage_taken":11,"relics_obtained":["MawBank"],"max_hp_gain":0,"max_hp_loss":0,"event_name":"Scrap Ooze","floor":11,"gold_loss":0},{"damage_healed":0,"gold_gain":50,"player_choice":"Stole From Cult","damage_taken":0,"max_hp_gain":0,"max_hp_loss":0,"event_name":"Nest","floor":20,"gold_loss":0},{"damage_healed":0,"gold_gain":0,"player_choice":"Opened","damage_taken":0,"relics_obtained":["Anchor"],"max_hp_gain":0,"max_hp_loss":0,"event_name":"The Mausoleum","floor":22,"gold_loss":0,"cards_obtained":["Writhe"]}],"is_beta":false,"boss_relics":[{"not_picked":["Runic Dome","Snecko Eye"],"picked":"bronze:MakeshiftBattery"}],"items_purged_floors":[19,25],"is_endless":false,"potions_floor_spawned":[3,7,13,14,21,23],"killed_by":"Gremlin Leader","ascension_level":15}}