{"host":"rwomhe7k24zy6c7l","time":1612931453,"event":{"mods":["Act Like it!","BaseMod","Colored Powertips","Conspire","Gensokyo","Minty Spire (QoL Compilation)","RumiaBox-露米娅的神秘盒子","StSLib","The Bug Knight","WarShipGirlsR/战舰少女R mod"],"gold_per_floor":[112,136,136,136,136,164,181,181,204,233,243,254,254,68,68,68,68],"floor_reached":16,"language":"ZHS","playtime":1020,"items_purged":[],"score":108,"play_id":"5a5db060-c0ce-48e9-bfa2-b0a121986198","local_time":"20210210123053","is_ascension_mode":false,"campfire_choices":[{"data":"HollowMod:FocusHealStart","floor":8.0,"key":"SMITH"},{"data":"HollowMod:BlackTendrils","floor":13.0,"key":"SMITH"},{"data":"HollowMod:DescendingDark","floor":15.0,"key":"SMITH"}],"circlet_count":0,"master_deck":["HollowMod:NailStrikeStart","HollowMod:NailStrikeStart","HollowMod:NailStrikeStart","HollowMod:NailStrikeStart","HollowMod:QuickDashStart+1","HollowMod:QuickDashStart","HollowMod:QuickDashStart","HollowMod:QuickDashStart+1","HollowMod:FocusHealStart+1","HollowMod:PogoStrike","HollowMod:NewGlowingWomb","HollowMod:BlackTendrils+1","HollowMod:DescendingDark+1","Gensokyo:Shovel"],"relics":["HollowMod:VesselMask","War Paint","Frozen Egg 2","Ccalipers","Bag of Marbles","Sling"],"acts_visited":["Exordium"],"potions_floor_usage":[],"damage_taken":[{"damage":0.0,"enemies":"Gensokyo:3_Fairies","floor":1.0,"turns":3.0},{"damage":29.0,"enemies":"Gensokyo:Mamizou","floor":6.0,"turns":10.0},{"damage":5.0,"enemies":"Gensokyo:2_Kodama","floor":7.0,"turns":4.0},{"damage":28.0,"enemies":"Gensokyo:Aya","floor":10.0,"turns":9.0},{"damage":3.0,"enemies":"Gensokyo:Gryphon","floor":11.0,"turns":4.0},{"damage":0.0,"enemies":"Gensokyo:LivingMonolith","floor":12.0,"turns":2.0},{"damage":88,"enemies":"Gensokyo:Kokoro","floor":16,"turns":13}],"seed_played":"-6501665039375379438","potions_obtained":[{"floor":6.0,"key":"FearPotion"},{"floor":10.0,"key":"Dexterity Potion"}],"is_trial":false,"path_per_floor":["M","T","?","$","?","E","M","R","T","E","M","M","R","COS","R","B"],"character_chosen":"THE_BUGKNIGHT","items_purchased":[],"campfire_rested":0,"item_purchase_floors":[],"current_hp_per_floor":[82,82,74,74,74,55,56,56,56,38,48,51,51,51,51,0,0],"gold":68,"neow_bonus":"TEN_PERCENT_HP_BONUS","is_daily":false,"chose_seed":false,"campfire_upgraded":3,"win_rate":0.0,"timestamp":1612931453,"path_taken":["M","?","?","$","?","E","M","R","T","E","M","?","R","COS","R","BOSS"],"items_purchased_type":[],"build_version":"2020-12-22","purchased_purges":0,"victory":false,"max_hp_per_floor":[82,82,82,82,82,82,82,82,82,82,82,82,82,82,82,82,82],"card_choices":[{"not_picked":["HollowMod:WraithStrike","HollowMod:BlackTendrils"],"picked":"HollowMod:NewGlowingWomb","floor":1.0},{"not_picked":["HollowMod:HuntersJournal","HollowMod:SharpenedNail","HollowMod:WraithStrike"],"picked":"SKIP","floor":6.0},{"not_picked":["HollowMod:CornifersMapStart","HollowMod:MawleksShell","HollowMod:ShadowDash"],"picked":"SKIP","floor":7.0},{"not_picked":["HollowMod:RecoilStrike","HollowMod:PureNailStrike"],"picked":"HollowMod:BlackTendrils","floor":10.0},{"not_picked":["HollowMod:HeavyBlow","HollowMod:GoodIntentions","HollowMod:MantisMark"],"picked":"SKIP","floor":11.0},{"not_picked":["HollowMod:SoulSplash","HollowMod:LuriensSpire"],"picked":"HollowMod:DescendingDark","floor":12.0}],"player_experience":138729,"relics_obtained":[{"floor":2.0,"key":"War Paint"},{"floor":6.0,"key":"Frozen Egg 2"},{"floor":9.0,"key":"Ccalipers"},{"floor":10.0,"key":"Bag of Marbles"}],"event_choices":[{"damage_healed":0.0,"max_hp_gain":0.0,"max_hp_loss":0.0,"gold_gain":0.0,"event_name":"conspire:Investor","player_choice":"Leave","floor":5.0,"gold_loss":0.0,"damage_taken":0.0}],"is_beta":false,"boss_relics":[],"items_purged_floors":[],"is_endless":false,"potions_floor_spawned":[6,10],"killed_by":"Gensokyo:Kokoro","ascension_level":0}}