{"host":"qljq6nt1bltq73k9","time":1612952584,"event":{"mods":["BaseMod","Colored Map","Colored Powertips","Downfall","Minty Spire (QoL Compilation)","Quick Restart","Replay The Spire","StSLib","[IsaacMod]ÒÔÈö¼âËþ"],"gold_per_floor":[99999,100015,100015,100031,100051,100083,100102,99223,99249,99281,99131,99131,99159,98089,98089,98191,98191,98208,98222,97601,97612,96435,96470,96481,96491,96491,96526,96537,95845,95912,95944,95944,96042,96042,96052,96069,96069,96083,96100,96127,95577,95577,95577,95592,95592,95156,95168,95178,95178,95178,95178,95178,94405,94437,94437],"floor_reached":56,"language":"ZHS","playtime":3047,"items_purged":["Strike_B","Defend_B","Strike_B","Zap","Defend_B","ReplayTheSpireMod:Splinters","Dualcast","Strike_B"],"score":1636,"play_id":"67b52f85-27d7-434d-abc6-ce2a76e3c31c","local_time":"20210210182304","is_ascension_mode":false,"campfire_choices":[{"floor":12.0,"key":"REST"},{"floor":15.0,"key":"RECALL"},{"data":"Fission","floor":32,"key":"SMITH"},{"data":"BasicCrystalCard","floor":42,"key":"SMITH"},{"data":"Loop","floor":45,"key":"SMITH"},{"data":"Rainbow","floor":49,"key":"SMITH"},{"data":"Amplify","floor":52,"key":"SMITH"}],"circlet_count":0,"master_deck":["Strike_B","Defend_B","Defend_B","Compile Driver","BasicCrystalCard+1","Rainbow+1","Loop+1","Core Surge","Amplify+1","Barrage","Self Repair+1","Self Repair+1","EpicFetus+1","Electrodynamics+1","Leap+1","Capacitor+1","Meteor Strike","Crystallizer+1","Creative AI+1","Defragment+1","Fission+1","ReplayUltimateDefense+1","ReplayUltimateDefense+1","Force Field+1","Creative AI+1","Buffer+1","Biased Cognition+1","Capacitor+1","Static Discharge+1","Capacitor+1","Static Discharge+1","Panache+1","ReplayTheSpireMod:Brewmster+1","Heatsinks+1","Loop+1","Crystallizer+1","Reboot","Creative AI+1"],"relics":["Cracked Core","HushsDoor","GuppysPaw","Blue Candle","Regal Pillow","Tiny Chest","Onion Ring","Strange Spoon","Blue Doll","SharpPlug","Frozen Egg 2","Counterbalance","Art of War","Toolbox","Replay:Bronze Core","GuppysCollar","GuppysHairball","Damocles","Gremlin Horn","AnarchistCookbook","TheBean","Anchor","HandDrill","BelialBook","Chaos","SatanicBible","D4","Thread and Needle","Vampiric Spirits","Membership Card","TheAbacus","Tough Bandages","Ninja Scroll","HoveringKite","Question Card","Lizard Tail","OrangePellets","Replay:Bottled Steam","Pen Nib","Prayer Wheel","Toy Ornithopter","Mirror","Coffee Dripper","Leech","Eternal Feather","GuppysTail","Replay:Accelerometer","hexamod:Sixitude","ReplayTheSpireMod:Ninjato","ReplayTheSpireMod:Lightbulb","CaptainsWheel","BranchBurnRelic","Runic Pyramid","DataDisk","PreservedInsect","Calipers","The Specimen","DoctorsRemote","FrozenCore","Snake Skull","Orrery","UnicornStump","Replay:Rubber Ducky"],"acts_visited":["Exordium","TheCity","TheBeyond","TheEnding"],"potions_floor_usage":[27,33,33,33,36,48,54,54,55,55,55,55,55,55,55,55,55,55,55,55,55,55,55,55,55,55,55,55,55,55,55,55],"damage_taken":[{"damage":4.0,"enemies":"Small Slimes","floor":1.0,"turns":3.0},{"damage":3.0,"enemies":"Jaw Worm","floor":2.0,"turns":4.0},{"damage":1.0,"enemies":"Cultist","floor":4.0,"turns":3.0},{"damage":18.0,"enemies":"3 Louse","floor":5.0,"turns":3.0},{"damage":8.0,"enemies":"Gremlin Nob","floor":6.0,"turns":3.0},{"damage":6.0,"enemies":"Red Slaver","floor":7.0,"turns":4.0},{"damage":3.0,"enemies":"Lagavulin","floor":10.0,"turns":3.0},{"damage":11.0,"enemies":"Gremlin Nob","floor":13.0,"turns":4.0},{"damage":0.0,"enemies":"Fading Forest","floor":16.0,"turns":11.0},{"damage":0.0,"enemies":"3 Byrds","floor":18.0,"turns":1.0},{"damage":6.0,"enemies":"2 Thieves","floor":19.0,"turns":3.0},{"damage":0.0,"enemies":"Shelled Parasite and Fungi","floor":21.0,"turns":2.0},{"damage":0.0,"enemies":"Slavers","floor":23.0,"turns":3.0},{"damage":0.0,"enemies":"3 Cultists","floor":24.0,"turns":3.0},{"damage":0.0,"enemies":"Snake Plant","floor":25.0,"turns":2.0},{"damage":0,"enemies":"Gremlin Leader","floor":27,"turns":4},{"damage":0,"enemies":"Chosen and Byrds","floor":28,"turns":3},{"damage":0,"enemies":"Book of Stabbing","floor":31,"turns":3},{"damage":0,"enemies":"Champ","floor":33,"turns":4},{"damage":0,"enemies":"3 Shapes","floor":35,"turns":2},{"damage":0,"enemies":"3 Darklings","floor":36,"turns":1},{"damage":0,"enemies":"Transient","floor":38,"turns":5},{"damage":0,"enemies":"Maw","floor":39,"turns":3},{"damage":0,"enemies":"R_Hoarder","floor":40,"turns":1},{"damage":0,"enemies":"3 Darklings","floor":44,"turns":2},{"damage":0,"enemies":"Spire Growth","floor":47,"turns":2},{"damage":0,"enemies":"Maw","floor":48,"turns":3},{"damage":0,"enemies":"Awakened One","floor":50,"turns":5},{"damage":0,"enemies":"Shield and Spear","floor":54,"turns":1},{"damage":0,"enemies":"Delirium","floor":55,"turns":15}],"seed_played":"9097620872448172558","potions_obtained":[{"floor":4.0,"key":"bronze:BurnAndBuffPotion"},{"floor":5.0,"key":"Swift Potion"},{"floor":7.0,"key":"DistilledChaos"},{"floor":16.0,"key":"Explosive Potion"},{"floor":27,"key":"FocusPotion"},{"floor":36,"key":"SkillPotion"},{"floor":48,"key":"AttackPotion"},{"floor":54,"key":"Fire Potion"}],"is_trial":false,"path_per_floor":["M","M","?","M","M","E","M","$","T","E","?","R","E","$","R","B",null,"M","M","$","M","$","E","M","M","T","E","M","$","?","E","R","B",null,"M","M","?","M","M","E","$","R","T","M","R","$","M","M","R","B",null,"R","$","E","B",null],"character_chosen":"DEFECT","items_purchased":["Tiny Chest","Onion Ring","Strange Spoon","Loop","Core Surge","Fire Potion","Self Repair+1","EpicFetus+1","Counterbalance","Art of War","Toolbox","DistilledChaos","DuplicationPotion","GuppysCollar","GuppysHairball","Damocles","EntropicBrew","TheBean","Anchor","HandDrill","Elixir","Chaos","SatanicBible","D4","Capacitor+1","Meteor Strike","PowerPotion","Adrenaline Potion","Lizard Tail","OrangePellets","Defragment+1","Fission","EntropicBrew","SkillPotion","Replay:Bottled Steam","ReplayUltimateDefense+1","ReplayTheSpireMod:Fabricate Wheel+1","ReplayTheSpireMod:Ninjato","ReplayTheSpireMod:Lightbulb","CaptainsWheel","Panache+1","PreservedInsect","Calipers","ReplayTheSpireMod:Brewmster+1","Heatsinks+1","FrozenCore","Snake Skull","Orrery"],"campfire_rested":1,"item_purchase_floors":[8,8,8,8,8,8,14,14,14,14,14,14,14,17,17,17,17,20,20,20,20,22,22,22,22,22,22,22,29,29,29,29,29,29,29,29,29,41,41,41,41,46,46,46,46,53,53,53],"current_hp_per_floor":[78,75,70,69,51,43,37,37,37,34,34,73,62,62,62,82,45,45,45,45,45,45,45,45,45,45,45,45,45,45,45,45,45,45,45,45,45,45,45,45,45,45,45,45,45,45,45,45,45,45,45,45,45,45,45],"gold":94437,"neow_bonus":"TEN_PERCENT_HP_BONUS","is_daily":false,"chose_seed":false,"campfire_upgraded":5,"win_rate":0.0,"timestamp":1612952584,"path_taken":["M","M","?","M","?","E","M","$","T","E","?","R","E","$","R","BOSS","M","M","$","M","$","E","M","M","T","E","M","$","?","E","R","BOSS","M","M","?","M","M","E","$","R","T","M","R","$","M","M","R","BOSS","R","$","E","BOSS"],"items_purchased_type":["Relic","Relic","Relic","Card","Card","Potion","Card","Card","Relic","Relic","Relic","Potion","Potion","Relic","Relic","Relic","Potion","Relic","Relic","Relic","Potion","Card","Relic","Relic","Card","Card","Potion","Potion","Relic","Relic","Card","Card","Potion","Potion","Relic","Card","Card","Relic","Relic","Relic","Card","Relic","Relic","Card","Card","Relic","Relic","Relic"],"build_version":"2020-12-22","purchased_purges":8,"victory":true,"max_hp_per_floor":[82,82,82,82,82,82,82,82,82,82,82,82,82,82,82,82,45,45,45,45,45,45,45,45,45,45,45,45,45,45,45,45,45,45,45,45,45,45,45,45,45,45,45,45,45,45,45,45,45,45,45,45,45,45,45],"card_choices":[{"not_picked":["Beam Cell","Redo"],"picked":"Compile Driver","floor":1.0},{"not_picked":["Steam","Skim"],"picked":"Bomb","floor":2.0},{"not_picked":["Darkness","Redo"],"picked":"BasicCrystalCard","floor":4.0},{"not_picked":["Leap","BootSequence"],"picked":"Rainbow","floor":5.0},{"not_picked":["Streamline","Panic Button","Stack"],"picked":"SKIP","floor":6.0},{"not_picked":["Hello World","Beam Cell"],"picked":"Bomb","floor":7.0},{"not_picked":["Hologram","Defragment"],"picked":"Amplify","floor":10.0},{"not_picked":["Beam Cell","ReplayTheSpireMod:Reroute Power"],"picked":"Barrage","floor":13.0},{"not_picked":["Rainbow","Fission"],"picked":"Electrodynamics+1","floor":16.0},{"not_picked":["BootSequence+1","ReplaySolidLightProjector","Rebound"],"picked":"SKIP","floor":18.0},{"not_picked":["Fusion+1","Beam Cell"],"picked":"Leap+1","floor":19.0},{"not_picked":["ReplaySolidLightProjector","Beam Cell","Gash"],"picked":"SKIP","floor":21.0},{"not_picked":["Cancel+1","Melter+1"],"picked":"Crystallizer+1","floor":23.0},{"not_picked":["Gash+1","Go for the Eyes+1"],"picked":"Creative AI+1","floor":24.0},{"not_picked":["ReplayTheSpireMod:GoodbyeWorld+1","Genetic Algorithm","Fan"],"picked":"SKIP","floor":25.0},{"not_picked":["Streamline","Ball Lightning","Stack"],"picked":"SKIP","floor":27},{"not_picked":["Hologram","Compile Driver","ReplayTheSpireMod:System Scan+1"],"picked":"SKIP","floor":28},{"not_picked":["ReplayGash+1","Redo","Cold Snap"],"picked":"Force Field+1","floor":30},{"not_picked":["Thunder Strike","Cold Snap","Coolheaded"],"picked":"Buffer+1","floor":31},{"not_picked":["ReplayTheSpireMod:Fabricate Wheel","Mirror Shield","ReplayTheSpireMod:Omega Cannon"],"picked":"Biased Cognition+1","floor":33},{"not_picked":["Glacier+1","Leap+1","Pulse"],"picked":"Capacitor+1","floor":35},{"not_picked":["BasicCrystalCard+1","Go for the Eyes+1","All For One"],"picked":"Static Discharge+1","floor":35},{"not_picked":["Go for the Eyes","Stack","Beam Cell+1","Turbo+1"],"picked":"SKIP","floor":36},{"not_picked":["Panic Button","FIFO Queue+1","Beam Cell","Gash"],"picked":"SKIP","floor":36},{"not_picked":["Go for the Eyes","Stack","Time Bomb+1","Gash+1"],"picked":"SKIP","floor":38},{"not_picked":["BasicCrystalCard+1","Coolheaded","Darkness","FTL+1"],"picked":"SKIP","floor":38},{"not_picked":["Pulse+1","Lockon+1","Sweeping Beam"],"picked":"Capacitor+1","floor":39},{"not_picked":["Streamline","Cold Snap","Hologram+1"],"picked":"Static Discharge+1","floor":39},{"not_picked":["Redo+1","Multi-Cast","Cancel","Streamline+1"],"picked":"SKIP","floor":40},{"not_picked":["Barrage+1","Sweeping Beam+1","Beam Cell","Redo+1"],"picked":"SKIP","floor":44},{"not_picked":["ReplayTheSpireMod:Reroute Power","Chill","Fusion","Rip and Tear+1"],"picked":"SKIP","floor":44},{"not_picked":["Ball Lightning+1","Force Field","Fan"],"picked":"Loop+1","floor":47},{"not_picked":["Ball Lightning+1","Beam Cell","Leap+1","Barrage"],"picked":"SKIP","floor":47},{"not_picked":["Force Field","Leap+1","ReplayTheSpireMod:Calculation Training+1"],"picked":"Crystallizer+1","floor":48},{"not_picked":["BasicCrystalCard","ReplayTheSpireMod:Calculation Training","Redo","BootSequence+1"],"picked":"SKIP","floor":48},{"not_picked":["Consume","Auto Shields","Recycle+1"],"picked":"Reboot","floor":53},{"not_picked":["Defragment+1","Sweeping Beam","Leap+1"],"picked":"Creative AI+1","floor":54}],"player_experience":457946,"relics_obtained":[{"floor":6.0,"key":"Regal Pillow"},{"floor":10.0,"key":"Blue Doll"},{"floor":13.0,"key":"Frozen Egg 2"},{"floor":18.0,"key":"Gremlin Horn"},{"floor":19.0,"key":"AnarchistCookbook"},{"floor":21.0,"key":"BelialBook"},{"floor":23.0,"key":"Thread and Needle"},{"floor":23.0,"key":"Vampiric Spirits"},{"floor":24.0,"key":"Membership Card"},{"floor":25.0,"key":"TheAbacus"},{"floor":26.0,"key":"Tough Bandages"},{"floor":27,"key":"Ninja Scroll"},{"floor":27,"key":"HoveringKite"},{"floor":28,"key":"Question Card"},{"floor":30,"key":"Pen Nib"},{"floor":31,"key":"Toy Ornithopter"},{"floor":31,"key":"Mirror"},{"floor":35,"key":"Leech"},{"floor":36,"key":"Eternal Feather"},{"floor":38,"key":"GuppysTail"},{"floor":39,"key":"Dead Branch"},{"floor":40,"key":"Replay:Accelerometer"},{"floor":40,"key":"hexamod:Sixitude"},{"floor":43,"key":"Runic Pyramid"},{"floor":44,"key":"DataDisk"},{"floor":47,"key":"The Specimen"},{"floor":48,"key":"DoctorsRemote"},{"floor":54,"key":"UnicornStump"},{"floor":54,"key":"Replay:Rubber Ducky"}],"event_choices":[{"damage_healed":0.0,"max_hp_gain":0.0,"max_hp_loss":0.0,"gold_gain":0.0,"event_name":"WeMeetAgain","player_choice":"Paid Gold","floor":11.0,"gold_loss":150.0,"damage_taken":0.0,"relics_obtained":["SharpPlug"]}],"is_beta":false,"boss_relics":[{"not_picked":["SlaversCollar","Inserter"],"picked":"Replay:Bronze Core"},{"not_picked":[]},{"not_picked":["Replay:Ringing Soul","HowToJump"],"picked":"Coffee Dripper"},{"not_picked":[]}],"items_purged_floors":[8,14,20,22,29,41,46,53],"is_endless":false,"potions_floor_spawned":[4,5,7,16,21,27,31,33,36,40,47,48,54],"ascension_level":0}}