{"host":"8is2j71l4wmybkoi","time":1612966756,"event":{"mods":["AchievementEnabler","BaseMod","Colored Map","Minty Spire (QoL Compilation)","Rare Cards Sparkle","StSLib","SuperFastMode"],"gold_per_floor":[109,121,196,196,206,206,232,244,304,343,355,395,437,472,484,600,639,676,680,715,302,324,373,60,60,87,114,114,138,138,138,138,237,237,262,280,289,28,28,28,72,72,72,99,24,67,67,91,91,91,91,91,17,62,62,62],"floor_reached":55,"language":"KOR","playtime":2213,"items_purged":["Strike_G","Defend_G","Normality","Defend_G"],"score":1328,"play_id":"54a29eca-b00f-4e6e-af3d-ce0812aa095b","local_time":"20210210231916","is_ascension_mode":true,"campfire_choices":[{"data":"Envenom","floor":6.0,"key":"SMITH"},{"data":"Neutralize","floor":8.0,"key":"SMITH"},{"data":"Malaise","floor":15.0,"key":"SMITH"},{"floor":25.0,"key":"REST"},{"floor":28.0,"key":"REST"},{"data":"Panacea","floor":30.0,"key":"SMITH"},{"floor":32.0,"key":"REST"},{"data":"Mayhem","floor":40.0,"key":"SMITH"},{"floor":42.0,"key":"RECALL"},{"data":"Sadistic Nature","floor":47,"key":"SMITH"},{"data":"After Image","floor":49,"key":"SMITH"},{"data":"Cloak And Dagger","floor":52,"key":"SMITH"}],"circlet_count":0,"master_deck":["AscendersBane","Strike_G","Defend_G","Defend_G","Survivor","Neutralize+1","Escape Plan","Dagger Spray","Envenom+1","Dagger Throw","Flying Knee","Leg Sweep","Blur","Malaise+1","After Image+1","Sucker Punch+1","All Out Attack+1","Heel Hook+1","Concentrate+1","PiercingWail","Bane","Panacea+1","Deadly Poison+1","Acrobatics","Flash of Steel","Infinite Blades","Cloak And Dagger+1","Catalyst+1","After Image","Backflip","Mayhem+1","Deep Breath","Sadistic Nature+1","Calculated Gamble","Outmaneuver+1","Expertise+1"],"relics":["Ring of the Snake","Strawberry","MawBank","Oddly Smooth Stone","CeramicFish","Golden Idol","Astrolabe","Membership Card","Lantern","Sundial","Bronze Scales","Orichalcum","TheAbacus","Akabeko","Enchiridion","Cursed Key","Eternal Feather","Toy Ornithopter","Darkstone Periapt","ClockworkSouvenir","Shuriken"],"acts_visited":["Exordium","TheCity","TheBeyond","TheEnding"],"potions_floor_usage":[48,48,50,50,55],"damage_taken":[{"damage":6.0,"enemies":"Jaw Worm","floor":1.0,"turns":6.0},{"damage":0.0,"enemies":"Small Slimes","floor":2.0,"turns":3.0},{"damage":1.0,"enemies":"Cultist","floor":5.0,"turns":4.0},{"damage":10.0,"enemies":"Gremlin Nob","floor":7.0,"turns":3.0},{"damage":9.0,"enemies":"Lagavulin","floor":10.0,"turns":6.0},{"damage":0.0,"enemies":"Looter","floor":12.0,"turns":3.0},{"damage":4.0,"enemies":"2 Fungi Beasts","floor":13.0,"turns":3.0},{"damage":0.0,"enemies":"Blue Slaver","floor":14.0,"turns":5.0},{"damage":11.0,"enemies":"The Guardian","floor":16.0,"turns":13.0},{"damage":12.0,"enemies":"3 Byrds","floor":18.0,"turns":6.0},{"damage":20.0,"enemies":"2 Thieves","floor":19.0,"turns":4.0},{"damage":16.0,"enemies":"3 Cultists","floor":20.0,"turns":7.0},{"damage":1.0,"enemies":"Centurion and Healer","floor":22.0,"turns":10.0},{"damage":0.0,"enemies":"Slavers","floor":23.0,"turns":4.0},{"damage":9.0,"enemies":"Snake Plant","floor":27.0,"turns":3.0},{"damage":0.0,"enemies":"Cultist and Chosen","floor":29.0,"turns":5.0},{"damage":10.0,"enemies":"Collector","floor":33.0,"turns":8.0},{"damage":0.0,"enemies":"3 Shapes","floor":35.0,"turns":7.0},{"damage":19.0,"enemies":"Reptomancer","floor":41.0,"turns":6.0},{"damage":0,"enemies":"Orb Walker","floor":44,"turns":3},{"damage":1,"enemies":"Giant Head","floor":46,"turns":7},{"damage":0,"enemies":"3 Darklings","floor":48,"turns":4},{"damage":32,"enemies":"Donu and Deca","floor":50,"turns":7},{"damage":43,"enemies":"Shield and Spear","floor":54,"turns":8},{"damage":28,"enemies":"The Heart","floor":55,"turns":6}],"seed_played":"-3347060543588467531","potions_obtained":[{"floor":1.0,"key":"Fire Potion"},{"floor":2.0,"key":"BlessingOfTheForge"},{"floor":10.0,"key":"FearPotion"},{"floor":13.0,"key":"Strength Potion"},{"floor":19.0,"key":"Ancient Potion"},{"floor":20.0,"key":"GhostInAJar"},{"floor":22.0,"key":"DistilledChaos"},{"floor":41.0,"key":"EntropicBrew"},{"floor":54,"key":"FearPotion"}],"is_trial":false,"path_per_floor":["M","M","?","?","M","R","E","R","T","E","?","M","M","M","R","B",null,"M","M","M","$","M","E","$","R","T","M","R","M","R","?","R","B",null,"M","?","T","$","T","R","E","R","T","M","$","E","R","M","R","B",null,"R","$","E","B"],"character_chosen":"THE_SILENT","items_purchased":["Membership Card","Lantern","Sundial","Panacea","Orichalcum","TheAbacus","Flash of Steel","Infinite Blades","Strength Potion","AttackPotion","Sadistic Nature","Eternal Feather","ClockworkSouvenir"],"campfire_rested":3,"item_purchase_floors":[21,21,21,21,24,24,24,24,24,24,38,38,53],"current_hp_per_floor":[60,60,49,49,48,48,38,38,38,29,29,29,25,25,25,14,53,41,21,5,5,4,4,4,23,23,14,33,33,33,12,31,21,55,55,45,45,45,45,63,44,62,62,62,62,61,66,66,66,44,61,66,66,23,0,0],"gold":62,"neow_bonus":"RANDOM_COMMON_RELIC","is_daily":false,"chose_seed":false,"campfire_upgraded":8,"win_rate":0.0,"timestamp":1612966756,"path_taken":["M","M","?","?","?","R","E","R","T","E","?","M","M","M","R","BOSS","M","M","M","$","M","E","$","R","T","M","R","M","R","?","R","BOSS","M","?","?","?","?","R","E","R","T","M","$","E","R","M","R","BOSS","R","$","E","BOSS"],"items_purchased_type":["Relic","Relic","Relic","Card","Relic","Relic","Card","Card","Potion","Potion","Card","Relic","Relic"],"build_version":"2020-12-22","purchased_purges":4,"victory":false,"max_hp_per_floor":[73,73,73,73,73,73,73,73,73,73,66,66,66,66,66,66,66,66,66,66,66,66,66,66,66,66,66,66,66,66,66,66,66,66,66,66,66,66,66,66,66,66,66,66,66,66,66,66,66,66,66,66,66,66,66,66],"card_choices":[{"not_picked":["Cloak And Dagger","Poisoned Stab"],"picked":"Escape Plan","floor":1.0},{"not_picked":["Acrobatics","Deadly Poison"],"picked":"Dagger Spray","floor":2.0},{"not_picked":["Expertise","Catalyst"],"picked":"Dagger Throw","floor":5.0},{"not_picked":["Deflect","Backflip"],"picked":"Flying Knee","floor":7.0},{"not_picked":["Distraction","Concentrate","Sucker Punch"],"picked":"SKIP","floor":10.0},{"not_picked":["Calculated Gamble","Masterful Stab"],"picked":"Leg Sweep","floor":12.0},{"not_picked":["Skewer","Sucker Punch"],"picked":"Blur","floor":13.0},{"not_picked":["Poisoned Stab","Dodge and Roll"],"picked":"Malaise","floor":14.0},{"not_picked":["Storm of Steel","Bullet Time"],"picked":"After Image","floor":16.0},{"not_picked":["Backflip","Prepared"],"picked":"Concentrate+1","floor":18.0},{"not_picked":["Accuracy","Deadly Poison"],"picked":"PiercingWail","floor":19.0},{"not_picked":["Poisoned Stab","Prepared"],"picked":"Bane","floor":20.0},{"not_picked":["Blur","Terror"],"picked":"Deadly Poison+1","floor":22.0},{"not_picked":["Flying Knee","Dagger Throw"],"picked":"Acrobatics","floor":23.0},{"not_picked":["All Out Attack","Expertise"],"picked":"Cloak And Dagger","floor":27.0},{"not_picked":["Poisoned Stab","Blade Dance"],"picked":"Catalyst+1","floor":29.0},{"not_picked":["Tools of the Trade","Malaise"],"picked":"After Image","floor":33.0},{"not_picked":["All Out Attack+1","Flying Knee"],"picked":"Backflip","floor":35.0},{"not_picked":["Trip","Impatience"],"picked":"Mayhem","floor":36.0},{"not_picked":["Panache","Impatience"],"picked":"Deep Breath","floor":36.0},{"not_picked":["Backstab","Dodge and Roll","Concentrate"],"picked":"SKIP","floor":41.0},{"not_picked":["Outmaneuver","Deflect"],"picked":"Calculated Gamble","floor":44},{"not_picked":["Riddle With Holes+1","Escape Plan"],"picked":"Outmaneuver+1","floor":46},{"not_picked":["Sucker Punch+1","Underhanded Strike","Endless Agony"],"picked":"SKIP","floor":48},{"not_picked":["Doppelganger","Leg Sweep"],"picked":"Expertise+1","floor":54}],"player_experience":1113745,"relics_obtained":[{"floor":7.0,"key":"MawBank"},{"floor":9.0,"key":"Oddly Smooth Stone"},{"floor":10.0,"key":"CeramicFish"},{"floor":23.0,"key":"Bronze Scales"},{"floor":26.0,"key":"Akabeko"},{"floor":31.0,"key":"Enchiridion"},{"floor":41.0,"key":"Toy Ornithopter"},{"floor":46,"key":"Darkstone Periapt"},{"floor":54,"key":"Shuriken"}],"event_choices":[{"damage_healed":0.0,"max_hp_gain":0.0,"max_hp_loss":0.0,"gold_gain":75.0,"event_name":"World of Goop","player_choice":"Gather Gold","floor":3.0,"gold_loss":0.0,"damage_taken":11.0},{"damage_healed":0.0,"max_hp_gain":0.0,"max_hp_loss":0.0,"gold_gain":0.0,"cards_transformed":["Strike_G"],"event_name":"Transmorgrifier","player_choice":"Transformed","floor":4.0,"gold_loss":0.0,"damage_taken":0.0,"cards_obtained":["Envenom"]},{"damage_healed":0.0,"max_hp_gain":0.0,"max_hp_loss":7.0,"gold_gain":0.0,"event_name":"Golden Idol","player_choice":"Lose Max HP","floor":11.0,"gold_loss":0.0,"damage_taken":0.0,"relics_obtained":["Golden Idol"]},{"damage_healed":0.0,"max_hp_gain":0.0,"max_hp_loss":0.0,"gold_gain":0.0,"event_name":"Cursed Tome","player_choice":"Obtained Book","floor":31.0,"gold_loss":0.0,"damage_taken":21.0},{"damage_healed":0.0,"max_hp_gain":0.0,"max_hp_loss":0.0,"gold_gain":0.0,"event_name":"SensoryStone","player_choice":"Memory 3","floor":36.0,"gold_loss":0.0,"damage_taken":10.0}],"is_beta":false,"boss_relics":[{"not_picked":["Ectoplasm","Coffee Dripper"],"picked":"Astrolabe"},{"not_picked":["SlaversCollar","Tiny House"],"picked":"Cursed Key"}],"items_purged_floors":[21,24,38,45],"is_endless":false,"potions_floor_spawned":[1,2,10,13,19,20,22,41,54],"killed_by":"The Heart","ascension_level":15}}