{"host":"2r70pi9mmcwi9gz4","time":1612978004,"event":{"mods":["AchievementEnabler","BaseMod","Colored Map","Colored Powertips","Minty Spire (QoL Compilation)","Permanent Neow","Quick Restart","StSLib"],"gold_per_floor":[109,120,120,295,308,308,21,44,70,145,145,159,159,179,179,281,281,299,310,310,310,335,335,236,236,281,281,298,316,316,329,329,433,433,449,468,483,483,500,500,122,122,122,122,122,138,10,26,26,26,26],"floor_reached":50,"language":"ENG","playtime":2376,"items_purged":["Doubt"],"score":457,"play_id":"2d9be307-d871-4670-9823-c0f0bb863bc3","local_time":"20210210192644","is_ascension_mode":false,"campfire_choices":[{"data":"Redo","floor":6.0,"key":"SMITH"},{"floor":11.0,"key":"REST"},{"floor":13.0,"key":"REST"},{"data":"Dualcast","floor":15.0,"key":"SMITH"},{"floor":23.0,"key":"REST"},{"floor":25.0,"key":"REST"},{"floor":27.0,"key":"REST"},{"floor":32.0,"key":"REST"},{"floor":40.0,"key":"REST"},{"floor":42.0,"key":"REST"},{"floor":44.0,"key":"REST"},{"floor":49.0,"key":"REST"}],"circlet_count":0,"master_deck":["Defend_B+1","Defend_B","Defend_B","Zap+1","Dualcast+1","Streamline","Redo+1","Beam Cell","Go for the Eyes+1","Beam Cell+1","Cold Snap+1","Go for the Eyes+1","Electrodynamics","Rip and Tear+1","Ball Lightning+1","Bite+1","Bite+1","Bite+1","Bite+1","Bite+1","Double Energy+1","Steam+1","Gash+1","Steam+1","Steam+1","Echo Form","Barrage+1","Cold Snap+1","Leap+1","Ball Lightning+1","Pain"],"relics":["Cracked Core","Molten Egg 2","Odd Mushroom","Potion Belt","SlaversCollar","Red Mask","War Paint","Fusion Hammer","Membership Card","Ancient Tea Set","Toy Ornithopter","Calipers","WarpedTongs","Lee\u0027s Waffle"],"acts_visited":["Exordium","TheCity","TheBeyond"],"potions_floor_usage":[50,50,50],"damage_taken":[{"damage":7.0,"enemies":"Small Slimes","floor":1.0,"turns":3.0},{"damage":0.0,"enemies":"2 Louse","floor":2.0,"turns":1.0},{"damage":1.0,"enemies":"Jaw Worm","floor":5.0,"turns":3.0},{"damage":26.0,"enemies":"The Mushroom Lair","floor":8.0,"turns":3.0},{"damage":5.0,"enemies":"3 Louse","floor":12.0,"turns":3.0},{"damage":0.0,"enemies":"Looter","floor":14.0,"turns":3.0},{"damage":36.0,"enemies":"Hexaghost","floor":16.0,"turns":9.0},{"damage":22.0,"enemies":"Spheric Guardian","floor":18.0,"turns":6.0},{"damage":6.0,"enemies":"Shell Parasite","floor":19.0,"turns":4.0},{"damage":44.0,"enemies":"Masked Bandits","floor":22.0,"turns":4.0},{"damage":25.0,"enemies":"Centurion and Healer","floor":28.0,"turns":5.0},{"damage":15.0,"enemies":"Snake Plant","floor":29.0,"turns":3.0},{"damage":14.0,"enemies":"Chosen and Byrds","floor":31.0,"turns":6.0},{"damage":52.0,"enemies":"Champ","floor":33.0,"turns":10.0},{"damage":0.0,"enemies":"Orb Walker","floor":35.0,"turns":3.0},{"damage":29.0,"enemies":"3 Shapes","floor":36.0,"turns":5.0},{"damage":22.0,"enemies":"Transient","floor":37.0,"turns":5.0},{"damage":40.0,"enemies":"Maw","floor":39.0,"turns":7.0},{"damage":24.0,"enemies":"Sphere and 2 Shapes","floor":46.0,"turns":4.0},{"damage":25.0,"enemies":"Writhing Mass","floor":48.0,"turns":5.0},{"damage":97,"enemies":"Time Eater","floor":50,"turns":12}],"seed_played":"3191307980828316324","potions_obtained":[{"floor":5.0,"key":"ColorlessPotion"},{"floor":14.0,"key":"FearPotion"},{"floor":19.0,"key":"Swift Potion"},{"floor":22.0,"key":"SpeedPotion"},{"floor":28.0,"key":"Explosive Potion"},{"floor":35.0,"key":"SteroidPotion"},{"floor":37.0,"key":"Regen Potion"},{"floor":39.0,"key":"Block Potion"}],"is_trial":false,"path_per_floor":["M","M","?","?","M","R","$","?","T","?","R","M","R","M","R","B",null,"M","M","?","?","?","R","$","R","T","R","M","M","?","M","R","B",null,"M","M","M","?","M","R","$","R","T","R","?","M","$","M","R","B"],"character_chosen":"DEFECT","items_purchased":["Molten Egg 2","Go for the Eyes+1","Steam","Membership Card","Ancient Tea Set","Toy Ornithopter","Explosive Potion","Energy Potion","PowerPotion","Lee\u0027s Waffle","Dexterity Potion","Dexterity Potion"],"campfire_rested":10,"item_purchase_floors":[7,7,24,41,41,41,41,41,41,47,47,47],"current_hp_per_floor":[75,75,75,75,74,74,74,48,48,48,72,67,82,82,82,46,82,60,54,38,38,9,26,26,43,43,57,44,35,35,33,50,30,57,57,34,21,21,14,31,31,48,48,57,57,48,64,49,64,0,0],"gold":26,"neow_bonus":"TEN_PERCENT_HP_BONUS","is_daily":false,"chose_seed":false,"campfire_upgraded":2,"win_rate":0.0,"timestamp":1612978004,"path_taken":["M","M","?","?","M","R","$","?","T","?","R","M","R","M","R","BOSS","M","M","?","?","?","R","$","R","T","R","M","M","?","M","R","BOSS","M","?","?","?","M","R","$","R","T","R","?","?","?","M","R","BOSS"],"items_purchased_type":["Relic","Card","Card","Relic","Relic","Relic","Potion","Potion","Potion","Relic","Potion","Potion"],"build_version":"2020-12-22","purchased_purges":1,"victory":false,"max_hp_per_floor":[82,82,82,82,82,82,82,82,82,82,82,82,82,82,82,82,82,82,82,82,57,57,57,57,57,57,57,57,57,57,57,57,57,57,57,57,57,57,57,57,57,57,57,57,57,57,64,64,64,64,64],"card_choices":[{"not_picked":["Hologram","Chill"],"picked":"Streamline","floor":1.0},{"not_picked":["Turbo","Fusion"],"picked":"Redo","floor":2.0},{"not_picked":["Rebound","Stack"],"picked":"Beam Cell","floor":5.0},{"not_picked":["Multi-Cast","Barrage+1"],"picked":"Beam Cell+1","floor":8.0},{"not_picked":["Sweeping Beam+1","Defragment"],"picked":"Cold Snap+1","floor":12.0},{"not_picked":["Tempest","Double Energy"],"picked":"Go for the Eyes+1","floor":14.0},{"not_picked":["Rainbow","Amplify"],"picked":"Electrodynamics","floor":16.0},{"not_picked":["Genetic Algorithm","Double Energy"],"picked":"Rip and Tear+1","floor":18.0},{"not_picked":["Static Discharge","Undo+1"],"picked":"Ball Lightning+1","floor":19.0},{"not_picked":["Streamline+1","Sunder+1"],"picked":"Double Energy+1","floor":22.0},{"not_picked":["Reprogram","Streamline+1"],"picked":"Gash+1","floor":28.0},{"not_picked":["Rebound+1","White Noise+1"],"picked":"Steam+1","floor":29.0},{"not_picked":["Static Discharge","Darkness+1"],"picked":"Steam+1","floor":31.0},{"not_picked":["Creative AI","Amplify"],"picked":"Echo Form","floor":33.0},{"not_picked":["Turbo","Chaos+1"],"picked":"Barrage+1","floor":35.0},{"not_picked":["Gash+1","Leap"],"picked":"Cold Snap+1","floor":36.0},{"not_picked":["Cold Snap+1","Streamline+1"],"picked":"Leap+1","floor":37.0},{"not_picked":["Coolheaded","Leap"],"picked":"Ball Lightning+1","floor":39.0},{"not_picked":["Seek","Aggregate+1","Scrape+1"],"picked":"SKIP","floor":46.0},{"not_picked":["Tempest","Fusion+1","Scrape+1"],"picked":"SKIP","floor":48.0}],"player_experience":35328,"relics_obtained":[{"floor":8.0,"key":"Odd Mushroom"},{"floor":9.0,"key":"Potion Belt"},{"floor":22.0,"key":"Red Mask"},{"floor":26.0,"key":"War Paint"},{"floor":43.0,"key":"Calipers"}],"event_choices":[{"damage_healed":0.0,"max_hp_gain":0.0,"max_hp_loss":0.0,"gold_gain":0.0,"event_name":"Living Wall","player_choice":"Grow","floor":3.0,"gold_loss":0.0,"damage_taken":0.0,"cards_upgraded":["Zap"]},{"damage_healed":0.0,"max_hp_gain":0.0,"max_hp_loss":0.0,"gold_gain":175.0,"event_name":"Liars Game","player_choice":"AGREE","floor":4.0,"gold_loss":0.0,"damage_taken":0.0,"cards_obtained":["Doubt"]},{"damage_healed":0.0,"max_hp_gain":0.0,"max_hp_loss":0.0,"gold_gain":0.0,"event_name":"Mushrooms","player_choice":"Fought Mushrooms","floor":8.0,"gold_loss":0.0,"damage_taken":0.0},{"damage_healed":0.0,"max_hp_gain":0.0,"max_hp_loss":0.0,"gold_gain":75.0,"event_name":"Golden Wing","player_choice":"Gained Gold","floor":10.0,"gold_loss":0.0,"damage_taken":0.0},{"damage_healed":0.0,"max_hp_gain":0.0,"max_hp_loss":0.0,"gold_gain":0.0,"event_name":"Cursed Tome","player_choice":"Obtained Book","floor":20.0,"gold_loss":0.0,"damage_taken":16.0},{"damage_healed":0.0,"max_hp_gain":0.0,"max_hp_loss":25.0,"gold_gain":0.0,"event_name":"Vampires","player_choice":"Became a vampire","floor":21.0,"gold_loss":0.0,"damage_taken":0.0,"cards_obtained":["Bite","Bite","Bite","Bite","Bite"]},{"damage_healed":0.0,"max_hp_gain":0.0,"max_hp_loss":0.0,"gold_gain":0.0,"event_name":"Masked Bandits","player_choice":"Fought Bandits","floor":22.0,"gold_loss":0.0,"damage_taken":0.0},{"cards_removed":["Defend_R"],"damage_healed":0.0,"max_hp_gain":0.0,"max_hp_loss":0.0,"gold_gain":0.0,"event_name":"NoteForYourself","player_choice":"Took Card","floor":30.0,"gold_loss":0.0,"damage_taken":0.0,"cards_obtained":["Defend_R"]},{"cards_removed":["Defend_B"],"damage_healed":0.0,"max_hp_gain":0.0,"max_hp_loss":0.0,"gold_gain":0.0,"event_name":"Falling","player_choice":"Removed Skill","floor":38.0,"gold_loss":0.0,"damage_taken":0.0},{"damage_healed":0.0,"max_hp_gain":0.0,"max_hp_loss":0.0,"gold_gain":0.0,"event_name":"Accursed Blacksmith","player_choice":"Rummage","floor":45.0,"gold_loss":0.0,"damage_taken":0.0,"relics_obtained":["WarpedTongs"],"cards_obtained":["Pain"]}],"is_beta":false,"boss_relics":[{"not_picked":["Cursed Key","Philosopher\u0027s Stone"],"picked":"SlaversCollar"},{"not_picked":["Calling Bell","Astrolabe"],"picked":"Fusion Hammer"}],"items_purged_floors":[24],"is_endless":false,"potions_floor_spawned":[5,14,19,22,28,35,37,39],"killed_by":"Time Eater","ascension_level":0}}