{"host":"w2kjv12xyhtt0cv2","time":1612977140,"event":{"mods":["100% Spire Juice","Act Like it!","BaseMod","Colored Map","Friendly Minions","Gensokyo","GifTheSpireLib","Highlight Path","Hubris","Marisa（F雨　魔理沙）","Minty Spire (QoL Compilation)","Prisma Mod","Quick Restart","Reimu（博丽灵梦）","Relic Stats","Reliquary","Replay The Spire","Robot Space Explorer","RumiaBox-露米娅的神秘盒子","Shop Mod","Spicy Shops","StSLib","The Bug Knight","The Cursed","The Dragon Tamer","The Servant 0.9.4","UnlockEverythingMod","Waifu the Spire","[功能]功能增强和修复MOD","【功能Mod】Neow奖励","【遗物卡牌】REMEMod","没有小屋子和绿帽子啦"],"gold_per_floor":[314,314,533,146,366,397,397,424,492,49,77,88,88,305,305,377,377,588,588,55,530,545,545,570,570,570,28,28,259,0,234,234,508,508,727,727,63,63,63,63,277,512,512,62,62,288,63,539,539,519,519,519,519,752,732],"floor_reached":56,"language":"ZHS","playtime":3447,"items_purged":["TheCursedMod:Strike_TheCursed","TheCursedMod:Strike_TheCursed","hubris:Compulsion","hubris:Envy","hubris:Wrath","hubris:Envy","TheCursedMod:CursedWand","TheCursedMod:Strike_TheCursed","hubris:Greed","TheCursedMod:Defend_TheCursed"],"score":2816,"play_id":"fb5c68d8-269f-43e3-8f63-4fcd6121954c","local_time":"20210211011219","is_ascension_mode":true,"campfire_choices":[{"data":"TheCursedMod:TacticalStrike","floor":13.0,"key":"SMITH"},{"data":"TheCursedMod:LuckyCharm","floor":15.0,"key":"SMITH"},{"data":"Feel No Pain","floor":23.0,"key":"SMITH"},{"data":"TheCursedMod:CleanUpWorkshop","floor":25.0,"key":"SMITH"},{"data":"REME_FearOfPain","floor":32.0,"key":"SMITH"},{"data":"FloweringNight","floor":40.0,"key":"SMITH"},{"floor":49.0,"key":"RECALL"},{"data":"TheCursedMod:StingEye","floor":52.0,"key":"SMITH"}],"circlet_count":0,"master_deck":["AscendersBane","TheCursedMod:CleanUpWorkshop+1","TheCursedMod:Dregs","TheCursedMod:HellfireBreathing","TheCursedMod:WearCloak","TheCursedMod:TacticalStrike+1","CommonCold","TheCursedMod:CursedSpellbook","TheCursedMod:LuckyCharm+1","ReplayTheSpireMod:Faulty Equipment","TheCursedMod:Neurasthenia","Feel No Pain+1","Regret","Replay:DivineShield","Concentrate+1","REME_BodyOfCthun+1","Spreading Infection","SprinkleStarSeal+1","REME_FearOfPain+1","TheCursedMod:SpitefulPlan","TheCursedMod:AntiAging+1","CommonCold","hubris:Disease","Omniscience+1","FloweringNight+1","Thinking Ahead+1","Pain","Moonworks:Assault","Second Wind+1","Moonworks:LuckyCharm+1","ReplayTheSpireMod:IOU","Metamorphosis+1","TheCursedMod:SpitefulPlan","Pommel Strike+1","PrismaMod:IllyaSaphire+1","DTMod:Coolant+1","Voices","RobotSpaceExplorer:Counterblock+1","Ghostly Armor+1","PrepareRite:ReiMu+1","TheCursedMod:CursedSpellbook+1","FloweringNight+1","Injury","Impatience+1","Looming Evil","Pain","Poor:ReiMu","TheCursedMod:TroublousMinions+1","TheCursedMod:StingEye+1","DTMod:ComboAttack","StarlightTyphoon+1","DTMod:Training+1","Delirium"],"relics":["REME_ComplimentaryCards","REME_DemonsWealth","Akabeko","TheCursedMod:Tack","hubris:Potato","ReplayTheSpireMod:TigerMarble","reliquary:BrokenClock","Ancient Tea Set","Vajra","Black Star","Toy Ornithopter","reliquary:WeakTea","ReplayTheSpireMod:CursedCoin","PrismaticShard","HollowMod:PaleOreRelic","Chameleon Ring","Toxic Egg 2","Darkstone Periapt","Thread and Needle","REME_PuzzleBoxRelic","Orrery","Garlic","Enchiridion","Pen Nib","reliquary:OuijaBoard","reliquary:FeatherDuster","ReplayTheSpireMod:Lightbulb","REME_IWantAll","SoulBox","Membership Card","Replay:Towering Pillar of Hats","Gremlin Food","PreservedInsect","REME_CardOfGreed","hubris:Icosahedron","The Courier","GodSword1","reliquary:Knoch","DollysMirror","Bag of Preparation","Snack Pack","reliquary:RoseTintedGlasses","Replay:PocketPolymizer","reliquary:ExpiredCoupon","FossilizedHelix","MagicDraw3","reliquary:RosewoodLute","HollowMod:StagPassRelic","ReplayTheSpireMod:Ninjato"],"acts_visited":["Exordium","TheCity","TheBeyond","TheEnding"],"potions_floor_usage":[],"damage_taken":[{"damage":1.0,"enemies":"Small Slimes","floor":1.0,"turns":4.0},{"damage":6.0,"enemies":"Cultist","floor":3.0,"turns":5.0},{"damage":0.0,"enemies":"2 Louse","floor":5.0,"turns":3.0},{"damage":46.0,"enemies":"Gremlin Nob","floor":6.0,"turns":5.0},{"damage":7.0,"enemies":"3 Sentries","floor":8.0,"turns":4.0},{"damage":6.0,"enemies":"Lagavulin","floor":11.0,"turns":7.0},{"damage":0.0,"enemies":"Gremlin Gang","floor":12.0,"turns":4.0},{"damage":0.0,"enemies":"Looter","floor":14.0,"turns":2.0},{"damage":5.0,"enemies":"The Guardian","floor":16.0,"turns":8.0},{"damage":11.0,"enemies":"Shell Parasite","floor":18.0,"turns":7.0},{"damage":0.0,"enemies":"Chosen","floor":22.0,"turns":6.0},{"damage":5.0,"enemies":"Book of Stabbing","floor":24.0,"turns":7.0},{"damage":46.0,"enemies":"Slavers","floor":29.0,"turns":6.0},{"damage":0.0,"enemies":"Gremlin Leader","floor":31.0,"turns":4.0},{"damage":20.0,"enemies":"Champ","floor":33.0,"turns":9.0},{"damage":0.0,"enemies":"Orb Walker","floor":35.0,"turns":4.0},{"damage":0.0,"enemies":"3 Darklings","floor":41.0,"turns":2.0},{"damage":0.0,"enemies":"R_Hoarder","floor":42.0,"turns":4.0},{"damage":0.0,"enemies":"Giant Head","floor":46.0,"turns":5.0},{"damage":0.0,"enemies":"Donu and Deca","floor":50.0,"turns":3.0},{"damage":0,"enemies":"Shield and Spear","floor":54,"turns":2},{"damage":0,"enemies":"The Heart","floor":55,"turns":6}],"seed_played":"6075221531557111094","potions_obtained":[{"floor":3.0,"key":"SmokeBomb"},{"floor":3.0,"key":"FairyPotion"},{"floor":6.0,"key":"Explosive Potion"},{"floor":8.0,"key":"Fire Potion"},{"floor":11.0,"key":"Fire Potion"},{"floor":24.0,"key":"ColorlessPotion"},{"floor":29.0,"key":"SmokeBomb"},{"floor":33.0,"key":"LiquidMemories"}],"is_trial":false,"path_per_floor":["M","?","M","$","M","E","?","E","T","$","E","M","R","M","R","B",null,"M","?","$","?","M","R","E","R","T","$","?","E","$","E","R","B",null,"M","?","$","?","?","R","M","E","T","$","T","E","$","?","R","B",null,"R","$","E","B",null],"character_chosen":"THE_CURSED","items_purchased":["TheCursedMod:HellfireBreathing","TheCursedMod:Tack","TheCursedMod:WearCloak","TheCursedMod:TacticalStrike","reliquary:BrokenClock","Ancient Tea Set","PowerPotion","Toy Ornithopter","reliquary:WeakTea","ReplayTheSpireMod:CursedCoin","PrismaticShard","HollowMod:PaleOreRelic","Chameleon Ring","REME_PuzzleBoxRelic","Orrery","Garlic","TheCursedMod:SpitefulPlan","FairyPotion","TheCursedMod:AntiAging+1","reliquary:FeatherDuster","Membership Card","Replay:Towering Pillar of Hats","Gremlin Food","PreservedInsect","REME_CardOfGreed","Metamorphosis+1","TheCursedMod:SpitefulPlan","TheCursedMod:CursedSpellbook+1","DollysMirror","Bag of Preparation","Snack Pack","reliquary:RoseTintedGlasses","Replay:PocketPolymizer","Impatience+1"],"campfire_rested":0,"item_purchase_floors":[4,4,4,4,10,10,10,20,20,20,20,20,20,27,27,27,27,27,27,30,37,37,37,37,37,37,37,44,44,44,44,44,44,44],"current_hp_per_floor":[63,63,57,57,57,11,4,21,21,21,15,17,17,17,17,35,64,53,53,53,53,58,58,53,53,53,65,44,12,12,28,28,21,92,105,105,105,105,105,105,118,133,133,139,139,154,154,166,166,170,181,181,181,197,202],"gold":732,"neow_bonus":"BOSS_RELIC","is_daily":false,"chose_seed":false,"campfire_upgraded":7,"win_rate":0.0,"timestamp":1612977139,"path_taken":["M","?","?","$","?","E","?","E","T","$","E","M","R","M","R","BOSS","M","?","$","?","?","R","E","R","T","$","?","E","$","E","R","BOSS","M","?","$","?","?","R","?","E","T","$","?","E","$","?","R","BOSS","R","$","E","BOSS"],"items_purchased_type":["Card","Relic","Card","Card","Relic","Relic","Potion","Relic","Relic","Relic","Relic","Relic","Relic","Relic","Relic","Relic","Card","Potion","Card","Relic","Relic","Relic","Relic","Relic","Relic","Card","Card","Card","Relic","Relic","Relic","Relic","Relic","Card"],"build_version":"2020-12-22","purchased_purges":10,"victory":true,"max_hp_per_floor":[71,71,71,71,71,71,71,71,71,71,71,73,73,73,73,73,73,73,73,73,73,73,73,73,73,73,85,85,94,94,103,103,116,116,129,129,129,129,129,129,142,157,157,163,163,172,172,184,184,184,184,184,184,197,202],"relic_stats":{"Darkstone Periapt":78,"counters":[22,101],"Pen Nib":[9],"PreservedInsect":295,"Black Star":6,"Bag of Preparation":[8],"obtain_stats":[{"reliquary:OuijaBoard":29,"reliquary:FeatherDuster":30,"TheCursedMod:Tack":4,"Vajra":11,"SoulBox":34,"REME_IWantAll":31,"MagicDraw3":46,"HollowMod:StagPassRelic":54,"DollysMirror":44,"HollowMod:PaleOreRelic":20,"Toxic Egg 2":24,"TheCursedMod:BlackMagic101":0,"ReplayTheSpireMod:CursedCoin":20,"Pen Nib":29,"reliquary:WeakTea":20,"Akabeko":2,"ReplayTheSpireMod:TigerMarble":8,"reliquary:BrokenClock":10,"Black Star":17,"reliquary:Knoch":43,"GodSword1":42,"Darkstone Periapt":24,"Replay:PocketPolymizer":44,"Enchiridion":28,"Bag of Preparation":44,"Ancient Tea Set":10,"PrismaticShard":20,"REME_DemonsWealth":0,"Chameleon Ring":20,"hubris:Icosahedron":38,"reliquary:RoseTintedGlasses":44,"Gremlin Food":37,"ReplayTheSpireMod:Ninjato":54,"Replay:Towering Pillar of Hats":37,"Thread and Needle":26,"PreservedInsect":37,"The Courier":42,"reliquary:RosewoodLute":48,"reliquary:ExpiredCoupon":45,"Orrery":27,"Garlic":27,"Snack Pack":44,"Membership Card":37,"REME_CardOfGreed":37,"REME_PuzzleBoxRelic":27,"ReplayTheSpireMod:Lightbulb":31,"hubris:Potato":6,"Toy Ornithopter":20,"FossilizedHelix":46,"REME_ComplimentaryCards":0},{"reliquary:OuijaBoard":13,"reliquary:FeatherDuster":13,"TheCursedMod:Tack":2,"Vajra":6,"SoulBox":15,"REME_IWantAll":14,"MagicDraw3":19,"HollowMod:StagPassRelic":21,"DollysMirror":18,"HollowMod:PaleOreRelic":10,"Toxic Egg 2":12,"TheCursedMod:BlackMagic101":0,"ReplayTheSpireMod:CursedCoin":10,"Pen Nib":13,"reliquary:WeakTea":10,"Akabeko":1,"ReplayTheSpireMod:TigerMarble":5,"reliquary:BrokenClock":5,"Black Star":9,"reliquary:Knoch":18,"GodSword1":18,"Darkstone Periapt":12,"Replay:PocketPolymizer":18,"Enchiridion":12,"Bag of Preparation":18,"Ancient Tea Set":5,"PrismaticShard":10,"REME_DemonsWealth":0,"Chameleon Ring":10,"hubris:Icosahedron":16,"reliquary:RoseTintedGlasses":18,"Gremlin Food":16,"ReplayTheSpireMod:Ninjato":21,"Replay:Towering Pillar of Hats":16,"Thread and Needle":12,"PreservedInsect":16,"The Courier":18,"reliquary:RosewoodLute":19,"reliquary:ExpiredCoupon":18,"Orrery":12,"Garlic":12,"Snack Pack":18,"Membership Card":16,"REME_CardOfGreed":16,"REME_PuzzleBoxRelic":12,"ReplayTheSpireMod:Lightbulb":14,"hubris:Potato":4,"Toy Ornithopter":10,"FossilizedHelix":19,"REME_ComplimentaryCards":0},{"reliquary:OuijaBoard":64,"reliquary:FeatherDuster":64,"TheCursedMod:Tack":9,"Vajra":26,"SoulBox":76,"REME_IWantAll":68,"MagicDraw3":90,"HollowMod:StagPassRelic":95,"DollysMirror":86,"HollowMod:PaleOreRelic":47,"Toxic Egg 2":58,"TheCursedMod:BlackMagic101":0,"ReplayTheSpireMod:CursedCoin":47,"Pen Nib":64,"reliquary:WeakTea":47,"Akabeko":4,"ReplayTheSpireMod:TigerMarble":20,"reliquary:BrokenClock":20,"Black Star":40,"reliquary:Knoch":86,"GodSword1":86,"Darkstone Periapt":58,"Replay:PocketPolymizer":86,"Enchiridion":58,"Bag of Preparation":86,"Ancient Tea Set":20,"PrismaticShard":47,"REME_DemonsWealth":0,"Chameleon Ring":47,"hubris:Icosahedron":80,"reliquary:RoseTintedGlasses":86,"Gremlin Food":80,"ReplayTheSpireMod:Ninjato":95,"Replay:Towering Pillar of Hats":80,"Thread and Needle":58,"PreservedInsect":80,"The Courier":86,"reliquary:RosewoodLute":90,"reliquary:ExpiredCoupon":86,"Orrery":58,"Garlic":58,"Snack Pack":86,"Membership Card":80,"REME_CardOfGreed":80,"REME_PuzzleBoxRelic":58,"ReplayTheSpireMod:Lightbulb":68,"hubris:Potato":16,"Toy Ornithopter":47,"FossilizedHelix":90,"REME_ComplimentaryCards":0}],"Toy Ornithopter":10},"card_choices":[{"not_picked":["TheCursedMod:CursedAmulet","TheCursedMod:CircleOfFlame","TheCursedMod:ManaBullet"],"picked":"hubris:Wrath","floor":1.0},{"not_picked":["TheCursedMod:SurpriseAttack","TheCursedMod:CircleOfFlame","TheCursedMod:CursedMace"],"picked":"hubris:Wrath","floor":3.0},{"not_picked":["TheCursedMod:Grudge","TheCursedMod:Stigma","TheCursedMod:CircleOfWindfury"],"picked":"CommonCold","floor":5.0},{"not_picked":["TheCursedMod:CursedArmor","TheCursedMod:SpitefulStrike","hubris:Disease"],"picked":"TheCursedMod:CursedSpellbook","floor":6.0},{"not_picked":["TheCursedMod:Mangle","TheCursedMod:DarkBarrier","hubris:Lust"],"picked":"TheCursedMod:LuckyCharm","floor":8.0},{"not_picked":["TheCursedMod:WearCloak","TheCursedMod:TacticalStrike","TheCursedMod:Torture","hubris:Greed"],"picked":"SKIP","floor":11.0},{"not_picked":["TheCursedMod:CircleOfCorruption","TheCursedMod:Wield","TheCursedMod:CursedMace","Replay:Hysterical Blindness"],"picked":"SKIP","floor":12.0},{"not_picked":["TheCursedMod:SurpriseAttack","TheCursedMod:Stigma","TheCursedMod:CircleOfFlame"],"picked":"ReplayTheSpireMod:Faulty Equipment","floor":14.0},{"not_picked":["TheCursedMod:OutForBlood","TheCursedMod:StunningStrike","Replay:Sluggish"],"picked":"TheCursedMod:Neurasthenia","floor":16.0},{"not_picked":["TheCursedMod:Stretching","TheCursedMod:RavingStaff","TheCursedMod:Stigma"],"picked":"hubris:Envy","floor":18.0},{"not_picked":["FlurryOfBlows","RobotSpaceExplorer:GlueShot","Doubt"],"picked":"Replay:DivineShield","floor":22.0},{"not_picked":["PrismaMod:IllyaCommonEvoke","RobotSpaceExplorer:GlueShot+1","hubris:Wrath"],"picked":"Concentrate+1","floor":24.0},{"not_picked":["Carnage","GalacticHalo+1","Replay:Hysterical Blindness"],"picked":"REME_BodyOfCthun+1","floor":27.0},{"not_picked":["Replay:ManipulateFuture+1","Streamline","PrepareRite:ReiMu+1"],"picked":"Spreading Infection","floor":27.0},{"not_picked":["RobotSpaceExplorer:Electroshield+1","Heavy Blade","hubris:Compulsion"],"picked":"SprinkleStarSeal+1","floor":27.0},{"not_picked":["EmptyFist","DTMod:Hide+1","ReplayTheSpireMod:Faulty Equipment"],"picked":"REME_FearOfPain","floor":27.0},{"not_picked":["HollowMod:WraithStrike","Riddle With Holes","Catalyst+1"],"picked":"hubris:Envy","floor":27.0},{"not_picked":["Twin Strike","Feed","DoubleSpark+1"],"picked":"CommonCold","floor":29.0},{"not_picked":["PrismaMod:MiyuDevil+1","Conserve Battery+1","HollowMod:SoulSplash+1"],"picked":"hubris:Disease","floor":31.0},{"not_picked":["Omniscience+1","FloweringNight","Thinking Ahead+1","Pain"],"picked":"Singing Bowl","floor":33.0},{"not_picked":["Moonworks:Assault","Second Wind+1","Moonworks:LuckyCharm+1","ReplayTheSpireMod:IOU"],"picked":"Singing Bowl","floor":35.0},{"not_picked":["Pommel Strike+1","PrismaMod:IllyaSaphire+1","DTMod:Coolant+1","Voices"],"picked":"Singing Bowl","floor":41.0},{"not_picked":["RobotSpaceExplorer:Counterblock+1","Ghostly Armor+1","PrepareRite:ReiMu+1","hubris:Greed"],"picked":"Singing Bowl","floor":42.0},{"not_picked":["PrismaMod:IllyaPoisonBlock+1","Wraith Form v2","GalacticHalo+1"],"picked":"Looming Evil","floor":46.0},{"not_picked":["PiercingWail+1","RobotSpaceExplorer:MetalStrike","PrismaMod:IllyaFriendMaker"],"picked":"Poor:ReiMu","floor":48.0},{"not_picked":["DTMod:ComboAttack","StarlightTyphoon+1","DTMod:Training+1","Delirium"],"picked":"Singing Bowl","floor":54}],"player_experience":227684,"relics_obtained":[{"floor":6.0,"key":"hubris:Potato"},{"floor":8.0,"key":"ReplayTheSpireMod:TigerMarble"},{"floor":11.0,"key":"Vajra"},{"floor":24.0,"key":"Toxic Egg 2"},{"floor":24.0,"key":"Darkstone Periapt"},{"floor":26.0,"key":"Thread and Needle"},{"floor":28.0,"key":"Enchiridion"},{"floor":29.0,"key":"Pen Nib"},{"floor":29.0,"key":"reliquary:OuijaBoard"},{"floor":31.0,"key":"ReplayTheSpireMod:Lightbulb"},{"floor":31.0,"key":"REME_IWantAll"},{"floor":42.0,"key":"The Courier"},{"floor":42.0,"key":"GodSword1"},{"floor":43.0,"key":"reliquary:Knoch"},{"floor":45.0,"key":"reliquary:ExpiredCoupon"},{"floor":46.0,"key":"FossilizedHelix"},{"floor":46.0,"key":"MagicDraw3"},{"floor":48.0,"key":"reliquary:RosewoodLute"},{"floor":54,"key":"HollowMod:StagPassRelic"},{"floor":54,"key":"ReplayTheSpireMod:Ninjato"}],"event_choices":[{"cards_removed":["hubris:Wrath"],"damage_healed":0.0,"max_hp_gain":0.0,"max_hp_loss":0.0,"gold_gain":0.0,"event_name":"WeMeetAgain","player_choice":"Gave Card","floor":2.0,"gold_loss":0.0,"damage_taken":0.0,"relics_obtained":["Akabeko"]},{"cards_removed":["TheCursedMod:Strike_TheCursed"],"damage_healed":0.0,"max_hp_gain":0.0,"max_hp_loss":0.0,"gold_gain":0.0,"event_name":"Golden Wing","player_choice":"Card Removal","floor":7.0,"gold_loss":0.0,"damage_taken":7.0},{"damage_healed":0.0,"max_hp_gain":0.0,"max_hp_loss":0.0,"gold_gain":0.0,"event_name":"The Library","player_choice":"Read","floor":19.0,"gold_loss":0.0,"damage_taken":0.0,"cards_obtained":["Feel No Pain"]},{"damage_healed":0.0,"max_hp_gain":0.0,"max_hp_loss":0.0,"gold_gain":275.0,"event_name":"Golden Shrine","player_choice":"Desecrate","floor":21.0,"gold_loss":0.0,"damage_taken":0.0,"cards_obtained":["Regret"]},{"damage_healed":0.0,"max_hp_gain":0.0,"max_hp_loss":0.0,"gold_gain":0.0,"event_name":"Cursed Tome","player_choice":"Obtained Book","floor":28.0,"gold_loss":0.0,"damage_taken":21.0},{"damage_healed":0.0,"max_hp_gain":0.0,"max_hp_loss":0.0,"gold_gain":0.0,"event_name":"Tomb of Lord Red Mask","player_choice":"Ignored","floor":36.0,"gold_loss":0.0,"damage_taken":0.0},{"cards_removed":["TheCursedMod:Defend_TheCursed"],"damage_healed":0.0,"max_hp_gain":0.0,"max_hp_loss":0.0,"gold_gain":0.0,"event_name":"Purifier","player_choice":"Purged","floor":39.0,"gold_loss":0.0,"damage_taken":0.0}],"is_beta":false,"boss_relics":[{"not_picked":["EasyGame_NEW","Coffee Dripper"],"picked":"Black Star"},{"not_picked":["hubris:VirtuousBlindfold","hubris:GrandSneckoEye"],"picked":"SoulBox"}],"items_purged_floors":[4,10,20,27,30,30,30,37,44,47],"is_endless":false,"potions_floor_spawned":[3,3,6,8,11,24,29,33,54],"ascension_level":17}}