{"host":"36t3qd3wjvajtu1z","time":1612942029,"event":{"mods":["2.2 Compatiblity","AchievementEnabler","BaseMod","Bestiary","Block Reminder","Colored Powertips","Curses Come First","Highlight Path","Minty Spire (QoL Compilation)","Permanent Neow","Quick Restart","Random Character Button","Rare Cards Sparkle","Relic Stats","Slay-I","StSLib","Unknown Chances"],"gold_per_floor":[112,126,126,143,154,180,18,18,92,125,125,138,138,138],"floor_reached":13,"language":"ENG","playtime":909,"items_purged":[],"score":190,"play_id":"577f74b1-e6f7-4e95-9c53-d5bff614e802","local_time":"20210209232709","is_ascension_mode":true,"campfire_choices":[{"floor":8.0,"key":"REST"}],"circlet_count":0,"master_deck":["AscendersBane","Strike_G","Strike_G","Strike_G","Strike_G","Defend_G","Defend_G","Defend_G","Defend_G","Survivor","Neutralize","Riddle With Holes","Backflip","Malaise+1","Well Laid Plans","Phantasmal Killer","Sucker Punch","PiercingWail"],"relics":["Ring of the Snake","Pocketwatch","TwistedFunnel","Matryoshka","Snake Skull"],"acts_visited":["Exordium"],"potions_floor_usage":[],"damage_taken":[{"damage":5.0,"enemies":"Small Slimes","floor":1.0,"turns":3.0},{"damage":0.0,"enemies":"2 Louse","floor":2.0,"turns":3.0},{"damage":0.0,"enemies":"Jaw Worm","floor":4.0,"turns":5.0},{"damage":3.0,"enemies":"Exordium Wildlife","floor":5.0,"turns":5.0},{"damage":17.0,"enemies":"Gremlin Nob","floor":6.0,"turns":4.0},{"damage":30.0,"enemies":"3 Sentries","floor":10.0,"turns":7.0},{"damage":3.0,"enemies":"3 Louse","floor":12.0,"turns":3.0},{"damage":9,"enemies":"Gremlin Nob","floor":13,"turns":4}],"seed_played":"8015878590294053388","potions_obtained":[{"floor":1.0,"key":"BlessingOfTheForge"},{"floor":4.0,"key":"DistilledChaos"},{"floor":5.0,"key":"PowerPotion"}],"is_trial":false,"path_per_floor":["M","M","?","M","M","E","$","R","T","E","?","M","E"],"character_chosen":"THE_SILENT","items_purchased":["TwistedFunnel"],"campfire_rested":1,"item_purchase_floors":[7],"current_hp_per_floor":[54,54,47,47,44,27,27,46,46,16,16,13,4,4],"gold":138,"neow_bonus":"TRANSFORM_CARD","is_daily":false,"chose_seed":false,"campfire_upgraded":0,"win_rate":0.0,"timestamp":1612942029,"path_taken":["M","M","?","M","M","E","$","R","T","E","?","M","E"],"items_purchased_type":["Relic"],"build_version":"2020-12-22","purchased_purges":0,"victory":false,"max_hp_per_floor":[66,66,66,66,66,66,66,66,66,66,66,66,66,66],"relic_stats":{"counters":[8,34],"Snake Skull":[4],"obtain_stats":[{"TwistedFunnel":7,"Matryoshka":9,"Snake Skull":10,"Ring of the Snake":0,"Pocketwatch":6},{"TwistedFunnel":5,"Matryoshka":5,"Snake Skull":6,"Ring of the Snake":0,"Pocketwatch":5},{"TwistedFunnel":20,"Matryoshka":20,"Snake Skull":27,"Ring of the Snake":0,"Pocketwatch":20}],"Ring of the Snake":[16],"Pocketwatch":[27]},"card_choices":[{"not_picked":["Expertise","Blur"],"picked":"Backflip","floor":1.0},{"not_picked":["PiercingWail","Outmaneuver","Dodge and Roll"],"picked":"SKIP","floor":2.0},{"not_picked":["Poisoned Stab","Prepared"],"picked":"Malaise","floor":4.0},{"not_picked":["Flying Knee","Crippling Poison"],"picked":"Well Laid Plans","floor":5.0},{"not_picked":["Bane","Cloak And Dagger"],"picked":"Phantasmal Killer","floor":6.0},{"not_picked":["Expertise","Tactician"],"picked":"Sucker Punch","floor":10.0},{"not_picked":["Endless Agony","Quick Slash"],"picked":"PiercingWail","floor":12.0}],"player_experience":461020,"relics_obtained":[{"floor":6.0,"key":"Pocketwatch"},{"floor":9.0,"key":"Matryoshka"},{"floor":10.0,"key":"Snake Skull"}],"event_choices":[{"cards_removed":["Defend_G"],"damage_healed":0.0,"max_hp_gain":0.0,"max_hp_loss":0.0,"gold_gain":0.0,"event_name":"Golden Wing","player_choice":"Card Removal","floor":3.0,"gold_loss":0.0,"damage_taken":7.0},{"damage_healed":0.0,"max_hp_gain":0.0,"max_hp_loss":0.0,"gold_gain":0.0,"event_name":"Living Wall","player_choice":"Grow","floor":11.0,"gold_loss":0.0,"damage_taken":0.0,"cards_upgraded":["Malaise"]}],"is_beta":false,"boss_relics":[],"items_purged_floors":[],"is_endless":false,"potions_floor_spawned":[1,4,5],"killed_by":"Gremlin Nob","ascension_level":20}}