{"host":"nzc89rt2v0ulh15o","time":1612977972,"event":{"mods":["2.2 Compatiblity","BaseMod","Downfall","Hermit","Hubris","Minty Spire (QoL Compilation)","Replay The Spire","Shop Mod","StSLib","The Bug Knight","The Construct","The Cursed","The Disciple","The Hierophant","The Runesmith","The Servant 0.9.4"],"gold_per_floor":[118,42,122,135,148,148,158,169,196,196,196,229,242,242,242,242,242],"floor_reached":16,"language":"SPA","playtime":644,"items_purged":[],"score":143,"play_id":"c0b6e7bf-6faa-4ced-af5a-572b92c9e8e4","local_time":"20210210112612","is_ascension_mode":true,"campfire_choices":[{"data":"Searing Blow","floor":6,"key":"SMITH"},{"data":"Searing Blow+1","floor":10,"key":"SMITH"},{"data":"Searing Blow+2","floor":15,"key":"SMITH"}],"circlet_count":0,"master_deck":["Strike_R","Strike_R","Strike_R","Strike_R","Strike_R","Defend_R","Defend_R","Defend_R","Bash","Wild Strike","Inflame","Searing Blow+3","Ghostly Armor","Heavy Blade"],"relics":["Burning Blood","hubris:TinFlute","HollowMod:PaleOreRelic","hubris:Towel","Golden Egg"],"acts_visited":["Exordium"],"potions_floor_usage":[12,12],"damage_taken":[{"damage":6,"enemies":"Cultist","floor":1,"turns":3},{"damage":5,"enemies":"Small Slimes","floor":4,"turns":4},{"damage":9,"enemies":"2 Louse","floor":5,"turns":3},{"damage":16,"enemies":"Blue Slaver","floor":7,"turns":4},{"damage":6,"enemies":"2 Fungi Beasts","floor":8,"turns":4},{"damage":16,"enemies":"Gremlin Nob","floor":12,"turns":3},{"damage":9,"enemies":"Large Slime","floor":13,"turns":6},{"damage":56,"enemies":"Hexaghost","floor":16,"turns":9}],"seed_played":"-2668813822418942147","potions_obtained":[{"floor":5,"key":"BlessingOfTheForge"},{"floor":8,"key":"Energy Potion"}],"is_trial":false,"path_per_floor":["M","$","T","M","M","R","M","M","T","R","?","E","M","?","R","B"],"character_chosen":"IRONCLAD","items_purchased":["Inflame"],"campfire_rested":0,"item_purchase_floors":[2],"current_hp_per_floor":[80,80,80,81,78,78,68,68,68,68,68,58,55,55,55,0,0],"gold":242,"neow_bonus":"TEN_PERCENT_HP_BONUS","is_daily":false,"chose_seed":false,"campfire_upgraded":3,"win_rate":0.0,"timestamp":1612977972,"path_taken":["M","?","?","M","M","R","M","M","T","R","?","E","M","?","R","BOSS"],"items_purchased_type":["Card"],"build_version":"2020-12-22","purchased_purges":0,"victory":false,"max_hp_per_floor":[88,88,88,88,88,88,88,88,88,88,88,88,88,88,88,88,88],"card_choices":[{"not_picked":["Armaments","Pummel"],"picked":"Wild Strike","floor":1},{"not_picked":["Twin Strike","Clothesline"],"picked":"Searing Blow","floor":4},{"not_picked":["Pommel Strike","ReplayTheSpireMod:Strike From Hell"],"picked":"Ghostly Armor","floor":5},{"not_picked":["Whirlwind","Sever Soul"],"picked":"Heavy Blade","floor":7},{"not_picked":["hubris:SharpeningStone","ReplayTheSpireMod:Strike From Hell","ReplayTheSpireMod:Stacked"],"picked":"SKIP","floor":8},{"not_picked":["Clash","Entrench","Sword Boomerang"],"picked":"SKIP","floor":12},{"not_picked":["Clothesline","Evolve","Twin Strike"],"picked":"SKIP","floor":13}],"player_experience":473667,"relics_obtained":[{"floor":3,"key":"hubris:TinFlute"},{"floor":9,"key":"HollowMod:PaleOreRelic"},{"floor":12,"key":"Golden Egg"}],"event_choices":[],"is_beta":false,"boss_relics":[],"items_purged_floors":[],"is_endless":false,"potions_floor_spawned":[5,8],"killed_by":"Hexaghost","ascension_level":8}}