{"host":"5kerkh94hj8hofz6","time":1612931987,"event":{"mods":["AchievementEnabler","BaseMod","Colored Map","Colored Powertips","Highlight Path","Minty Spire (QoL Compilation)","StSLib","The Cursed","The Hierophant"],"gold_per_floor":[118,131,144,94,113,148,2,2,2,14,14,14,14,29,29,134,134,145,161,161,211,223,223,253,271,295,310,337,337,436,436,436,436,436],"floor_reached":33,"language":"ENG","playtime":1826,"items_purged":["Defend_R"],"score":394,"play_id":"61db8900-2b56-4286-a79e-dedc67e80a25","local_time":"20210210173947","is_ascension_mode":true,"campfire_choices":[{"data":"Feed","floor":8.0,"key":"SMITH"},{"data":"Bash","floor":11.0,"key":"SMITH"},{"data":"Barricade","floor":15.0,"key":"SMITH"},{"data":"True Grit","floor":23.0,"key":"SMITH"},{"floor":29,"key":"REST"},{"data":"Metallicize","floor":32,"key":"SMITH"}],"circlet_count":0,"master_deck":["Bash+1","Barricade+1","Wild Strike","Metallicize","Shrug It Off","Twin Strike","Feed+1","True Grit+1","Pommel Strike","Hemokinesis","Impervious","Demon Form","Sentinel","Feel No Pain","Iron Wave","Pummel","Rupture","Writhe","Metallicize+1","Bloodletting+1","Dual Wield"],"relics":["Burning Blood","Thread and Needle","Magic Flower","Pandora\u0027s Box","Mango","MealTicket","Lantern","Boot","Molten Egg 2"],"acts_visited":["Exordium","TheCity"],"potions_floor_usage":[24,28,28],"damage_taken":[{"damage":0.0,"enemies":"Small Slimes","floor":1.0,"turns":3.0},{"damage":3.0,"enemies":"2 Louse","floor":2.0,"turns":3.0},{"damage":11.0,"enemies":"Jaw Worm","floor":3.0,"turns":4.0},{"damage":7.0,"enemies":"Looter","floor":5.0,"turns":5.0},{"damage":32.0,"enemies":"Gremlin Nob","floor":6.0,"turns":4.0},{"damage":3.0,"enemies":"Gremlin Gang","floor":10.0,"turns":6.0},{"damage":0.0,"enemies":"2 Fungi Beasts","floor":14.0,"turns":3.0},{"damage":12.0,"enemies":"Hexaghost","floor":16.0,"turns":15.0},{"damage":4.0,"enemies":"Spheric Guardian","floor":18.0,"turns":9.0},{"damage":11.0,"enemies":"Shell Parasite","floor":19.0,"turns":8.0},{"damage":17.0,"enemies":"Snecko","floor":22.0,"turns":5.0},{"damage":70,"enemies":"Slavers","floor":24,"turns":10},{"damage":20,"enemies":"Shelled Parasite and Fungi","floor":25,"turns":13},{"damage":37,"enemies":"Centurion and Healer","floor":27,"turns":7},{"damage":35,"enemies":"Gremlin Leader","floor":28,"turns":7},{"damage":98,"enemies":"Automaton","floor":33,"turns":12}],"seed_played":"4066947004802015043","potions_obtained":[{"floor":6.0,"key":"CultistPotion"},{"floor":10.0,"key":"SteroidPotion"},{"floor":14.0,"key":"Block Potion"},{"floor":25,"key":"EssenceOfSteel"},{"floor":27,"key":"BloodPotion"},{"floor":28,"key":"Fire Potion"}],"is_trial":false,"path_per_floor":["M","M","M","?","M","E","$","R","T","M","R","?","?","M","R","B",null,"M","M","?","?","M","R","E","M","T","M","E","R","?","T","R","B"],"character_chosen":"IRONCLAD","items_purchased":["True Grit","Energy Potion"],"campfire_rested":1,"item_purchase_floors":[7,7],"current_hp_per_floor":[80,80,75,75,74,48,48,48,48,60,60,43,36,51,51,54,92,92,96,110,110,102,102,47,42,42,20,36,73,73,73,73,0,0],"gold":436,"neow_bonus":"ONE_RANDOM_RARE_CARD","is_daily":false,"chose_seed":false,"campfire_upgraded":5,"win_rate":0.0,"timestamp":1612931987,"path_taken":["M","M","M","?","M","E","$","R","T","M","R","?","?","M","R","BOSS","M","M","?","?","?","R","E","M","T","M","E","R","?","?","R","BOSS"],"items_purchased_type":["Card","Potion"],"build_version":"2020-12-22","purchased_purges":1,"victory":false,"max_hp_per_floor":[80,80,80,80,80,80,80,80,80,84,84,84,84,88,88,92,92,92,96,110,110,110,110,114,118,118,122,126,126,126,126,126,126,126],"card_choices":[{"not_picked":["Heavy Blade","Clash"],"picked":"Wild Strike","floor":1.0},{"not_picked":["Armaments","Carnage"],"picked":"Metallicize","floor":2.0},{"not_picked":["Headbutt","Flex"],"picked":"Shrug It Off","floor":3.0},{"not_picked":["Clash","Heavy Blade"],"picked":"Twin Strike","floor":5.0},{"not_picked":["Intimidate","Twin Strike"],"picked":"Feed","floor":6.0},{"not_picked":["Sword Boomerang","Searing Blow"],"picked":"Pommel Strike","floor":10.0},{"not_picked":["Armaments","Perfected Strike"],"picked":"Hemokinesis","floor":14.0},{"not_picked":["Double Tap","Limit Break"],"picked":"Impervious","floor":16.0},{"not_picked":["Intimidate","Shrug It Off","Wild Strike"],"picked":"SKIP","floor":18.0},{"not_picked":["Armaments","Rampage","Thunderclap"],"picked":"SKIP","floor":19.0},{"not_picked":["Flex","Dropkick"],"picked":"Metallicize","floor":22.0},{"not_picked":["Body Slam","Juggernaut","Armaments"],"picked":"SKIP","floor":24},{"not_picked":["Headbutt","Dark Embrace"],"picked":"Bloodletting+1","floor":25},{"not_picked":["Combust+1","Iron Wave","Clothesline"],"picked":"SKIP","floor":27},{"not_picked":["Combust+1","Clash"],"picked":"Dual Wield","floor":28}],"player_experience":425967,"relics_obtained":[{"floor":6.0,"key":"Thread and Needle"},{"floor":9.0,"key":"Magic Flower"},{"floor":24,"key":"MealTicket"},{"floor":26,"key":"Lantern"},{"floor":28,"key":"Boot"},{"floor":31,"key":"Molten Egg 2"}],"event_choices":[{"cards_removed":["Strike_R"],"damage_healed":0.0,"max_hp_gain":0.0,"max_hp_loss":0.0,"gold_gain":0.0,"event_name":"The Cleric","player_choice":"Card Removal","floor":4.0,"gold_loss":50.0,"damage_taken":0.0},{"damage_healed":0.0,"max_hp_gain":0.0,"max_hp_loss":0.0,"gold_gain":0.0,"event_name":"Shining Light","player_choice":"Entered Light","floor":12.0,"gold_loss":0.0,"damage_taken":17.0,"cards_upgraded":["Defend_R","Strike_R"]},{"cards_removed":["Strike_R"],"damage_healed":0.0,"max_hp_gain":0.0,"max_hp_loss":0.0,"gold_gain":0.0,"event_name":"Golden Wing","player_choice":"Card Removal","floor":13.0,"gold_loss":0.0,"damage_taken":7.0},{"damage_healed":0.0,"max_hp_gain":0.0,"max_hp_loss":0.0,"gold_gain":0.0,"event_name":"The Mausoleum","player_choice":"Opened","floor":20.0,"gold_loss":0.0,"damage_taken":0.0,"relics_obtained":["Mango"],"cards_obtained":["Writhe"]},{"damage_healed":0.0,"max_hp_gain":0.0,"max_hp_loss":0.0,"gold_gain":100.0,"event_name":"The Joust","player_choice":"Bet on Murderer","floor":21.0,"gold_loss":50.0,"damage_taken":0.0},{"damage_healed":0,"gold_gain":99,"player_choice":"Stole From Cult","damage_taken":0,"max_hp_gain":0,"max_hp_loss":0,"event_name":"Nest","floor":30,"gold_loss":0}],"is_beta":false,"boss_relics":[{"not_picked":["SacredBark","SlaversCollar"],"picked":"Pandora\u0027s Box"}],"items_purged_floors":[7],"is_endless":false,"potions_floor_spawned":[6,10,14,16,18,25,27,28],"killed_by":"Automaton","ascension_level":4}}