{"host":"ppgxiu8l5yxvf2gn","time":1612970107,"event":{"mods":["100% Spire Juice","BaseMod","Koishi","Marisa£¨Ùöéë¡¡Øª×âÞÞ£©","Minty Spire (QoL Compilation)","StSLib","Td1madao Mod","The Gatherer","WarShipGirlsR/??á´Ò³R mod"],"gold_per_floor":[9119,9119,9119,7783,7783,7818,7836,7865,7865,7885,7904,7935,7056,7074,7074,7173,7173,7187,7112,7082,7092,5965,5965,5982,5997,5997,6023,4889,4889,4915,4932,4932,5033,5033,5049,5066,5066,5079,5094,5094,4498,0,0,0,11,11,11,11,11],"floor_reached":48,"language":"KOR","playtime":3167,"items_purged":["Moonworks:Strike"],"score":815,"play_id":"39811c8a-81cf-40cb-a382-7dd26cfaa2b1","local_time":"20210211001507","is_ascension_mode":false,"campfire_choices":[{"floor":15,"key":"REST"},{"floor":23,"key":"RECALL"},{"data":"Metamorphosis","floor":29,"key":"SMITH"},{"data":"Enlightenment","floor":32,"key":"SMITH"},{"data":"Moonworks:LuckyCharm","floor":40,"key":"SMITH"}],"circlet_count":0,"master_deck":["Moonworks:Strike","Moonworks:Strike","Moonworks:Strike","Moonworks:Defend","Moonworks:Defend","Moonworks:Defend","Moonworks:Ambush","Moonworks:LongDistanceShot","Moonworks:BigBangBell","Finesse","Moonworks:RagingMadness+1","Metamorphosis+1","Moonworks:RocketCannon","Moonworks:JonathanRush","Moonworks:SakisCookie","Moonworks:JonathanRush","Moonworks:SakisCookie","Moonworks:DeployBits","Moonworks:JonathanRush","Moonworks:EvilSpyWorkPreparation","Moonworks:CloudOfSeagulls","Moonworks:CrystalBarrier+1","Moonworks:SakisCookie","Moonworks:LulusLuckyEgg","Moonworks:CrystalBarrier+1","CurseOfTheBell","Moonworks:RedAndBlue","Moonworks:Assault","Enlightenment+1","Master of Strategy","Moonworks:SakisCookie","Moonworks:Assault","Moonworks:WindyEnchantment","Moonworks:NicePresent","Moonworks:SweetBattle","Moonworks:StiffCrystal","Secret Weapon","Dramatic Entrance","Moonworks:JonathanRush","Moonworks:LuckyCharm+1","Moonworks:Assault","Moonworks:StiffCrystal+1","Moonworks:CloudOfSeagulls","Moonworks:CrystalBarrier+1","Moonworks:JonathanRush+1","Moonworks:JonathanRush+1","Wraith","Moonworks:MeltingMemories+1","Moonworks:NicePresent+1","Flash of Steel","Regret","Moonworks:JonathanRush+1","Decay","Writhe"],"relics":["Moonworks:BrokenBomb","Moonworks:Homemark","Frozen Egg 2","Calipers","Pear","OrangePellets","Meat on the Bone","Sundial","Bottled Lightning","Torii","Ornamental Fan","Orrery","Calling Bell","Lantern","Darkstone Periapt","Dead Branch","Thread and Needle","Moonworks:GoldenDie","Bottled Flame","White Beast Statue","Tiny Chest","Sling","Ginger","Centennial Puzzle","Shuriken","Cursed Key","MealTicket","Happy Flower","Medical Kit","Red Mask","HornCleat","Moonworks:LittleGull","Orichalcum"],"acts_visited":["Exordium","TheCity","TheBeyond"],"potions_floor_usage":[6,12,12,12,16,16,16,27,27,27,27,27,27,31,33,33,33,38,38],"damage_taken":[{"damage":0,"enemies":"2 Louse","floor":1,"turns":4},{"damage":20,"enemies":"3 Sentries","floor":6,"turns":6},{"damage":7,"enemies":"Cultist","floor":7,"turns":4},{"damage":26,"enemies":"Lagavulin","floor":8,"turns":6},{"damage":4,"enemies":"Jaw Worm","floor":10,"turns":3},{"damage":25,"enemies":"Large Slime","floor":11,"turns":4},{"damage":19,"enemies":"3 Sentries","floor":12,"turns":4},{"damage":15,"enemies":"3 Louse","floor":14,"turns":2},{"damage":13,"enemies":"The Guardian","floor":16,"turns":13},{"damage":2,"enemies":"Chosen","floor":18,"turns":7},{"damage":44,"enemies":"3 Byrds","floor":21,"turns":3},{"damage":0,"enemies":"Snecko","floor":24,"turns":8},{"damage":5,"enemies":"Chosen and Byrds","floor":25,"turns":10},{"damage":1,"enemies":"Slavers","floor":27,"turns":3},{"damage":18,"enemies":"Gremlin Leader","floor":30,"turns":3},{"damage":1,"enemies":"3 Cultists","floor":31,"turns":5},{"damage":24,"enemies":"Collector","floor":33,"turns":7},{"damage":16,"enemies":"3 Darklings","floor":35,"turns":6},{"damage":1,"enemies":"Orb Walker","floor":36,"turns":5},{"damage":2,"enemies":"Writhing Mass","floor":38,"turns":5},{"damage":24,"enemies":"Spire Growth","floor":39,"turns":4},{"damage":0,"enemies":"Maw","floor":45,"turns":3},{"damage":981,"enemies":"Reptomancer","floor":48,"turns":5}],"seed_played":"1880713451221101735","potions_obtained":[{"floor":6,"key":"DuplicationPotion"},{"floor":7,"key":"LiquidMemories"},{"floor":10,"key":"SteroidPotion"},{"floor":18,"key":"LiquidMemories"},{"floor":20,"key":"Strength Potion"},{"floor":20,"key":"EntropicBrew"},{"floor":25,"key":"DuplicationPotion"},{"floor":27,"key":"Explosive Potion"},{"floor":31,"key":"Regen Potion"},{"floor":33,"key":"EssenceOfSteel"},{"floor":35,"key":"Energy Potion"},{"floor":36,"key":"SteroidPotion"},{"floor":38,"key":"PowerPotion"},{"floor":39,"key":"SneckoOil"}],"is_trial":false,"path_per_floor":["M","?","?","$","?","E","M","E","T","M","M","E","$","M","R","B",null,"M","?","?","M","$","R","M","M","T","E","$","R","E","M","R","B",null,"M","M","?","M","M","R","$","?","T","$","M","T","T","E"],"character_chosen":"THE_STARBREAKER","items_purchased":["Calipers","Pear","Finesse","Moonworks:RagingMadness+1","Metamorphosis","OrangePellets","PowerPotion","Moonworks:RocketCannon","Torii","Ornamental Fan","Energy Potion","BlessingOfTheForge","LiquidMemories","Orrery","Enlightenment","Master of Strategy","Moonworks:SakisCookie","Moonworks:Assault","Thread and Needle","Moonworks:GoldenDie","Bottled Flame","Moonworks:WindyEnchantment","Sling","Ginger","Centennial Puzzle","Secret Weapon","Dramatic Entrance","Moonworks:JonathanRush","Moonworks:LuckyCharm","Moonworks:Assault","PowerPotion","PowerPotion","MealTicket","Happy Flower","Medical Kit","Flash of Steel","EssenceOfSteel"],"campfire_rested":1,"item_purchase_floors":[4,4,4,4,4,4,4,4,13,13,13,13,13,13,22,22,22,22,22,22,22,22,28,28,28,28,28,28,28,28,28,28,41,41,41,41,41],"current_hp_per_floor":[66,63,63,73,73,53,46,32,32,40,29,22,22,19,41,38,76,74,74,74,42,42,42,42,49,49,55,55,55,49,50,50,47,76,66,67,73,71,47,47,47,47,53,68,68,74,80,0,0],"gold":11,"neow_bonus":"TEN_PERCENT_HP_BONUS","is_daily":false,"chose_seed":false,"campfire_upgraded":3,"win_rate":0.0,"timestamp":1612970107,"path_taken":["M","?","?","$","?","E","M","E","T","M","M","E","$","M","R","BOSS","M","?","?","M","$","R","M","M","T","E","$","R","E","M","R","BOSS","M","M","?","M","M","R","$","?","T","$","M","?","?","E"],"items_purchased_type":["Relic","Relic","Card","Card","Card","Relic","Potion","Card","Relic","Relic","Potion","Potion","Potion","Relic","Card","Card","Card","Card","Relic","Relic","Relic","Card","Relic","Relic","Relic","Card","Card","Card","Card","Card","Potion","Potion","Relic","Relic","Relic","Card","Potion"],"build_version":"2020-12-22","purchased_purges":1,"victory":false,"max_hp_per_floor":[66,66,66,76,76,76,76,76,76,76,76,76,76,76,76,76,76,76,76,76,76,76,76,76,76,76,76,76,76,76,76,76,76,76,76,76,82,82,82,82,82,82,88,88,88,94,100,100,100],"card_choices":[{"not_picked":["Moonworks:SakisCookie","Moonworks:CloudOfSeagulls"],"picked":"Moonworks:BigBangBell","floor":1},{"not_picked":["Moonworks:MiracleRedBeanIceCream","Moonworks:ImOnFire"],"picked":"Moonworks:JonathanRush","floor":6},{"not_picked":["Moonworks:Assault","Moonworks:NicePresent"],"picked":"Moonworks:SakisCookie","floor":7},{"not_picked":["Moonworks:SubspaceTunnel","Moonworks:AwakeningOfTalent"],"picked":"Moonworks:JonathanRush","floor":8},{"not_picked":["Moonworks:CloudOfSeagulls","Moonworks:StiffCrystal"],"picked":"Moonworks:SakisCookie","floor":10},{"not_picked":["Moonworks:LulusLuckyEgg","Moonworks:NicePresent"],"picked":"Moonworks:DeployBits","floor":11},{"not_picked":["Moonworks:UnpaidWork","Moonworks:CastOff"],"picked":"Moonworks:LeapThroughSpace+1","floor":12},{"not_picked":["Moonworks:NicePresent","Moonworks:Assault"],"picked":"Moonworks:JonathanRush","floor":13},{"not_picked":["Moonworks:DeployBits","Moonworks:BigMagnum"],"picked":"Moonworks:EvilSpyWorkPreparation","floor":13},{"not_picked":["Moonworks:CookingTime","Moonworks:AwakeningOfTalent"],"picked":"Moonworks:CloudOfSeagulls","floor":13},{"not_picked":["Moonworks:JonathanRush","Moonworks:PlushieMaster"],"picked":"Moonworks:CrystalBarrier+1","floor":13},{"not_picked":["Moonworks:LulusLuckyEgg","Moonworks:Assault"],"picked":"Moonworks:SakisCookie","floor":13},{"not_picked":["Moonworks:DeployBits","Moonworks:EvilSpyWorkPreparation"],"picked":"Moonworks:LulusLuckyEgg","floor":14},{"not_picked":["Moonworks:ShieldCounter","Moonworks:OutOfAmmo+1"],"picked":"Moonworks:CrystalBarrier+1","floor":16},{"not_picked":["Moonworks:ImOnFire","Moonworks:CloudOfSeagulls"],"picked":"Moonworks:RedAndBlue","floor":18},{"not_picked":["Moonworks:IndiscriminateFireSupport","Moonworks:WeAreWaruda"],"picked":"Moonworks:Assault","floor":21},{"not_picked":["Moonworks:ScrambledEve","Moonworks:IndiscriminateFireSupport+1"],"picked":"Moonworks:NicePresent","floor":24},{"not_picked":["Moonworks:BigMagnum","Moonworks:ScrambledEve"],"picked":"Moonworks:SweetBattle","floor":25},{"not_picked":["Moonworks:BigMagnum","Moonworks:AwakeningOfTalent"],"picked":"Moonworks:StiffCrystal","floor":27},{"not_picked":["Moonworks:RagingMadness+1","Moonworks:FinalSurgery"],"picked":"Moonworks:StiffCrystal+1","floor":30},{"not_picked":["Moonworks:IntelligenceOfficer+1","Moonworks:ReproductionOfRecords"],"picked":"Moonworks:CloudOfSeagulls","floor":31},{"not_picked":["Moonworks:ReflectiveShell+1","Moonworks:HolyNight+1"],"picked":"Moonworks:CrystalBarrier+1","floor":33},{"not_picked":["Moonworks:BigMagnum+1","Moonworks:Heat300Percent+1"],"picked":"Moonworks:JonathanRush+1","floor":35},{"not_picked":["Moonworks:NicePresent","Moonworks:Assault"],"picked":"Moonworks:JonathanRush+1","floor":36},{"not_picked":["Moonworks:DevilHand+1","Moonworks:BackdoorTrade+1"],"picked":"Moonworks:MeltingMemories+1","floor":38},{"not_picked":["Moonworks:Assault","Moonworks:CloudOfSeagulls+1"],"picked":"Moonworks:NicePresent+1","floor":39},{"not_picked":["Moonworks:SakisCookie+1","Moonworks:x16BigRocket+1"],"picked":"Moonworks:JonathanRush+1","floor":45}],"player_experience":88669,"relics_obtained":[{"floor":6,"key":"Meat on the Bone"},{"floor":8,"key":"Sundial"},{"floor":12,"key":"Bottled Lightning"},{"floor":17,"key":"Lantern"},{"floor":17,"key":"Darkstone Periapt"},{"floor":17,"key":"Dead Branch"},{"floor":26,"key":"White Beast Statue"},{"floor":27,"key":"Tiny Chest"},{"floor":30,"key":"Shuriken"},{"floor":43,"key":"HornCleat"},{"floor":46,"key":"Moonworks:LittleGull"},{"floor":47,"key":"Orichalcum"}],"event_choices":[{"damage_healed":0,"gold_gain":0,"player_choice":"Success","damage_taken":3,"relics_obtained":["Frozen Egg 2"],"max_hp_gain":0,"max_hp_loss":0,"event_name":"Scrap Ooze","floor":2,"gold_loss":0},{"damage_healed":0,"gold_gain":0,"player_choice":"Ignored","damage_taken":0,"max_hp_gain":0,"max_hp_loss":0,"event_name":"Golden Idol","floor":3,"gold_loss":0},{"cards_removed":["Moonworks:Defend"],"damage_healed":0,"gold_gain":0,"player_choice":"Purged","damage_taken":0,"max_hp_gain":0,"max_hp_loss":0,"event_name":"Purifier","floor":5,"gold_loss":0},{"cards_removed":["Moonworks:LeapThroughSpace"],"damage_healed":0,"gold_gain":0,"player_choice":"Gave Gold","damage_taken":0,"max_hp_gain":0,"max_hp_loss":0,"event_name":"Beggar","floor":19,"gold_loss":75},{"damage_healed":0,"gold_gain":0,"player_choice":"Bought 2 Potions","damage_taken":0,"max_hp_gain":0,"max_hp_loss":0,"event_name":"The Woman in Blue","floor":20,"gold_loss":0},{"damage_healed":0,"gold_gain":0,"player_choice":"Ignored","damage_taken":0,"max_hp_gain":0,"max_hp_loss":0,"event_name":"OrinTheCat","floor":37,"gold_loss":0},{"damage_healed":0,"gold_gain":0,"player_choice":"Paid","damage_taken":0,"relics_obtained":["Red Mask"],"max_hp_gain":0,"max_hp_loss":0,"event_name":"Tomb of Lord Red Mask","floor":42,"gold_loss":4498}],"is_beta":false,"boss_relics":[{"not_picked":["Sozu","Empty Cage"],"picked":"Calling Bell"},{"not_picked":["Velvet Choker","Fusion Hammer"],"picked":"Cursed Key"}],"items_purged_floors":[4],"is_endless":false,"potions_floor_spawned":[6,7,10,18,25,27,30,31,33,35,36,38,39,45],"killed_by":"Reptomancer","ascension_level":0}}