{"host":"8d3fefv2347kqkpz","time":1612918950,"event":{"mods":["AchievementEnabler","Act Like it!","BaseMod","Better Vampires","Colored Map","Colored Powertips","Downfall","GifTheSpireLib","Highlight Path","Minty Spire (QoL Compilation)","Quick Restart","Rare Cards Sparkle","Relic Stats","Replay The Spire","Spicy Shops","StSLib","Waifu the Spire"],"gold_per_floor":[99,114,131,281,299,299,324,316,316,8,8,26,48,75,85,85,85,85],"floor_reached":16,"language":"ZHS","playtime":758,"items_purged":["downfall:Icky"],"score":94,"play_id":"c049bea4-7f09-4b5c-ad7a-68e9a7870769","local_time":"20210210090230","is_ascension_mode":false,"campfire_choices":[{"data":"hexamod:Float","floor":1,"key":"SMITH"},{"data":"hexamod:ExtraCrispy","floor":6,"key":"SMITH"},{"data":"hexamod:Sear","floor":9,"key":"SMITH"}],"circlet_count":0,"master_deck":["hexamod:Strike","hexamod:Strike","hexamod:Strike","hexamod:Strike","hexamod:Defend","hexamod:Defend","hexamod:Defend","hexamod:Sear+1","hexamod:Float+1","hexamod:ExtraCrispy+1","hexamod:RadiantFlame","hexamod:FirstSeal","hexamod:SecondSeal","hexamod:ThirdSeal","hexamod:FourthSeal","hexamod:ChargedBarrage","hexamod:SoulSteal","hexamod:PhantomFireball","hexamod:ExtraCrispy","hexamod:Incineration"],"relics":["hexamod:SpiritBrand","ReplayTheSpireMod:Lightbulb","Oddly Smooth Stone"],"acts_visited":["Exordium"],"potions_floor_usage":[15,16],"damage_taken":[{"damage":5,"enemies":"Jaw Worm","floor":2,"turns":4},{"damage":0,"enemies":"2 Louse","floor":3,"turns":4},{"damage":0,"enemies":"Small Slimes","floor":5,"turns":6},{"damage":5,"enemies":"downfall:FleeingMerchant","floor":10,"turns":4},{"damage":13,"enemies":"2 Fungi Beasts","floor":12,"turns":4},{"damage":25,"enemies":"Blue Slaver","floor":13,"turns":4},{"damage":16,"enemies":"3 Louse","floor":14,"turns":3},{"damage":20,"enemies":"Gremlin Gang","floor":15,"turns":4},{"damage":24,"enemies":"DF_ARCHETYPE_STREAMLINE","floor":16,"turns":3}],"seed_played":"4135001622041553554","potions_obtained":[{"floor":2,"key":"LiquidMemories"},{"floor":3,"key":"BlessingOfTheForge"},{"floor":5,"key":"FearPotion"},{"floor":10,"key":"Fire Potion"}],"is_trial":false,"path_per_floor":["R_BF","M","M","?","M","R","T","?","R","$","?","M","M","M","M","B"],"character_chosen":"THE_SPIRIT","items_purchased":["Oddly Smooth Stone","hexamod:PhantomFireball"],"campfire_rested":0,"item_purchase_floors":[10,10],"current_hp_per_floor":[77,72,72,72,72,72,72,65,65,67,67,61,43,27,7,0,0,0],"gold":85,"neow_bonus":"TEN_PERCENT_HP_BONUS","is_daily":false,"chose_seed":false,"campfire_upgraded":3,"win_rate":0.0,"timestamp":1612918950,"path_taken":["R_BF","M","M","?","M","R","T","?","R","$","?","M","M","M","M","BOSS"],"items_purchased_type":["Relic","Card"],"build_version":"2020-12-22","purchased_purges":1,"victory":false,"max_hp_per_floor":[77,77,77,77,77,77,77,77,77,77,77,77,77,77,77,77,77,77],"relic_stats":{"counters":[9,36],"obtain_stats":[{"Oddly Smooth Stone":10,"ReplayTheSpireMod:Lightbulb":7,"hexamod:SpiritBrand":0},{"Oddly Smooth Stone":4,"ReplayTheSpireMod:Lightbulb":3,"hexamod:SpiritBrand":0},{"Oddly Smooth Stone":18,"ReplayTheSpireMod:Lightbulb":14,"hexamod:SpiritBrand":0}]},"card_choices":[{"not_picked":["hexamod:SpectersWail","hexamod:EmpoweredFlame"],"picked":"hexamod:ExtraCrispy","floor":2},{"not_picked":["hexamod:GhostflameBarrier","hexamod:HauntingEcho"],"picked":"hexamod:RadiantFlame","floor":3},{"not_picked":["hexamod:Hexaguard","hexamod:BacktrackSmack"],"picked":"hexamod:ThermalTransfer","floor":5},{"not_picked":["hexamod:NightmareStrike","hexamod:HeatShield"],"picked":"hexamod:ChargedBarrage","floor":10},{"not_picked":["hexamod:HeatShield","hexamod:GhostOfSpirePast"],"picked":"hexamod:SoulSteal","floor":10},{"not_picked":["hexamod:Firestarter","hexamod:SpectralAdrenaline"],"picked":"hexamod:ExtraCrispy","floor":12},{"not_picked":["hexamod:GhostShield","hexamod:HeatMetal","hexamod:Hexaguard"],"picked":"SKIP","floor":12},{"not_picked":["hexamod:UnleashSpirits","hexamod:DynamicBlow","hexamod:HeatMetal"],"picked":"SKIP","floor":13},{"not_picked":["hexamod:FourthSeal","hexamod:InspiringFlames","hexamod:AdvancingGuard"],"picked":"SKIP","floor":13},{"not_picked":["hexamod:HeatMetal","hexamod:SwordOfDarkness"],"picked":"hexamod:Incineration","floor":14},{"not_picked":["hexamod:BacktrackSmack","hexamod:GhostLash","hexamod:HauntingEcho"],"picked":"SKIP","floor":15},{"not_picked":["hexamod:AdvancingGuard","hexamod:ShieldOfDarkness","hexamod:SpectralAdrenaline"],"picked":"SKIP","floor":15}],"player_experience":335156,"relics_obtained":[{"floor":7,"key":"ReplayTheSpireMod:Lightbulb"}],"event_choices":[],"is_beta":false,"boss_relics":[],"items_purged_floors":[10],"is_endless":false,"potions_floor_spawned":[2,3,5],"killed_by":"DF_ARCHETYPE_STREAMLINE","ascension_level":0}}