{"host":"ishme5wb80o83upk","time":1612980239,"event":{"mods":["BaseMod","HololiveMod","Minty Spire (QoL Compilation)","StSLib"],"gold_per_floor":[78,78,78,99,42,77,77,0,23,23,54,90,116,152,152,254,254,273,273,300,92,92,142,142,195,195,227,256,277,312,334,334,437,437,458,537,580,618,662,731,731,808,862,891,891],"floor_reached":44,"language":"KOR","playtime":1672,"items_purged":["Pain"],"score":1700,"play_id":"b8bdeef1-7dec-4971-a958-ef0e7914e81c","local_time":"20210211030359","is_ascension_mode":true,"campfire_choices":[{"data":"Hololive_CallCivia","floor":7.0,"key":"SMITH"},{"data":"Hololive_CallSakuraMiko","floor":10.0,"key":"SMITH"},{"data":"Hololive_Breathe","floor":15.0,"key":"SMITH"},{"data":"Hololive_RevenueBasedLive","floor":24.0,"key":"SMITH"},{"data":"Hololive_RevenueBasedLive","floor":32.0,"key":"SMITH"},{"data":"Hololive_DiamondStrike","floor":41.0,"key":"SMITH"}],"circlet_count":0,"master_deck":["AscendersBane","Hololive_CallMinatoAqua","Hololive_CallUsadaPekora+1","Hololive_CallMurasakiShion","Hololive_CallShiranuiFlare+1","Hololive_CallSpadeEcho+1","Hololive_Breathe+1","Hololive_Strike","Hololive_Strike","Hololive_Defend","Hololive_CallMomosuzuNene+21","Hololive_CallCivia+1","Hololive_CallSakuraMiko+1","Hololive_CallShishiroBotan","Hololive_ILoveYou","Hololive_Nanodesu","Hololive_CallShiroganeNoel","Hololive_RevenueBasedLive+1","Hololive_DurableLive","Hololive_RevenueBasedLive+1","Hololive_RevenueBasedLive+1","Hololive_RevenueBasedLive+1","Hololive_DiamondStrike+1","Hololive_RevenueBasedLive+1","Hololive_RevenueBasedLive+1","Hololive_RevenueBasedLive+1","Hololive_CallAkaiHaato"],"relics":["Hololive_TheStar","Pantograph","Anchor","Smiling Mask","Juzu Bracelet","Hololive_Finger","WarpedTongs","Medical Kit","PreservedInsect","Eternal Feather","Toxic Egg 2","Coffee Dripper","Meat on the Bone","Bag of Preparation","Pen Nib"],"acts_visited":["Exordium","TheCity","TheBeyond"],"potions_floor_usage":[44],"damage_taken":[{"damage":0.0,"enemies":"2 Louse","floor":1.0,"turns":3.0},{"damage":0.0,"enemies":"Jaw Worm","floor":4.0,"turns":3.0},{"damage":0.0,"enemies":"Gremlin Nob","floor":6.0,"turns":4.0},{"damage":0.0,"enemies":"Cultist","floor":11.0,"turns":3.0},{"damage":0.0,"enemies":"Lagavulin","floor":12.0,"turns":6.0},{"damage":0.0,"enemies":"Lots of Slimes","floor":13.0,"turns":3.0},{"damage":0.0,"enemies":"3 Sentries","floor":14.0,"turns":3.0},{"damage":0.0,"enemies":"Hexaghost","floor":16.0,"turns":7.0},{"damage":0.0,"enemies":"3 Byrds","floor":18.0,"turns":3.0},{"damage":0.0,"enemies":"Chosen","floor":20.0,"turns":4.0},{"damage":0.0,"enemies":"Book of Stabbing","floor":23.0,"turns":4.0},{"damage":0.0,"enemies":"Gremlin Leader","floor":25.0,"turns":5.0},{"damage":0.0,"enemies":"Centurion and Healer","floor":27.0,"turns":3.0},{"damage":0.0,"enemies":"Slavers","floor":28.0,"turns":2.0},{"damage":0.0,"enemies":"Snake Plant","floor":29.0,"turns":2.0},{"damage":0.0,"enemies":"Cultist and Chosen","floor":30.0,"turns":4.0},{"damage":0.0,"enemies":"Sentry and Sphere","floor":31.0,"turns":3.0},{"damage":0.0,"enemies":"Champ","floor":33.0,"turns":7.0},{"damage":0.0,"enemies":"Orb Walker","floor":35.0,"turns":2.0},{"damage":0.0,"enemies":"3 Darklings","floor":36.0,"turns":3.0},{"damage":0.0,"enemies":"Jaw Worm Horde","floor":37.0,"turns":3.0},{"damage":0.0,"enemies":"Spire Growth","floor":38.0,"turns":4.0},{"damage":18.0,"enemies":"Writhing Mass","floor":39.0,"turns":4.0},{"damage":4.0,"enemies":"Nemesis","floor":40.0,"turns":5.0},{"damage":0.0,"enemies":"Giant Head","floor":42.0,"turns":4.0},{"damage":23,"enemies":"Reptomancer","floor":44,"turns":2}],"seed_played":"7409576943316901163","potions_obtained":[{"floor":4.0,"key":"SteroidPotion"},{"floor":12.0,"key":"EntropicBrew"},{"floor":13.0,"key":"PowerPotion"},{"floor":23.0,"key":"Energy Potion"}],"is_trial":false,"path_per_floor":["M","?","?","M","?","E","R","$","T","R","M","E","M","E","R","B",null,"M","?","M","$","?","E","R","E","T","M","E","M","M","M","R","B",null,"M","M","M","M","M","E","R","E","T","E"],"character_chosen":"Hololive_HololiveCharacter","items_purchased":["Hololive_CallSakuraMiko","Medical Kit"],"campfire_rested":0,"item_purchase_floors":[8,21],"current_hp_per_floor":[27,18,11,11,11,11,11,11,11,11,11,11,11,11,11,30,30,30,30,30,30,30,30,30,30,30,30,30,30,30,30,30,30,30,30,30,30,30,12,8,23,23,23,0,0],"gold":891,"neow_bonus":"UPGRADE_CARD","is_daily":false,"chose_seed":false,"campfire_upgraded":6,"win_rate":0.0,"timestamp":1612980239,"path_taken":["M","?","?","M","?","E","R","?","T","R","M","E","M","E","R","BOSS","M","?","M","$","?","E","R","E","T","M","E","M","M","M","R","BOSS","M","M","M","M","M","E","R","E","T","E"],"items_purchased_type":["Card","Relic"],"build_version":"2020-12-22","purchased_purges":1,"victory":false,"max_hp_per_floor":[30,30,30,30,30,30,30,30,30,30,30,30,30,30,30,30,30,30,30,30,30,30,30,30,30,30,30,30,30,30,30,30,30,30,30,30,30,30,30,30,30,30,30,30,30],"card_choices":[{"not_picked":["Hololive_StrengthChampion","Hololive_CallAyundaRisu","Hololive_Sequa","Hololive_CallTokoyamiTowa"],"picked":"SKIP","floor":1.0},{"not_picked":["Hololive_LuckPotion","Hololive_Trident","Hololive_Sequa"],"picked":"Hololive_CallMomosuzuNene","floor":4.0},{"not_picked":["Hololive_RevenueBasedLive","Hololive_BringToTrial","Hololive_Yoholoon"],"picked":"Hololive_CallCivia","floor":6.0},{"not_picked":["Hololive_CallRoboco","Hololive_Psychosis","Hololive_FlyingPonyTail","Hololive_Rebound"],"picked":"SKIP","floor":11.0},{"not_picked":["Hololive_Rebirth","Hololive_CallRosalyn","Hololive_LuckPotion"],"picked":"Hololive_CallShishiroBotan","floor":12.0},{"not_picked":["Hololive_Sequa","Hololive_Trident","Hololive_CallHoshimachiSuisei"],"picked":"Hololive_ILoveYou","floor":13.0},{"not_picked":["Hololive_FlyingPonyTail","Hololive_Breathe","Hololive_StrengthChampion","Hololive_Yoholoon"],"picked":"SKIP","floor":14.0},{"not_picked":["Hololive_DDD","Hololive_ASMR","Hololive_ScarfAndHalo"],"picked":"Hololive_Nanodesu","floor":16.0},{"not_picked":["Hololive_OvertimeWork+1","Hololive_FlyingPonyTail","Hololive_Psychosis+1"],"picked":"Hololive_CallShiroganeNoel","floor":18.0},{"not_picked":["Hololive_Drill","Hololive_OvertimeWork","Hololive_Psychosis"],"picked":"Hololive_RevenueBasedLive","floor":20.0},{"not_picked":["Hololive_Sequa","Hololive_Psychosis","Hololive_CallHoshimachiSuisei+1"],"picked":"Hololive_DurableLive","floor":23.0},{"not_picked":["Hololive_StrengthChampion","Hololive_Sequa","Hololive_Trident","Hololive_LuckPotion"],"picked":"SKIP","floor":25.0},{"not_picked":["Hololive_Spy","Hololive_CocoNews","Hololive_CallMinatoAqua"],"picked":"Hololive_RevenueBasedLive","floor":27.0},{"not_picked":["Hololive_FlyingPonyTail+1","Hololive_CallSpadeEcho","Hololive_HuntDinosaur+1","Hololive_Rebound+1"],"picked":"SKIP","floor":28.0},{"not_picked":["Hololive_Trident","Hololive_StrengthChampion+1","Hololive_CallYuzukiChoco+1"],"picked":"Hololive_RevenueBasedLive+1","floor":29.0},{"not_picked":["Hololive_Breathe+1","Hololive_CallDoris+1","Hololive_OvertimeWork"],"picked":"Hololive_RevenueBasedLive+1","floor":30.0},{"not_picked":["Hololive_StrengthChampion","Hololive_OpenUp","Hololive_CallMomosuzuNene","Hololive_Psychosis"],"picked":"SKIP","floor":31.0},{"not_picked":["Hololive_BeCareful+1","Hololive_Recruit+1","Hololive_AWSL"],"picked":"Hololive_DiamondStrike","floor":33.0},{"not_picked":["Hololive_StrengthChampion","Hololive_Trident","Hololive_Breathe+1","Hololive_Watashimo+1"],"picked":"SKIP","floor":35.0},{"not_picked":["Hololive_Trident","Hololive_Breathe+1","Hololive_CocoNews"],"picked":"Hololive_RevenueBasedLive+1","floor":36.0},{"not_picked":["Hololive_CallKiryuuCoco","Hololive_OvertimeWork","Hololive_CallShiranuiFlare"],"picked":"Hololive_RevenueBasedLive+1","floor":37.0},{"not_picked":["Hololive_Watashimo+1","Hololive_CallTokinoSora","Hololive_HuntDinosaur+1"],"picked":"Hololive_RevenueBasedLive+1","floor":38.0},{"not_picked":["Hololive_Sequa+1","Hololive_StrengthChampion+1","Hololive_Breathe+1"],"picked":"Hololive_CallAkaiHaato","floor":39.0},{"not_picked":["Hololive_Trident+1","Hololive_Sequa+1","Hololive_LuckPotion+1","Hololive_Rebound+1"],"picked":"SKIP","floor":40.0},{"not_picked":["Hololive_Breathe+1","Hololive_StrengthChampion","Hololive_OpenUp","Hololive_CocoNews"],"picked":"SKIP","floor":42.0}],"player_experience":1134459,"relics_obtained":[{"floor":6.0,"key":"Pantograph"},{"floor":9.0,"key":"Anchor"},{"floor":12.0,"key":"Smiling Mask"},{"floor":14.0,"key":"Juzu Bracelet"},{"floor":23.0,"key":"PreservedInsect"},{"floor":25.0,"key":"Eternal Feather"},{"floor":28.0,"key":"Toxic Egg 2"},{"floor":40.0,"key":"Meat on the Bone"},{"floor":42.0,"key":"Bag of Preparation"},{"floor":43.0,"key":"Pen Nib"}],"event_choices":[{"damage_healed":0.0,"max_hp_gain":0.0,"max_hp_loss":0.0,"gold_gain":0.0,"event_name":"Shining Light","player_choice":"Entered Light","floor":2.0,"gold_loss":0.0,"damage_taken":9.0,"cards_upgraded":["Hololive_CallShiranuiFlare","Hololive_CallUsadaPekora"]},{"cards_removed":["Hololive_Defend"],"damage_healed":0.0,"max_hp_gain":0.0,"max_hp_loss":0.0,"gold_gain":0.0,"event_name":"Golden Wing","player_choice":"Card Removal","floor":3.0,"gold_loss":0.0,"damage_taken":7.0},{"damage_healed":0.0,"max_hp_gain":0.0,"max_hp_loss":0.0,"gold_gain":0.0,"event_name":"World of Goop","player_choice":"Left Gold","floor":5.0,"gold_loss":57.0,"damage_taken":0.0},{"damage_healed":0.0,"max_hp_gain":0.0,"max_hp_loss":0.0,"gold_gain":0.0,"event_name":"Accursed Blacksmith","player_choice":"Rummage","floor":19.0,"gold_loss":0.0,"damage_taken":0.0,"relics_obtained":["WarpedTongs"],"cards_obtained":["Pain"]},{"damage_healed":0.0,"max_hp_gain":0.0,"max_hp_loss":0.0,"gold_gain":0.0,"event_name":"The Mausoleum","player_choice":"Ignored","floor":22.0,"gold_loss":0.0,"damage_taken":0.0}],"is_beta":false,"boss_relics":[{"not_picked":["Velvet Choker","SlaversCollar"],"picked":"Hololive_Finger"},{"not_picked":["Tiny House","Runic Pyramid"],"picked":"Coffee Dripper"}],"items_purged_floors":[21],"is_endless":false,"potions_floor_spawned":[4,12,13,14,23,25,29,31,35,39],"killed_by":"Reptomancer","ascension_level":20}}