{"host":"qp7xs8nuzfsyommi","time":1612977320,"event":{"mods":["2.2 Compatiblity","BaseMod","Colored Powertips","DeckTracker","Highlight Path","Minty Spire (QoL Compilation)","Permanent Neow","StSLib"],"gold_per_floor":[160,176,190,202,213,213,225,225,251,279,279,316,338,15,15,95,122,141,191,31,9,9,9,9],"floor_reached":23,"language":"ENG","playtime":2077,"items_purged":[],"score":402,"play_id":"1f36b00b-d09e-4d95-be10-c68750556711","local_time":"20210210121520","is_ascension_mode":true,"campfire_choices":[{"floor":6.0,"key":"REST"},{"floor":8.0,"key":"REST"},{"floor":15.0,"key":"REST"}],"circlet_count":0,"master_deck":["AscendersBane","Strike_B+1","Defend_B","Defend_B","Defend_B","Defend_B","Zap","Dualcast","Gash","Gash","Compile Driver","Glacier","Darkness","Multi-Cast","Redo","Turbo","Chaos","Go for the Eyes","Beam Cell","Feed","Echo Form+1","Capacitor+1","Recycle+1","Armaments","Steam+1"],"relics":["Tiny House","Toy Ornithopter","Omamori","CeramicFish","PrismaticShard","Blood Vial","Astrolabe","Lee\u0027s Waffle"],"acts_visited":["Exordium","TheCity"],"potions_floor_usage":[16,16,18],"damage_taken":[{"damage":7.0,"enemies":"Small Slimes","floor":1.0,"turns":3.0},{"damage":0.0,"enemies":"Cultist","floor":2.0,"turns":3.0},{"damage":9.0,"enemies":"Jaw Worm","floor":3.0,"turns":4.0},{"damage":9.0,"enemies":"Blue Slaver","floor":4.0,"turns":4.0},{"damage":12.0,"enemies":"3 Louse","floor":5.0,"turns":5.0},{"damage":12.0,"enemies":"Looter","floor":7.0,"turns":3.0},{"damage":33.0,"enemies":"Gremlin Nob","floor":10.0,"turns":4.0},{"damage":15.0,"enemies":"Lagavulin","floor":12.0,"turns":9.0},{"damage":0.0,"enemies":"2 Fungi Beasts","floor":13.0,"turns":3.0},{"damage":40,"enemies":"Slime Boss","floor":16,"turns":7},{"damage":16,"enemies":"Shell Parasite","floor":18,"turns":8},{"damage":34,"enemies":"2 Thieves","floor":21,"turns":4},{"damage":55,"enemies":"Book of Stabbing","floor":23,"turns":5}],"seed_played":"8959108739408573987","potions_obtained":[{"floor":0.0,"key":"ColorlessPotion"},{"floor":7.0,"key":"Strength Potion"},{"floor":10.0,"key":"DistilledChaos"},{"floor":12.0,"key":"FocusPotion"},{"floor":16,"key":"LiquidMemories"},{"floor":18,"key":"Ancient Potion"}],"is_trial":false,"path_per_floor":["M","M","M","M","M","R","M","R","T","E","?","E","M","$","R","B",null,"M","?","$","M","?","E"],"character_chosen":"DEFECT","items_purchased":["PrismaticShard","Blood Vial","Lee\u0027s Waffle"],"campfire_rested":3,"item_purchase_floors":[14,14,20],"current_hp_per_floor":[62,62,53,44,32,54,42,64,64,36,36,26,26,26,48,20,62,53,53,83,49,49,0,0],"gold":9,"neow_bonus":"BOSS_RELIC","is_daily":false,"chose_seed":false,"campfire_upgraded":0,"win_rate":0.0,"timestamp":1612977320,"path_taken":["M","M","M","M","M","R","M","R","T","E","?","E","?","$","R","BOSS","M","?","$","M","?","E"],"items_purchased_type":["Relic","Relic","Relic"],"build_version":"2020-12-22","purchased_purges":0,"victory":false,"max_hp_per_floor":[76,76,76,76,76,76,76,76,76,76,76,76,76,76,76,76,76,76,76,83,83,83,83,83],"card_choices":[{"not_picked":["Sweeping Beam","Beam Cell"],"picked":"Gash","floor":0.0},{"not_picked":["Redo","Coolheaded"],"picked":"Gash","floor":1.0},{"not_picked":["Barrage","Beam Cell"],"picked":"Compile Driver","floor":2.0},{"not_picked":["Stack","Sunder"],"picked":"Glacier","floor":3.0},{"not_picked":["Consume","Reprogram"],"picked":"Darkness","floor":4.0},{"not_picked":["Fusion","FTL"],"picked":"Multi-Cast","floor":5.0},{"not_picked":["Compile Driver","Steam","Streamline"],"picked":"SKIP","floor":7.0},{"not_picked":["Barrage","Coolheaded"],"picked":"Redo","floor":10.0},{"not_picked":["Consume","Sunder"],"picked":"Go for the Eyes","floor":12.0},{"not_picked":["Go for the Eyes","Multi-Cast"],"picked":"Beam Cell","floor":13.0},{"not_picked":["Thunder Strike","Establishment"],"picked":"Feed","floor":16},{"not_picked":["Prostrate","Dagger Spray+1"],"picked":"Armaments","floor":18},{"not_picked":["Leap","Reprogram"],"picked":"Steam+1","floor":21}],"player_experience":1847883,"relics_obtained":[{"floor":9.0,"key":"Toy Ornithopter"},{"floor":10.0,"key":"Omamori"},{"floor":12.0,"key":"CeramicFish"}],"event_choices":[{"damage_healed":0.0,"max_hp_gain":0.0,"max_hp_loss":0.0,"gold_gain":0.0,"event_name":"Match and Keep!","player_choice":"2 cards matched","floor":11.0,"gold_loss":0.0,"damage_taken":0.0,"cards_obtained":["Turbo","Chaos"]},{"damage_healed":0,"gold_gain":50,"player_choice":"Stole From Cult","damage_taken":0,"max_hp_gain":0,"max_hp_loss":0,"event_name":"Nest","floor":19,"gold_loss":0},{"damage_healed":0,"gold_gain":0,"player_choice":"Ignored","damage_taken":0,"max_hp_gain":0,"max_hp_loss":0,"event_name":"Cursed Tome","floor":22,"gold_loss":0}],"is_beta":false,"boss_relics":[{"not_picked":["Black Star","Ectoplasm"],"picked":"Astrolabe"}],"items_purged_floors":[],"is_endless":false,"potions_floor_spawned":[7,10,12,13,16,18],"killed_by":"Book of Stabbing","ascension_level":20}}