{"host":"yfdtuf6ojcxn06xg","time":1612944709,"event":{"mods":["2.2 Compatiblity","AchievementEnabler","BaseMod","Colored Map","Colored Powertips","Curses Come First","Hermit","JesterMod","Jorbs\u0027s Wanderer Trilogy","Minty Spire (QoL Compilation)","Quick Restart","Rare Cards Sparkle","Relic Stats","Replay The Spire","StSLib","The Cursed","The Disciple","The Hierophant","The Jungle","The Marked","The Necromancer","The Servant 0.9.4"],"gold_per_floor":[113,113,113,63,63,63,99,112,112,156,156,0,23,39,39,167,167,190,190,210,63,86,86,37,37,37,81,81,131,171,196,196,319,319,342,366,432,457,56,56,75,75,75,75,139,155,196,216,216,216],"floor_reached":51,"language":"ENG","playtime":1994,"items_purged":["Strike_B","Blizzard+1","Strike_B+1"],"score":893,"play_id":"253341c4-370b-4c51-a966-12ecdf499ca9","local_time":"20210210031149","is_ascension_mode":true,"campfire_choices":[{"data":"Dualcast","floor":6,"key":"SMITH"},{"floor":15,"key":"REST"},{"data":"Blind","floor":23,"key":"SMITH"},{"data":"Reboot","floor":25,"key":"SMITH"},{"floor":28,"key":"REST"},{"data":"BootSequence","floor":32,"key":"SMITH"},{"floor":40,"key":"REST"},{"floor":42,"key":"REST"},{"data":"Gash","floor":44,"key":"SMITH"},{"data":"Reprogram","floor":49,"key":"SMITH"}],"circlet_count":0,"master_deck":["Defend_B+1","Defend_B","Defend_B","Defend_B+1","Zap+1","Dualcast+1","Gash+1","Steam","Blind+1","Scrape+1","ReplayGash+1","Reboot+1","Streamline+1","Redo+1","ReplayGash+1","Go for the Eyes+1","Gash+1","Panic Button+1","Gash+1","Beam Cell+1","Rebound+1","ReplayGash+1","BootSequence+1","Gash+1","ReplayTheSpireMod:Reroute Power","Streamline+1","Steam","ReplayTheSpireMod:Calculation Training+1","ReplayTheSpireMod:Calculation Training+1","Gash+1","FTL+1","FTL+1","Deep Breath+1","Beam Cell+1","Self Repair+1","Redo","Reprogram+1","Reprogram+1","Hologram","Scrape+1","Beam Cell+1","Steam Power+1"],"relics":["Cracked Core","NeowsBlessing","Golden Idol","Prayer Wheel","Simple Rune","Molten Egg 2","Emotion Chip","Honey Jar","Darkstone Periapt","Blue Doll","Bird Faced Urn","Empty Cage","Incense Burner","DollysMirror","Snack Pack","Juzu Bracelet","StoneCalendar"],"acts_visited":["Exordium","TheCity","TheBeyond"],"potions_floor_usage":[7,16,30,41,46,46,50,50],"damage_taken":[{"damage":0,"enemies":"Small Slimes","floor":1,"turns":1},{"damage":0,"enemies":"Gremlin Nob","floor":7,"turns":1},{"damage":0,"enemies":"Jaw Worm","floor":8,"turns":1},{"damage":14,"enemies":"3 Sentries","floor":10,"turns":7},{"damage":0,"enemies":"2 Louse","floor":13,"turns":3},{"damage":0,"enemies":"Looter","floor":14,"turns":3},{"damage":5,"enemies":"The Guardian","floor":16,"turns":7},{"damage":8,"enemies":"2 Thieves","floor":18,"turns":3},{"damage":1,"enemies":"Chosen","floor":20,"turns":3},{"damage":4,"enemies":"3 Cultists","floor":22,"turns":3},{"damage":13,"enemies":"Slavers","floor":27,"turns":3},{"damage":10,"enemies":"Gremlin Leader","floor":30,"turns":3},{"damage":2,"enemies":"Snecko","floor":31,"turns":3},{"damage":50,"enemies":"Automaton","floor":33,"turns":8},{"damage":0,"enemies":"Orb Walker","floor":35,"turns":2},{"damage":9,"enemies":"3 Darklings","floor":36,"turns":3},{"damage":3,"enemies":"2 Orb Walkers","floor":37,"turns":3},{"damage":43,"enemies":"4 Shapes","floor":38,"turns":4},{"damage":0,"enemies":"Transient","floor":41,"turns":5},{"damage":7,"enemies":"Spire Growth","floor":46,"turns":4},{"damage":5,"enemies":"Giant Head","floor":47,"turns":5},{"damage":11,"enemies":"Jaw Worm Horde","floor":48,"turns":4},{"damage":44,"enemies":"Donu and Deca","floor":50,"turns":6}],"seed_played":"-6840774427532858653","potions_obtained":[{"floor":1,"key":"Reflective Coating"},{"floor":10,"key":"Milkshake"},{"floor":27,"key":"Venom Potion"},{"floor":33,"key":"FearPotion"},{"floor":37,"key":"FearPotion"},{"floor":45,"key":"Regen Potion"},{"floor":46,"key":"Swift Potion"},{"floor":47,"key":"FocusPotion"}],"is_trial":false,"path_per_floor":["M","?","T","?","?","R","E","M","T","E","?","$","M","M","R","B",null,"M","?","M","$","M","R","$","R","T","E","R","?","E","M","R","B",null,"M","M","?","M","$","R","M","R","T","R","?","M","E","M","R","B",null],"character_chosen":"DEFECT","items_purchased":["Blind","Go for the Eyes+1","Gash+1","FTL+1","DollysMirror","Deep Breath+1"],"campfire_rested":4,"item_purchase_floors":[12,21,24,39,39,39],"current_hp_per_floor":[75,69,69,69,55,55,55,55,55,41,35,35,35,35,55,50,69,61,61,60,60,56,56,56,56,56,43,63,63,53,51,51,1,69,69,60,57,14,14,34,34,54,54,54,37,58,69,62,62,32],"gold":216,"neow_bonus":"THREE_ENEMY_KILL","is_daily":false,"chose_seed":false,"campfire_upgraded":6,"win_rate":0.0,"timestamp":1612944709,"path_taken":["M","?","?","?","?","R","E","M","T","E","?","$","?","M","R","BOSS","M","?","M","$","?","R","$","R","T","E","R","?","E","M","R","BOSS","M","?","?","M","$","R","M","R","T","R","?","M","E","M","R","BOSS"],"items_purchased_type":["Card","Card","Card","Card","Relic","Card"],"build_version":"2020-12-22","purchased_purges":3,"victory":true,"max_hp_per_floor":[75,69,69,69,69,69,69,69,69,69,69,69,69,69,69,69,69,69,69,69,69,69,69,69,69,69,69,69,69,69,69,69,69,69,69,69,69,69,69,69,69,69,69,69,69,69,69,69,69,69],"relic_stats":{"Darkstone Periapt":0,"Emotion Chip":[14,14,0,0,0],"counters":[23,85],"Golden Idol":198,"Bird Faced Urn":[4],"Prayer Wheel":13,"StoneCalendar":[0],"Juzu Bracelet":0,"obtain_stats":[{"Darkstone Periapt":26,"NeowsBlessing":0,"Golden Idol":2,"Blue Doll":27,"StoneCalendar":47,"Incense Burner":37,"Juzu Bracelet":45,"Empty Cage":34,"Emotion Chip":10,"DollysMirror":39,"Bird Faced Urn":30,"Honey Jar":17,"Prayer Wheel":3,"Simple Rune":7,"Molten Egg 2":9,"Snack Pack":43,"Cracked Core":0},{"Darkstone Periapt":10,"NeowsBlessing":0,"Golden Idol":1,"Blue Doll":11,"StoneCalendar":21,"Incense Burner":17,"Juzu Bracelet":19,"Empty Cage":14,"Emotion Chip":4,"DollysMirror":18,"Bird Faced Urn":12,"Honey Jar":7,"Prayer Wheel":1,"Simple Rune":2,"Molten Egg 2":3,"Snack Pack":19,"Cracked Core":0},{"Darkstone Periapt":32,"NeowsBlessing":0,"Golden Idol":1,"Blue Doll":35,"StoneCalendar":75,"Incense Burner":57,"Juzu Bracelet":66,"Empty Cage":49,"Emotion Chip":10,"DollysMirror":61,"Bird Faced Urn":38,"Honey Jar":23,"Prayer Wheel":1,"Simple Rune":2,"Molten Egg 2":3,"Snack Pack":66,"Cracked Core":0}]},"card_choices":[{"not_picked":["FTL","Rebound"],"picked":"Gash","floor":1},{"not_picked":["Panic Button","BasicCrystalCard"],"picked":"Steam","floor":7},{"not_picked":["Turbo","Panic Button","Cold Snap"],"picked":"SKIP","floor":8},{"not_picked":["Chaos","Stack","Time Bomb"],"picked":"SKIP","floor":8},{"not_picked":["Turbo","Stack","FIFO Queue"],"picked":"SKIP","floor":10},{"not_picked":["Coolheaded","Creative AI"],"picked":"Scrape+1","floor":13},{"not_picked":["Stack","Coolheaded","Leap"],"picked":"SKIP","floor":13},{"not_picked":["Cold Snap+1","ReplayTheSpireMod:System Scan"],"picked":"ReplayGash+1","floor":14},{"not_picked":["Loop","Hello World","Streamline+1"],"picked":"SKIP","floor":14},{"not_picked":["Core Surge+1","ReplayRNGCard"],"picked":"Reboot","floor":16},{"not_picked":["Hologram","Reinforced Body","ReplaySort+1"],"picked":"Streamline+1","floor":18},{"not_picked":["Conserve Battery","ReplaySolidLightProjector","Turbo+1"],"picked":"Redo+1","floor":18},{"not_picked":["Streamline+1","Rainbow","Hologram"],"picked":"ReplayGash+1","floor":20},{"not_picked":["Conserve Battery","Leap","Coolheaded+1"],"picked":"ReplayGash+1","floor":20},{"not_picked":["Rebound+1","Double Energy+1","Scrape+1"],"picked":"Gash+1","floor":22},{"not_picked":["Self Repair","Hologram","Creative AI"],"picked":"Panic Button+1","floor":22},{"not_picked":["Recycle","BootSequence+1","Rebound+1"],"picked":"Beam Cell+1","floor":27},{"not_picked":["Darkness","Ball Lightning+1","Cold Snap+1"],"picked":"Rebound+1","floor":30},{"not_picked":["Hologram+1","Coolheaded","Static Discharge"],"picked":"ReplayGash+1","floor":31},{"not_picked":["BasicCrystalCard","ReplayGash+1","Leap+1"],"picked":"BootSequence","floor":31},{"not_picked":["Amplify","Creative AI","ReplayRNGCard"],"picked":"Biased Cognition","floor":33},{"not_picked":["ReplayGash+1","Crystallizer+1","Redo+1"],"picked":"Gash+1","floor":35},{"not_picked":["Sweeping Beam+1","Ball Lightning+1","Chaos"],"picked":"ReplayTheSpireMod:Reroute Power","floor":35},{"not_picked":["Rip and Tear+1","BasicCrystalCard+1","Cold Snap+1"],"picked":"Streamline+1","floor":36},{"not_picked":["Meteor Strike+1","Conserve Battery+1","Cold Snap+1"],"picked":"Steam","floor":36},{"not_picked":["ReplayTheSpireMod:GoodbyeWorld+1","Ball Lightning+1","Barrage+1"],"picked":"ReplayTheSpireMod:Calculation Training+1","floor":37},{"not_picked":["Turbo","Streamline+1","Static Discharge+1"],"picked":"ReplayTheSpireMod:Calculation Training+1","floor":38},{"not_picked":["Streamline+1","Leap+1","Panic Button+1"],"picked":"Gash+1","floor":38},{"not_picked":["Leap+1","Machine Learning","Auto Shields+1"],"picked":"Beam Cell+1","floor":41},{"not_picked":["Stack+1","Leap","Conserve Battery+1"],"picked":"Self Repair+1","floor":41},{"not_picked":["Leap+1","Glacier+1","Coolheaded+1"],"picked":"Redo","floor":45},{"not_picked":["FIFO Queue","Force Field+1","BootSequence+1"],"picked":"Reprogram+1","floor":45},{"not_picked":["Go for the Eyes+1","Coolheaded","Rip and Tear+1"],"picked":"Reprogram","floor":46},{"not_picked":["Darkness+1","White Noise","Rebound+1"],"picked":"Hologram","floor":46},{"not_picked":["Skim+1","Streamline+1","Steam"],"picked":"Scrape+1","floor":47},{"not_picked":["Panic Button","Stack+1","Core Surge+1"],"picked":"Beam Cell+1","floor":48},{"not_picked":["BasicCrystalCard+1","Blizzard+1","Chaos"],"picked":"Steam Power+1","floor":48}],"player_experience":255249,"relics_obtained":[{"floor":3,"key":"Prayer Wheel"},{"floor":7,"key":"Simple Rune"},{"floor":9,"key":"Molten Egg 2"},{"floor":10,"key":"Emotion Chip"},{"floor":26,"key":"Darkstone Periapt"},{"floor":27,"key":"Blue Doll"},{"floor":30,"key":"Bird Faced Urn"},{"floor":37,"key":"Incense Burner"},{"floor":43,"key":"Snack Pack"},{"floor":45,"key":"Juzu Bracelet"},{"floor":47,"key":"StoneCalendar"}],"event_choices":[{"damage_healed":0,"gold_gain":0,"player_choice":"Lose Max HP","damage_taken":0,"relics_obtained":["Golden Idol"],"max_hp_gain":0,"max_hp_loss":6,"event_name":"Golden Idol","floor":2,"gold_loss":0},{"cards_removed":["Strike_B"],"damage_healed":0,"gold_gain":0,"player_choice":"Card Removal","damage_taken":0,"max_hp_gain":0,"max_hp_loss":0,"event_name":"The Cleric","floor":4,"gold_loss":50},{"damage_healed":0,"gold_gain":0,"player_choice":"Entered Light","damage_taken":14,"max_hp_gain":0,"max_hp_loss":0,"event_name":"Shining Light","floor":5,"gold_loss":0,"cards_upgraded":["Defend_B","Zap"]},{"damage_healed":0,"gold_gain":0,"player_choice":"Damaged","damage_taken":6,"max_hp_gain":0,"max_hp_loss":0,"event_name":"Wheel of Change","floor":11,"gold_loss":0},{"damage_healed":0,"gold_gain":0,"cards_transformed":["Strike_B"],"player_choice":"Transformed","damage_taken":0,"max_hp_gain":0,"max_hp_loss":0,"event_name":"Transmorgrifier","floor":19,"gold_loss":0,"cards_obtained":["Blizzard"]},{"damage_healed":0,"gold_gain":100,"player_choice":"Bet on Murderer","damage_taken":0,"max_hp_gain":0,"max_hp_loss":0,"event_name":"The Joust","floor":29,"gold_loss":50},{"damage_healed":0,"gold_gain":0,"player_choice":"Fight","damage_taken":0,"max_hp_gain":0,"max_hp_loss":0,"event_name":"Mysterious Sphere","floor":37,"gold_loss":0}],"is_beta":false,"boss_relics":[{"not_picked":["Sozu","Replay:Drink Me"],"picked":"Honey Jar"},{"not_picked":["Inserter","ReplayTheSpireMod:DimensionalGlitch"],"picked":"Empty Cage"}],"items_purged_floors":[12,21,39],"is_endless":false,"potions_floor_spawned":[1,10,27,33,37,46,47],"ascension_level":2}}