{"host":"fc5kl670efuhtomy","time":1612981117,"event":{"mods":["AchievementEnabler","BaseMod","Colored Powertips","Downfall","Marisa（F雨　魔理沙）","Minty Spire (QoL Compilation)","Quick Restart","Rare Cards Sparkle","Relic Stats","Replay The Spire","StSLib","The Bug Knight","The Construct","The Cursed","The Servant 0.9.4","WarShipGirlsR/战舰少女R mod"],"gold_per_floor":[117,46,64,81,94,94,107,107,107,107,126,144,164,179,179,281,281,292,292,292,292,1,1,20,49,75,91,102,102,132,146,146,245,245,258,12,36,53,53,53,87,97,151,170,184,184,199,219,219,219,219,219,63,91,91,91],"floor_reached":55,"language":"ZHS","playtime":1953,"items_purged":[],"score":712,"play_id":"9fe355dc-d0fb-4bde-b183-2ebfceb504cd","local_time":"20210211021837","is_ascension_mode":false,"campfire_choices":[{"data":"CollectingQuirk","floor":6,"key":"SMITH"},{"data":"MeteoricShower","floor":15,"key":"SMITH"},{"data":"DragonMeteor","floor":15,"key":"SMITH"},{"data":"JA","floor":23,"key":"SMITH"},{"data":"BlazeAway","floor":23,"key":"SMITH"},{"data":"EscapeVelocity","floor":29,"key":"SMITH"},{"data":"GrandCross","floor":29,"key":"SMITH"},{"floor":32,"key":"REST"},{"floor":40,"key":"RECALL"},{"floor":46,"key":"REST"},{"floor":49,"key":"REST"},{"data":"BinaryStars","floor":52,"key":"SMITH"},{"data":"DragonMeteor","floor":52,"key":"SMITH"}],"circlet_count":0,"master_deck":["Strike_MRS","Strike_MRS","Strike_MRS","Defend_MRS","Defend_MRS","Defend_MRS","Defend_MRS","MasterSpark+1","UpSweep","GrandCross+1","MeteoricShower+1","CollectingQuirk+1","LuminesStrike+1","Orbital","WitchLeyline","DragonMeteor+1","WitchLeyline","PropBag","BlazeAway+1","JA+1","AsteroidBelt","LuminesStrike+1","EscapeVelocity+1","MysteriousBeam+1","LuminesStrike+1","BinaryStars+1","DragonMeteor+1","SuperNova","EarthLightRay+1","GalacticHalo+1","SuperPerseids+1","DC","MilkyWay+1","ShootingEcho+1","DC+1","BinaryStars"],"relics":["Velvet Choker","Onion Ring","Replay:Arrowhead","Snecko Heart","Blue Candle","Pen Nib","Toolbox","Incense Burner","Replay:Rubber Ducky","bronze:MakeshiftBattery","Letter Opener","Simple Rune","Torii","Art of War","Oddly Smooth Stone","ReplayFunnel"],"acts_visited":["Exordium","TheCity","TheBeyond","TheEnding"],"potions_floor_usage":[13,25,30,48,50,50,50,50,50,50,50,50,55,55],"damage_taken":[{"damage":2,"enemies":"Small Slimes","floor":1,"turns":3},{"damage":0,"enemies":"Cultist","floor":3,"turns":2},{"damage":0,"enemies":"2 Louse","floor":4,"turns":1},{"damage":10,"enemies":"Looter","floor":5,"turns":2},{"damage":0,"enemies":"Lots of Slimes","floor":7,"turns":3},{"damage":0,"enemies":"3 Louse","floor":11,"turns":1},{"damage":0,"enemies":"Large Slime","floor":12,"turns":2},{"damage":0,"enemies":"Looter","floor":13,"turns":1},{"damage":9,"enemies":"Lots of Slimes","floor":14,"turns":3},{"damage":28,"enemies":"Slime Boss","floor":16,"turns":8},{"damage":7,"enemies":"Shell Parasite","floor":18,"turns":2},{"damage":2,"enemies":"Spheric Guardian","floor":24,"turns":3},{"damage":12,"enemies":"Book of Stabbing","floor":25,"turns":2},{"damage":0,"enemies":"Centurion and Healer","floor":27,"turns":2},{"damage":13,"enemies":"Shelled Parasite and Fungi","floor":28,"turns":2},{"damage":10,"enemies":"Slavers","floor":30,"turns":4},{"damage":17,"enemies":"Snake Plant","floor":31,"turns":2},{"damage":21,"enemies":"Automaton","floor":33,"turns":8},{"damage":4,"enemies":"3 Darklings","floor":35,"turns":2},{"damage":6,"enemies":"Orb Walker","floor":38,"turns":3},{"damage":33,"enemies":"Giant Head","floor":41,"turns":7},{"damage":16,"enemies":"Spire Growth","floor":42,"turns":3},{"damage":8,"enemies":"Sphere and 2 Shapes","floor":44,"turns":4},{"damage":28,"enemies":"3 Darklings","floor":45,"turns":4},{"damage":20,"enemies":"Maw","floor":47,"turns":5},{"damage":1,"enemies":"Sphere and 2 Shapes","floor":48,"turns":3},{"damage":47,"enemies":"Awakened One","floor":50,"turns":9},{"damage":48,"enemies":"Shield and Spear","floor":54,"turns":8},{"damage":34,"enemies":"The Heart","floor":55,"turns":3}],"seed_played":"4739055742010044229","potions_obtained":[{"floor":5,"key":"SpeedPotion"},{"floor":11,"key":"Fruit Juice"},{"floor":12,"key":"SteroidPotion"},{"floor":13,"key":"AttackPotion"},{"floor":27,"key":"Dexterity Potion"},{"floor":28,"key":"BottledSpark"},{"floor":30,"key":"construct:ShiftPotion"},{"floor":38,"key":"FairyPotion"},{"floor":45,"key":"Death Potion"},{"floor":48,"key":"Swift Potion"}],"is_trial":false,"path_per_floor":["M","?","M","M","M","R","M","?","T","?","M","M","M","M","R","B",null,"M","?","?","?","$","R","M","E","T","M","M","R","E","M","R","B",null,"M","$","T","M","?","R","E","M","T","M","M","R","M","M","R","B",null,"R","$","E","B"],"character_chosen":"MARISA","items_purchased":["Pen Nib","Toolbox","Letter Opener","Oddly Smooth Stone"],"campfire_rested":3,"item_purchase_floors":[22,22,36,53],"current_hp_per_floor":[73,73,73,73,63,63,63,48,48,48,48,48,53,44,44,16,80,73,73,68,68,68,68,66,54,54,54,41,41,31,14,38,17,80,76,76,76,70,70,70,43,27,27,25,30,54,40,45,69,28,80,80,80,34,0,0],"gold":91,"neow_bonus":"BOSS_RELIC","is_daily":false,"chose_seed":false,"campfire_upgraded":9,"win_rate":0.0,"timestamp":1612981117,"path_taken":["M","?","?","M","M","R","M","?","T","?","M","?","M","M","R","BOSS","M","?","?","?","$","R","M","E","T","M","M","R","E","M","R","BOSS","M","$","?","M","?","R","E","M","T","M","M","R","M","?","R","BOSS","R","$","E","BOSS"],"items_purchased_type":["Relic","Relic","Relic","Relic"],"build_version":"2020-12-22","purchased_purges":0,"victory":false,"max_hp_per_floor":[75,75,75,75,75,75,75,75,75,75,75,75,80,80,80,80,80,80,80,80,80,80,80,80,80,80,80,80,80,80,80,80,80,80,80,80,80,80,80,80,80,80,80,80,80,80,80,80,80,80,80,80,80,80,80,80],"relic_stats":{"Torii":23,"counters":[29,102],"Blue Candle":[0],"Pen Nib":[22],"Art of War":[1],"Letter Opener":[84],"obtain_stats":[{"AmplifyWand":14,"ReplayFunnel":54,"Snecko Heart":17,"Torii":41,"Blue Candle":16,"Velvet Choker":0,"Oddly Smooth Stone":53,"Pen Nib":22,"Incense Burner":25,"Letter Opener":30,"Replay:Arrowhead":9,"Replay:Rubber Ducky":30,"Ornamental Fan":31,"Mummified Hand":50,"Shuriken":54,"Toolbox":22,"Onion Ring":2,"Simple Rune":37,"Art of War":43,"MiniHakkero":0,"Kunai":41,"bronze:MakeshiftBattery":34},{"AmplifyWand":9,"ReplayFunnel":28,"Snecko Heart":10,"Torii":21,"Blue Candle":10,"Velvet Choker":0,"Oddly Smooth Stone":27,"Pen Nib":11,"Incense Burner":13,"Letter Opener":16,"Replay:Arrowhead":5,"Replay:Rubber Ducky":16,"Ornamental Fan":17,"Mummified Hand":27,"Shuriken":28,"Toolbox":11,"Onion Ring":1,"Simple Rune":19,"Art of War":22,"MiniHakkero":0,"Kunai":21,"bronze:MakeshiftBattery":18},{"AmplifyWand":16,"ReplayFunnel":99,"Snecko Heart":26,"Torii":63,"Blue Candle":19,"Velvet Choker":0,"Oddly Smooth Stone":91,"Pen Nib":28,"Incense Burner":33,"Letter Opener":38,"Replay:Arrowhead":11,"Replay:Rubber Ducky":41,"Ornamental Fan":42,"Mummified Hand":86,"Shuriken":94,"Toolbox":28,"Onion Ring":3,"Simple Rune":53,"Art of War":66,"MiniHakkero":0,"Kunai":59,"bronze:MakeshiftBattery":51}]},"card_choices":[{"not_picked":["WitchOfGreed","LuminesStrike"],"picked":"GrandCross","floor":1},{"not_picked":["OrrerysSun","DoubleSpark"],"picked":"MeteoricShower","floor":3},{"not_picked":["MysteriousBeam","OpenUniverse"],"picked":"CollectingQuirk","floor":4},{"not_picked":["PowerUp","SporeBomb"],"picked":"LuminesStrike","floor":5},{"not_picked":["AsteroidBelt","6A"],"picked":"Orbital","floor":7},{"not_picked":["PowerUp","WitchLeyline"],"picked":"DragonMeteor","floor":11},{"not_picked":["SatelliteIllusion","AlicesGift"],"picked":"WitchLeyline","floor":12},{"not_picked":["NonDirectionalLaser","Robbery"],"picked":"PropBag","floor":13},{"not_picked":["UnstableBomb","Robbery"],"picked":"BlazeAway","floor":14},{"not_picked":["SatelliteIllusion","MillisecondPulsars"],"picked":"JA","floor":16},{"not_picked":["OneTimeOff","DeepEcoloBomb"],"picked":"AsteroidBelt","floor":18},{"not_picked":["ShootingEcho","PowerUp"],"picked":"LuminesStrike+1","floor":24},{"not_picked":["NonDirectionalLaser","MillisecondPulsars"],"picked":"EscapeVelocity","floor":25},{"not_picked":["SporeBomb","OneTimeOff"],"picked":"MysteriousBeam+1","floor":27},{"not_picked":["EnergyFlow","Occultation+1"],"picked":"LuminesStrike+1","floor":28},{"not_picked":["IllusionStar","Robbery"],"picked":"BinaryStars","floor":30},{"not_picked":["DoubleSpark","SuperPerseids"],"picked":"DragonMeteor","floor":31},{"not_picked":["TreasureHunter","ManaRampage"],"picked":"SuperNova","floor":33},{"not_picked":["ManaConvection","SporeBomb+1"],"picked":"EarthLightRay+1","floor":35},{"not_picked":["6A","ShootingEcho"],"picked":"GalacticHalo+1","floor":38},{"not_picked":["ManaRampage","WitchOfGreed"],"picked":"SuperPerseids+1","floor":41},{"not_picked":["LuminesStrike","DoubleSpark+1","SporeBomb+1"],"picked":"SKIP","floor":42},{"not_picked":["NonDirectionalLaser+1","6A"],"picked":"DC","floor":44},{"not_picked":["OrrerysSun+1","6A+1"],"picked":"MilkyWay+1","floor":45},{"not_picked":["MilkyWay+1","IllusionStar+1"],"picked":"ShootingEcho+1","floor":47},{"not_picked":["ChargeUpSpray+1","ShootingEcho"],"picked":"DC+1","floor":48},{"not_picked":["DeepEcoloBomb","WitchLeyline"],"picked":"BinaryStars","floor":54}],"player_experience":216344,"relics_obtained":[{"floor":9,"key":"Replay:Arrowhead"},{"floor":25,"key":"Incense Burner"},{"floor":30,"key":"Replay:Rubber Ducky"},{"floor":37,"key":"Simple Rune"},{"floor":41,"key":"Torii"},{"floor":43,"key":"Art of War"},{"floor":54,"key":"ReplayFunnel"}],"event_choices":[{"damage_healed":0,"gold_gain":0,"player_choice":"Paid Gold","damage_taken":0,"relics_obtained":["Onion Ring"],"max_hp_gain":0,"max_hp_loss":0,"event_name":"WeMeetAgain","floor":2,"gold_loss":71},{"damage_healed":0,"gold_gain":0,"player_choice":"Entered Light","damage_taken":15,"max_hp_gain":0,"max_hp_loss":0,"event_name":"Shining Light","floor":8,"gold_loss":0,"cards_upgraded":["MasterSpark","Defend_MRS"]},{"damage_healed":0,"gold_gain":0,"cards_transformed":["Strike_MRS"],"player_choice":"Transformed","damage_taken":0,"max_hp_gain":0,"max_hp_loss":0,"event_name":"Transmorgrifier","floor":10,"gold_loss":0,"cards_obtained":["WitchLeyline"]},{"damage_healed":0,"gold_gain":0,"player_choice":"Ignored","damage_taken":0,"max_hp_gain":0,"max_hp_loss":0,"event_name":"Ghosts","floor":19,"gold_loss":0},{"damage_healed":0,"gold_gain":0,"player_choice":"Ignored","damage_taken":0,"max_hp_gain":0,"max_hp_loss":0,"event_name":"NoteForYourself","floor":21,"gold_loss":0},{"damage_healed":0,"gold_gain":0,"player_choice":"Upgraded","damage_taken":0,"max_hp_gain":0,"max_hp_loss":0,"event_name":"Upgrade Shrine","floor":39,"gold_loss":0,"cards_upgraded":["LuminesStrike"]}],"is_beta":false,"boss_relics":[{"not_picked":["Fusion Hammer","Replay:Wanted Poster"],"picked":"Snecko Heart"},{"not_picked":["construct:ClawGrip","Honey Jar"],"picked":"bronze:MakeshiftBattery"}],"items_purged_floors":[],"is_endless":false,"potions_floor_spawned":[5,11,12,13,27,28,30,35,38,45,48],"killed_by":"The Heart","ascension_level":0}}