{"host":"pgm1p3lvdjflie30","time":1612930234,"event":{"mods":["AchievementEnabler","Alarm Clock","Aspiration","BaseMod","Challenge The Spire","Colored Map","Colored Powertips","Dark Map","Energized Spire","Hermit","HornydragonMod","Minty Spire (QoL Compilation)","Quarter Circle Forward PUNCH!","Quick Restart","Relic Stats","Robot Space Explorer","Spicy Shops","StSLib","The Blackbeard","The IronCluck","Waifu the Spire","【功能Mod】混沌之?修复?丁","篝火指南"],"gold_per_floor":[81,181,198,218,237,237,248,248,273,273,253,270,270,56,56,153,153,137,137,137,137,157,157,8,8,8,23,41,55,67,67,67,67,67],"floor_reached":33,"language":"ZHS","playtime":1780,"items_purged":["Parasite"],"score":239,"play_id":"288dbe3f-b959-47f7-ae88-76e8de173c18","local_time":"20210210121034","is_ascension_mode":false,"campfire_choices":[{"data":"Fury","floor":6,"key":"SMITH"},{"data":"BottleAttack","floor":8,"key":"SMITH"},{"data":"Alcoholic","floor":13,"key":"SMITH"},{"data":"Flash of Steel","floor":15,"key":"SMITH"},{"data":"FearFace","floor":23,"key":"SMITH"},{"floor":25,"key":"REST"},{"floor":32,"key":"REST"}],"circlet_count":0,"master_deck":["Strike_HD","Strike_HD","Strike_HD","Strike_HD","DrunkenFist","Defend_HD","Defend_HD","Defend_HD","Defend_HD","AlcoholBarrier","BreakDrink","BottleAttack+1","Fury+1","Trumpet","StrangeSheild","Oolong","Alcoholic+1","Fbi","Flash of Steel+1","FearFace+1","AlcoholAttack","Ahahah+1","HeadDefend","PowerGlove","Beer","Brimstone","Metabolism"],"relics":["WineBottle"],"acts_visited":["Exordium","TheCity"],"potions_floor_usage":[16,16,16,27,28,29,30,33,33],"damage_taken":[{"damage":5,"enemies":"Jaw Worm","floor":1,"turns":6},{"damage":0,"enemies":"Cultist","floor":3,"turns":4},{"damage":5,"enemies":"Small Slimes","floor":4,"turns":4},{"damage":6,"enemies":"3 Louse","floor":5,"turns":3},{"damage":6,"enemies":"Exordium Thugs","floor":7,"turns":4},{"damage":4,"enemies":"Blue Slaver","floor":12,"turns":3},{"damage":68,"enemies":"The Guardian","floor":16,"turns":11},{"damage":10,"enemies":"2 Thieves","floor":18,"turns":4},{"damage":31,"enemies":"Spheric Guardian","floor":22,"turns":5},{"damage":23,"enemies":"Centurion and Healer","floor":27,"turns":6},{"damage":6,"enemies":"Snake Plant","floor":28,"turns":3},{"damage":17,"enemies":"Chosen and Byrds","floor":29,"turns":6},{"damage":13,"enemies":"Centurion and Healer","floor":30,"turns":3},{"damage":49,"enemies":"Collector","floor":33,"turns":5}],"seed_played":"-7323059600567018937","potions_obtained":[{"floor":4,"key":"LiquidMemories"},{"floor":5,"key":"EssenceOfSteel"},{"floor":11,"key":"FearPotion"},{"floor":18,"key":"GamblersBrew"},{"floor":28,"key":"EssenceOfSteel"},{"floor":29,"key":"Ancient Potion"},{"floor":30,"key":"Fire Potion"}],"is_trial":false,"path_per_floor":["M","?","M","M","M","R","M","R","T","?","?","M","R","$","R","B",null,"M","?","?","?","M","R","$","R","T","M","M","M","M","?","R","B"],"character_chosen":"HORNYDRAGON","items_purchased":["Fbi","Flash of Steel","HeadDefend","Fire Potion","Explosive Potion"],"campfire_rested":2,"item_purchase_floors":[14,14,24,24,24],"current_hp_per_floor":[90,90,90,85,79,79,73,73,73,95,95,91,91,91,91,23,92,82,82,82,82,51,51,51,78,78,55,49,32,19,19,46,0,0],"gold":67,"neow_bonus":"TEN_PERCENT_HP_BONUS","is_daily":false,"chose_seed":false,"campfire_upgraded":5,"win_rate":0.0,"timestamp":1612930234,"path_taken":["M","?","M","?","M","R","M","R","T","?","?","?","R","$","R","BOSS","M","?","?","?","M","R","$","R","T","M","M","M","M","?","R","BOSS"],"items_purchased_type":["Card","Card","Card","Potion","Potion"],"build_version":"2020-12-22","purchased_purges":1,"victory":false,"max_hp_per_floor":[95,95,95,95,95,95,95,95,95,95,95,95,95,92,92,92,92,92,92,92,92,92,92,92,92,92,92,92,92,92,92,92,92,92],"relic_stats":{"counters":[14,67],"obtain_stats":[{"WineBottle":0},{"WineBottle":0},{"WineBottle":0}]},"card_choices":[{"not_picked":["Beer","Nihilism"],"picked":"BottleAttack","floor":1},{"not_picked":["Alcoholic","Scp261"],"picked":"Fury","floor":3},{"not_picked":["DoNotDrink","DrunkenFist"],"picked":"Trumpet","floor":4},{"not_picked":["Wtf","Metabolism"],"picked":"StrangeSheild","floor":5},{"not_picked":["BottleAttack","AlcoholGun"],"picked":"Oolong","floor":7},{"not_picked":["DrunkardWalk","ThrowBottle"],"picked":"Alcoholic","floor":12},{"not_picked":["PointCard0","Ie6"],"picked":"FearFace","floor":16},{"not_picked":["Alcoholic","BunnyJump"],"picked":"AlcoholAttack","floor":18},{"not_picked":["Caffeine","StrangeSheild"],"picked":"Ahahah+1","floor":22},{"not_picked":["Fury+1","Ahahah+1"],"picked":"PowerGlove","floor":27},{"not_picked":["BraveAlcohol+1","Sadman570"],"picked":"Beer","floor":28},{"not_picked":["Beer","Bike"],"picked":"Brimstone","floor":29},{"not_picked":["Scp261+1","GetStonks"],"picked":"Metabolism","floor":30}],"player_experience":372153,"relics_obtained":[],"event_choices":[{"damage_healed":0,"gold_gain":100,"player_choice":"Gold","damage_taken":0,"max_hp_gain":0,"max_hp_loss":0,"event_name":"Wheel of Change","floor":2,"gold_loss":0},{"damage_healed":23,"gold_gain":0,"player_choice":"Healed and dodged fight","damage_taken":0,"max_hp_gain":0,"max_hp_loss":0,"event_name":"Mushrooms","floor":10,"gold_loss":0,"cards_obtained":["Parasite"]},{"damage_healed":0,"gold_gain":0,"player_choice":"Bought 1 Potion","damage_taken":0,"max_hp_gain":0,"max_hp_loss":0,"event_name":"The Woman in Blue","floor":11,"gold_loss":0},{"damage_healed":0,"gold_gain":0,"player_choice":"Ignored","damage_taken":0,"max_hp_gain":0,"max_hp_loss":0,"event_name":"Vampires","floor":19,"gold_loss":0},{"damage_healed":0,"gold_gain":0,"player_choice":"Ignored","damage_taken":0,"max_hp_gain":0,"max_hp_loss":0,"event_name":"Cursed Tome","floor":20,"gold_loss":0},{"damage_healed":0,"gold_gain":0,"player_choice":"Ignored","damage_taken":0,"max_hp_gain":0,"max_hp_loss":0,"event_name":"The Mausoleum","floor":31,"gold_loss":0}],"is_beta":false,"boss_relics":[{"not_picked":["energizedSpire:NeverEndingSparkler","Fusion Hammer","energizedSpire:HugeHouse"]}],"items_purged_floors":[14],"is_endless":false,"potions_floor_spawned":[4,5,12,18,28,29,30],"killed_by":"Collector","ascension_level":0}}