{"host":"9bcvatsnbq1a3xq4","time":1612978102,"event":{"mods":["BaseMod","Bestiary","Block Reminder","Highlight Path","Minty Spire (QoL Compilation)","Relic Stats"],"gold_per_floor":[110,129,181,12,22,22,42,52,99,45,45,78,78,97,97,173,173,183,16,35,35,35,35,35,75,75,100,100,100],"floor_reached":28,"language":"ENG","playtime":1444,"items_purged":[],"score":501,"play_id":"0fc421a5-bef9-4755-90c5-5532cecbd2ae","local_time":"20210210182822","is_ascension_mode":true,"campfire_choices":[{"data":"Sunder","floor":6,"key":"SMITH"},{"floor":11,"key":"REST"},{"data":"Doom and Gloom","floor":13,"key":"SMITH"},{"data":"Zap","floor":15,"key":"SMITH"},{"floor":23,"key":"REST"}],"circlet_count":0,"master_deck":["AscendersBane","Defend_B","Defend_B","Defend_B","Defend_B","Zap+1","Dualcast","Compile Driver","Sunder+1","Capacitor","Doom and Gloom+1","Ball Lightning","Steam","Genetic Algorithm","Biased Cognition","Stack","Seek","White Noise","Bite","Bite","Bite","Bite","Bite","Buffer","Glacier+1"],"relics":["SacredBark","Happy Flower","Akabeko","Anchor","Vajra","Philosopher\u0027s Stone","CeramicFish","Mummified Hand"],"acts_visited":["Exordium","TheCity"],"potions_floor_usage":[12,16,25,25],"damage_taken":[{"damage":1,"enemies":"Cultist","floor":1,"turns":3},{"damage":1,"enemies":"Small Slimes","floor":2,"turns":4},{"damage":0,"enemies":"2 Louse","floor":5,"turns":2},{"damage":33,"enemies":"Large Slime","floor":7,"turns":7},{"damage":11,"enemies":"Blue Slaver","floor":8,"turns":4},{"damage":2,"enemies":"3 Sentries","floor":12,"turns":4},{"damage":1,"enemies":"Lots of Slimes","floor":14,"turns":3},{"damage":34,"enemies":"Slime Boss","floor":16,"turns":7},{"damage":30,"enemies":"Shell Parasite","floor":18,"turns":4},{"damage":23,"enemies":"Chosen","floor":20,"turns":5},{"damage":14,"enemies":"Slavers","floor":25,"turns":4},{"damage":21,"enemies":"Centurion and Healer","floor":27,"turns":5},{"damage":7,"enemies":"3 Cultists","floor":28,"turns":2}],"seed_played":"-834920024760340721","potions_obtained":[{"floor":5,"key":"SpeedPotion"},{"floor":12,"key":"Ancient Potion"},{"floor":16,"key":"LiquidBronze"},{"floor":18,"key":"BlessingOfTheForge"}],"is_trial":false,"path_per_floor":["M","M","T","$","M","R","M","M","T","?","R","E","R","M","R","B",null,"M","$","M","?","?","R","$","E","T","M","M"],"character_chosen":"DEFECT","items_purchased":["Happy Flower","Seek"],"campfire_rested":2,"item_purchase_floors":[4,19],"current_hp_per_floor":[63,62,62,62,62,62,29,18,18,18,39,37,37,36,36,2,54,24,24,1,1,1,15,15,12,12,3,0,0],"gold":100,"neow_bonus":"BOSS_RELIC","is_daily":false,"chose_seed":false,"campfire_upgraded":3,"win_rate":0.0,"timestamp":1612978102,"path_taken":["M","M","?","$","?","R","M","M","T","?","R","E","R","M","R","BOSS","M","?","M","?","?","R","?","E","T","?","M"],"items_purchased_type":["Relic","Card"],"build_version":"2020-12-22","purchased_purges":0,"victory":false,"max_hp_per_floor":[71,71,71,71,71,71,71,71,71,71,71,71,71,71,71,71,71,71,71,71,49,49,49,49,49,49,49,49,49],"relic_stats":{"Happy Flower":[15],"counters":[13,54],"Mummified Hand":[7],"CeramicFish":18,"obtain_stats":[{"Anchor":10,"Happy Flower":4,"Mummified Hand":26,"SacredBark":0,"CeramicFish":25,"Vajra":12,"Philosopher\u0027s Stone":17,"Cracked Core":0,"Akabeko":9},{"Anchor":5,"Happy Flower":2,"Mummified Hand":11,"SacredBark":0,"CeramicFish":11,"Vajra":6,"Philosopher\u0027s Stone":8,"Cracked Core":0,"Akabeko":5},{"Anchor":20,"Happy Flower":7,"Mummified Hand":47,"SacredBark":0,"CeramicFish":47,"Vajra":24,"Philosopher\u0027s Stone":34,"Cracked Core":0,"Akabeko":20}]},"card_choices":[{"not_picked":["Turbo","BootSequence"],"picked":"Compile Driver","floor":1},{"not_picked":["Chill","Hello World"],"picked":"Sunder","floor":2},{"not_picked":["Force Field","Redo"],"picked":"Capacitor","floor":5},{"not_picked":["Scrape","Streamline"],"picked":"Doom and Gloom","floor":7},{"not_picked":["Reinforced Body","Melter"],"picked":"Ball Lightning","floor":8},{"not_picked":["Streamline","Stack"],"picked":"Steam","floor":12},{"not_picked":["Leap","Beam Cell"],"picked":"Genetic Algorithm","floor":14},{"not_picked":["Amplify","Meteor Strike"],"picked":"Biased Cognition","floor":16},{"not_picked":["Streamline","Turbo+1"],"picked":"Stack","floor":18},{"not_picked":["Melter","Blizzard"],"picked":"White Noise","floor":20},{"not_picked":["Redo","Barrage"],"picked":"Buffer","floor":25},{"not_picked":["Stack","Rebound"],"picked":"Glacier+1","floor":27}],"player_experience":828079,"relics_obtained":[{"floor":9,"key":"Akabeko"},{"floor":12,"key":"Vajra"},{"floor":25,"key":"CeramicFish"},{"floor":26,"key":"Mummified Hand"}],"event_choices":[{"damage_healed":0,"gold_gain":0,"player_choice":"Paid Gold","damage_taken":0,"relics_obtained":["Anchor"],"max_hp_gain":0,"max_hp_loss":0,"event_name":"WeMeetAgain","floor":10,"gold_loss":54},{"damage_healed":0,"gold_gain":0,"player_choice":"Became a vampire","damage_taken":0,"max_hp_gain":0,"max_hp_loss":22,"event_name":"Vampires","floor":21,"gold_loss":0,"cards_obtained":["Bite","Bite","Bite","Bite","Bite"]}],"is_beta":false,"boss_relics":[{"not_picked":["Busted Crown","Empty Cage"],"picked":"Philosopher\u0027s Stone"}],"items_purged_floors":[],"is_endless":false,"potions_floor_spawned":[5,12,16,18],"killed_by":"3 Cultists","ascension_level":20}}