{"host":"txhhdwa0hqfs4jhb","time":1612997567,"event":{"mods":["BaseMod","Better Third Choice","Filter the Spire","Fox Events","Minty Spire (QoL Compilation)","Relic Filter Mod","Relic Stats","Reliquary","StSLib","Thieving Mod"],"gold_per_floor":[414,414,414,489,253,253,253,253,253,279,279,279,279,279,279,355,355,368,283,300,300,325,325,325,325,325,325,338,338,365,26,26,101,101,118,118,147,147,164,164,198,198,198,198,198,40,65,91,91,91,91,91],"floor_reached":51,"language":"ENG","playtime":1454,"items_purged":["Twin Strike"],"score":1689,"play_id":"45c690d8-9112-4550-ad0a-6efb357fd90d","local_time":"20210210225247","daily_mods":["SealedDeck","Heirloom","Flight","DeadlyEvents"],"is_ascension_mode":true,"campfire_choices":[{"data":"Searing Blow+1","floor":6,"key":"SMITH"},{"data":"Searing Blow+2","floor":7,"key":"SMITH"},{"data":"Entrench","floor":8,"key":"SMITH"},{"data":"Searing Blow+3","floor":11,"key":"SMITH"},{"data":"Searing Blow+4","floor":12,"key":"SMITH"},{"data":"Searing Blow+5","floor":13,"key":"SMITH"},{"data":"Searing Blow+6","floor":15,"key":"SMITH"},{"data":"Searing Blow+7","floor":23,"key":"SMITH"},{"data":"Searing Blow+8","floor":24,"key":"SMITH"},{"data":"Searing Blow+9","floor":25,"key":"SMITH"},{"data":"Searing Blow+10","floor":27,"key":"SMITH"},{"data":"Armaments","floor":29,"key":"SMITH"},{"data":"Searing Blow+11","floor":32,"key":"SMITH"},{"data":"Searing Blow+12","floor":40,"key":"SMITH"},{"data":"Searing Blow+13","floor":42,"key":"SMITH"},{"data":"Searing Blow+14","floor":44,"key":"SMITH"},{"data":"Searing Blow+15","floor":45,"key":"SMITH"},{"data":"Searing Blow+16","floor":49,"key":"SMITH"}],"circlet_count":0,"master_deck":["AscendersBane","Rampage","Flame Barrier","Entrench+1","Headbutt","Flame Barrier","Shrug It Off","Searing Blow+17","Armaments+1"],"relics":["Burning Blood","Old Coin","Blue Candle","reliquary:OuijaBoard","Gambling Chip","Happy Flower","Gremlin Horn","Eternal Feather","Meat on the Bone","Empty Cage","reliquary:Crutches","reliquary:SilkGlove","reliquary:Sideboard","Orichalcum","Turnip","Lantern","Bag of Preparation","Coffee Dripper","Potion Belt","Pantograph","reliquary:PartyBalloon","ClockworkSouvenir","Calipers","reliquary:WeakTea"],"acts_visited":["Exordium","TheCity","TheBeyond"],"potions_floor_usage":[10,22,36,51,51],"damage_taken":[{"damage":0.0,"enemies":"2 Louse","floor":1.0,"turns":2.0},{"damage":4,"enemies":"3 Sentries","floor":10,"turns":5},{"damage":12,"enemies":"Hexaghost","floor":16,"turns":6},{"damage":0,"enemies":"3 Byrds","floor":18,"turns":2},{"damage":0,"enemies":"Chosen","floor":20,"turns":2},{"damage":0,"enemies":"Gremlin Leader","floor":22,"turns":4},{"damage":0,"enemies":"Centurion and Healer","floor":28,"turns":2},{"damage":9,"enemies":"Book of Stabbing","floor":30,"turns":3},{"damage":18,"enemies":"Automaton","floor":33,"turns":3},{"damage":4,"enemies":"3 Shapes","floor":35,"turns":3},{"damage":64,"enemies":"Reptomancer","floor":37,"turns":3},{"damage":0,"enemies":"Orb Walker","floor":39,"turns":1},{"damage":20,"enemies":"Nemesis","floor":41,"turns":3},{"damage":0,"enemies":"Reptomancer","floor":47,"turns":1},{"damage":0,"enemies":"Time Eater","floor":50,"turns":4},{"damage":82,"enemies":"Awakened One","floor":51,"turns":5}],"seed_played":"6528916793188596195","potions_obtained":[{"floor":1.0,"key":"SkillPotion"},{"floor":10,"key":"Swift Potion"},{"floor":22,"key":"FearPotion"},{"floor":28,"key":"ColorlessPotion"},{"floor":36,"key":"Fruit Juice"},{"floor":36,"key":"Dexterity Potion"},{"floor":47,"key":"Explosive Potion"}],"is_trial":true,"path_per_floor":["M","?","?","?","$","R","R","R","T","E","R","R","R","T","R","B",null,"M","?","M","T","E","R","R","R","T","R","M","R","E","$","R","B",null,"M","?","E","?","M","R","E","R","T","R","R","$","E","T","R","B","B"],"character_chosen":"IRONCLAD","items_purchased":["Happy Flower","Lantern","Bag of Preparation","ClockworkSouvenir"],"campfire_rested":0,"item_purchase_floors":[5,31,31,46],"current_hp_per_floor":[74,41,41,30,30,30,30,30,30,32,38,44,50,50,56,50,69,75,75,75,75,75,75,75,75,75,75,75,75,72,72,75,63,72,74,79,33,33,51,54,52,55,55,58,61,61,67,67,70,80,0,0],"gold":91,"neow_bonus":"","is_daily":false,"chose_seed":false,"campfire_upgraded":18,"win_rate":0.0,"timestamp":1612997567,"path_taken":["M","?","?","?","?","R","R","R","T","?","R","R","R","?","R","BOSS","M","?","M","?","?","R","R","R","T","R","?","R","E","$","R","BOSS","M","?","?","?","?","R","E","R","T","R","R","$","?","?","R","BOSS","BOSS"],"items_purchased_type":["Relic","Relic","Relic","Relic"],"build_version":"2020-12-22","purchased_purges":1,"victory":false,"max_hp_per_floor":[75,75,75,75,75,75,75,75,75,75,75,75,75,75,75,75,75,75,75,75,75,75,75,75,75,75,75,75,75,75,75,75,75,75,75,80,80,80,80,80,80,80,80,80,80,80,80,80,80,80,80,80],"relic_stats":{"Happy Flower":[15],"Gremlin Horn":[18,18],"counters":[16,49],"Blue Candle":[0],"Eternal Feather":42,"Bag of Preparation":[16],"Orichalcum":[18],"Burning Blood":66,"Gambling Chip":[34],"Pantograph":10,"Turnip":[1],"obtain_stats":[{"reliquary:OuijaBoard":2,"Potion Belt":37,"Lantern":31,"reliquary:SilkGlove":21,"Calipers":47,"Happy Flower":5,"Gremlin Horn":9,"reliquary:Sideboard":22,"reliquary:PartyBalloon":43,"Blue Candle":2,"Eternal Feather":10,"Bag of Preparation":31,"reliquary:WeakTea":48,"Orichalcum":26,"Empty Cage":17,"Burning Blood":0,"Old Coin":0,"ClockworkSouvenir":46,"reliquary:Crutches":19,"Gambling Chip":5,"Pantograph":41,"Turnip":30,"Coffee Dripper":34,"Meat on the Bone":14},{"reliquary:OuijaBoard":1,"Potion Belt":11,"Lantern":8,"reliquary:SilkGlove":5,"Calipers":14,"Happy Flower":1,"Gremlin Horn":1,"reliquary:Sideboard":6,"reliquary:PartyBalloon":13,"Blue Candle":1,"Eternal Feather":2,"Bag of Preparation":8,"reliquary:WeakTea":14,"Orichalcum":6,"Empty Cage":3,"Burning Blood":0,"Old Coin":0,"ClockworkSouvenir":13,"reliquary:Crutches":4,"Gambling Chip":1,"Pantograph":13,"Turnip":8,"Coffee Dripper":9,"Meat on the Bone":2},{"reliquary:OuijaBoard":2,"Potion Belt":35,"Lantern":26,"reliquary:SilkGlove":17,"Calipers":40,"Happy Flower":2,"Gremlin Horn":2,"reliquary:Sideboard":21,"reliquary:PartyBalloon":39,"Blue Candle":2,"Eternal Feather":7,"Bag of Preparation":26,"reliquary:WeakTea":40,"Orichalcum":21,"Empty Cage":13,"Burning Blood":0,"Old Coin":0,"ClockworkSouvenir":39,"reliquary:Crutches":15,"Gambling Chip":2,"Pantograph":39,"Turnip":26,"Coffee Dripper":29,"Meat on the Bone":7}],"Meat on the Bone":36},"card_choices":[{"not_picked":["Iron Wave","Ghostly Armor","Thunderclap"],"picked":"SKIP","floor":1.0},{"not_picked":["Spot Weakness","Twin Strike","Heavy Blade"],"picked":"SKIP","floor":10},{"not_picked":["Pommel Strike","Wild Strike","Inflame"],"picked":"SKIP","floor":18},{"not_picked":["Spot Weakness","Thunderclap","Shrug It Off"],"picked":"SKIP","floor":20},{"not_picked":["Ghostly Armor","Dropkick","Rupture+1"],"picked":"SKIP","floor":22},{"not_picked":["Ghostly Armor","Dropkick","Rupture+1"],"picked":"SKIP","floor":22},{"not_picked":["Thunderclap+1","Disarm"],"picked":"Armaments","floor":28},{"not_picked":["Twin Strike","Whirlwind","Combust"],"picked":"SKIP","floor":30},{"not_picked":["Clash","Body Slam","Carnage"],"picked":"SKIP","floor":35},{"not_picked":["Infernal Blade+1","Havoc","Rampage+1"],"picked":"SKIP","floor":37},{"not_picked":["Twin Strike","Heavy Blade","Cleave+1"],"picked":"SKIP","floor":39},{"not_picked":["Cleave+1","Heavy Blade+1","Demon Form"],"picked":"SKIP","floor":41},{"not_picked":["Havoc+1","Clash","Iron Wave"],"picked":"SKIP","floor":47}],"player_experience":309691,"relics_obtained":[{"floor":9,"key":"Gremlin Horn"},{"floor":10,"key":"Eternal Feather"},{"floor":14,"key":"Meat on the Bone"},{"floor":21,"key":"reliquary:SilkGlove"},{"floor":22,"key":"reliquary:Sideboard"},{"floor":26,"key":"Orichalcum"},{"floor":30,"key":"Turnip"},{"floor":37,"key":"Potion Belt"},{"floor":41,"key":"Pantograph"},{"floor":43,"key":"reliquary:PartyBalloon"},{"floor":47,"key":"Calipers"},{"floor":48,"key":"reliquary:WeakTea"}],"event_choices":[{"damage_healed":0.0,"max_hp_gain":0.0,"max_hp_loss":0.0,"gold_gain":1.0,"event_name":"betterThird:BetterScrap","player_choice":"Relic Relic ","floor":2.0,"gold_loss":0.0,"damage_taken":33.0,"cards_obtained":["Ragnarok"]},{"damage_healed":0.0,"max_hp_gain":0.0,"max_hp_loss":0.0,"gold_gain":0.0,"event_name":"Living Wall","player_choice":"Grow","floor":3.0,"gold_loss":0.0,"damage_taken":0.0,"cards_upgraded":["Searing Blow"]},{"damage_healed":0.0,"max_hp_gain":0.0,"max_hp_loss":0.0,"gold_gain":75.0,"event_name":"betterThird:BetterGoop","player_choice":"Gold","floor":4.0,"gold_loss":0.0,"damage_taken":11.0},{"damage_healed":0,"gold_gain":0,"player_choice":"Obtained Relic","damage_taken":0,"relics_obtained":["reliquary:Crutches"],"max_hp_gain":0,"max_hp_loss":0,"event_name":"Addict","floor":19,"gold_loss":85},{"damage_healed":0,"gold_gain":0,"player_choice":"Got Potions","damage_taken":0,"max_hp_gain":0,"max_hp_loss":0,"event_name":"Lab","floor":36,"gold_loss":0}],"is_beta":false,"boss_relics":[{"not_picked":["Astrolabe","SacredBark"],"picked":"Empty Cage"},{"not_picked":["Sozu","Calling Bell"],"picked":"Coffee Dripper"}],"items_purged_floors":[5],"is_endless":false,"potions_floor_spawned":[1,10,22,28,30,33,35,47],"killed_by":"Awakened One","ascension_level":20}}