{"host":"ffqn1azj9urswy62","time":1612972188,"event":{"mods":["BaseMod","Better Third Choice","Conspire","Googly Eyes","Hubris","Minty Spire (QoL Compilation)","Replay The Spire","StSLib","Wandering Minibosses","slay the spire mod where everything is the same but ironclad has a cowboy hat"],"gold_per_floor":[119,119,119,137,152,152,180,196,221,253,253,264,275,123,123,223,223,236,250,5,18,18,18,18,44,44,79,106,106,116,116,116,136,136,238,238,256,256,256,12,26,26,43,61,108,108,125,158,176,176,176,176,176,176,26,61,61,61],"floor_reached":57,"language":"ENG","playtime":3309,"items_purged":["Strike_R","Strike_R","Defend_R","Strike_R"],"score":902,"play_id":"18a73184-2b04-4c61-b509-79e9089b2f9c","local_time":"20210210104948","is_ascension_mode":true,"campfire_choices":[{"data":"Pommel Strike","floor":6,"key":"SMITH"},{"data":"Fire Breathing","floor":15,"key":"SMITH"},{"data":"Fire Breathing","floor":26,"key":"SMITH"},{"data":"Pot Of Greed","floor":31,"key":"SMITH"},{"data":"Evolve","floor":34,"key":"SMITH"},{"floor":51,"key":"RECALL"},{"data":"Fire Breathing","floor":54,"key":"SMITH"}],"circlet_count":0,"master_deck":["Defend_R","Bash","Pommel Strike+1","Hallucinations","conspire:ExplosiveBarrier","Replay:Many Hands","Shrug It Off","Evolve+1","Fire Breathing+1","Fire Breathing+1","Brutality","Power Through+1","True Grit","Power Through","Wild Strike+1","Pot Of Greed+1","Pot Of Greed+1","wanderingMiniBosses:FinaleOfPromise","Fire Breathing+1","Wild Strike"],"relics":["Burning Blood","NeowsBlessing","Ring of Peace","Art of War","Replay:Bottled Snecko","Blood Vial","Prayer Wheel","Sozu","Replay:Rubber Ducky","Juzu Bracelet","Potion Belt","Grinning Jar","Empty Cage","wanderingMiniBosses:Blackblade","Omamori","hubris:Icosahedron","Bag of Marbles"],"acts_visited":["Exordium","TheCity","TheBeyond","TheEnding"],"potions_floor_usage":[7,7,19,52],"damage_taken":[{"damage":0,"enemies":"Small Slimes","floor":1,"turns":1},{"damage":0,"enemies":"Jaw Worm","floor":4,"turns":1},{"damage":0,"enemies":"Cultist","floor":5,"turns":1},{"damage":10,"enemies":"Gremlin Nob","floor":7,"turns":4},{"damage":0,"enemies":"Large Slime","floor":8,"turns":6},{"damage":35,"enemies":"3 Sentries","floor":10,"turns":10},{"damage":0,"enemies":"Blue Slaver","floor":12,"turns":5},{"damage":12,"enemies":"Looter","floor":13,"turns":8},{"damage":0,"enemies":"Fading Forest","floor":16,"turns":11},{"damage":5,"enemies":"Chosen","floor":18,"turns":4},{"damage":9,"enemies":"3 Byrds","floor":19,"turns":5},{"damage":3,"enemies":"Snecko","floor":21,"turns":7},{"damage":19,"enemies":"Slavers","floor":25,"turns":4},{"damage":3,"enemies":"Gremlin Leader","floor":27,"turns":5},{"damage":17,"enemies":"Centurion and Healer","floor":30,"turns":6},{"damage":1,"enemies":"Sentry and Sphere","floor":33,"turns":5},{"damage":49,"enemies":"hubris:MusketHawk","floor":35,"turns":7},{"damage":12,"enemies":"3 Darklings","floor":37,"turns":5},{"damage":1,"enemies":"3 Shapes","floor":41,"turns":3},{"damage":1,"enemies":"3 Darklings","floor":43,"turns":4},{"damage":0,"enemies":"Jaw Worm Horde","floor":44,"turns":3},{"damage":33,"enemies":"Spire Growth","floor":47,"turns":4},{"damage":28,"enemies":"R_Hoarder","floor":48,"turns":7},{"damage":0,"enemies":"4 Shapes","floor":49,"turns":3},{"damage":35,"enemies":"Time Eater","floor":52,"turns":8},{"damage":45,"enemies":"Shield and Spear","floor":56,"turns":4},{"damage":46,"enemies":"The Heart","floor":57,"turns":6}],"seed_played":"-2753632393298307596","potions_obtained":[{"floor":1,"key":"AttackPotion"},{"floor":4,"key":"DistilledChaos"},{"floor":13,"key":"Fire Potion"},{"floor":16,"key":"BloodPotion"}],"is_trial":false,"path_per_floor":["M","?","?","M","M","R","E","M","T","E","?","M","M","$","R","B",null,"M","M","$","M","$","PTL","PTL","E","R","E","T","?","M","R","?","M","R","B",null,"M","?","?","$","M","$","M","M","T","?","M","E","M","?","R","B",null,"R","$","E","B"],"character_chosen":"IRONCLAD","items_purchased":["Fire Breathing","Replay:Rubber Ducky","Fire Breathing","Wild Strike"],"campfire_rested":0,"item_purchase_floors":[14,20,40,40],"current_hp_per_floor":[80,80,73,79,80,80,76,80,80,51,51,59,55,55,55,63,80,80,77,77,80,80,80,80,67,67,72,72,72,63,63,80,80,80,37,80,74,74,74,74,80,80,80,80,80,80,53,33,41,41,41,30,80,80,80,41,0,0],"gold":61,"neow_bonus":"THREE_ENEMY_KILL","is_daily":false,"chose_seed":false,"campfire_upgraded":6,"win_rate":0.0,"timestamp":1612972188,"path_taken":["M","?","?","M","M","R","E","M","T","E","?","M","M","$","R","BOSS","M","M","$","?","$","PTL","PTL","E","R","E","T","?","M","R","?","M","R","BOSS","M","?","?","$","M","?","M","M","T","?","M","E","M","?","R","BOSS","R","$","E","BOSS"],"items_purchased_type":["Card","Relic","Card","Card"],"build_version":"2020-12-22","purchased_purges":4,"victory":false,"max_hp_per_floor":[80,80,80,80,80,80,80,80,80,80,80,80,80,80,80,80,80,80,80,80,80,80,80,80,80,80,80,80,80,80,80,80,80,80,80,80,80,80,80,80,80,80,80,80,80,80,80,80,80,80,80,80,80,80,80,80,80,80],"card_choices":[{"not_picked":["ReplayTheSpireMod:Stacked","Run Through"],"picked":"Pommel Strike","floor":1},{"not_picked":["Wild Strike","Abandon"],"picked":"conspire:ExplosiveBarrier","floor":4},{"not_picked":["Armaments","Pummel","Havoc"],"picked":"SKIP","floor":5},{"not_picked":["Headbutt","Twin Strike"],"picked":"Replay:Many Hands","floor":7},{"not_picked":["Iron Wave","Dropkick","Clash"],"picked":"SKIP","floor":8},{"not_picked":["Wild Strike","Power Through"],"picked":"Shrug It Off","floor":10},{"not_picked":["Dark Embrace","Warcry"],"picked":"Evolve","floor":12},{"not_picked":["hubris:ReadiedAction","Run Through","Rupture"],"picked":"SKIP","floor":12},{"not_picked":["Havoc","Pummel"],"picked":"Fire Breathing","floor":13},{"not_picked":["Anger","Metallicize","Thunderclap"],"picked":"SKIP","floor":13},{"not_picked":["Barricade","Feed"],"picked":"Brutality","floor":16},{"not_picked":["Anger+1","Clash"],"picked":"Power Through+1","floor":18},{"not_picked":["Ghostly Armor","Iron Wave"],"picked":"True Grit","floor":18},{"not_picked":["Disarm+1","Warcry","Body Slam"],"picked":"SKIP","floor":19},{"not_picked":["Sword Boomerang","Clash","Dark Embrace"],"picked":"SKIP","floor":19},{"not_picked":["Combust+1","Twin Strike"],"picked":"Power Through","floor":21},{"not_picked":["Armaments","Battle Trance","Body Slam+1"],"picked":"SKIP","floor":21},{"not_picked":["Replay:Undeath\u0027s Touch","Cleave+1"],"picked":"Wild Strike+1","floor":25},{"not_picked":["Anger","Twin Strike","Havoc+1"],"picked":"SKIP","floor":27},{"not_picked":["Pummel+1","Combust","Demon Form"],"picked":"SKIP","floor":30},{"not_picked":["hubris:CleavingFinish","Perfected Strike+1","Anger"],"picked":"SKIP","floor":30},{"not_picked":["Replay:Undeath\u0027s Touch+1","Shrug It Off","Rage+1"],"picked":"SKIP","floor":33},{"not_picked":["True Grit","Warcry+1","hubris:SharpeningStone"],"picked":"SKIP","floor":33},{"not_picked":[],"picked":"wanderingMiniBosses:FinaleOfPromise","floor":37},{"not_picked":["Havoc","Perfected Strike","Cleave"],"picked":"SKIP","floor":37},{"not_picked":["ReplayTheSpireMod:Stacked","Anger","Bloodletting"],"picked":"SKIP","floor":37},{"not_picked":["Cleave+1","Dual Wield+1","True Grit"],"picked":"SKIP","floor":41},{"not_picked":["Twin Strike+1","hubris:ReadiedAction","Seeing Red"],"picked":"SKIP","floor":41},{"not_picked":["Carnage+1","ReplayTheSpireMod:Limb From Limb","True Grit"],"picked":"SKIP","floor":43},{"not_picked":["Replay:Undeath\u0027s Touch+1","Combust+1","ReplayTheSpireMod:Strike From Hell"],"picked":"SKIP","floor":43},{"not_picked":["Headbutt","Power Through","Ghostly Armor+1"],"picked":"SKIP","floor":44},{"not_picked":["Barricade","Wild Strike+1","Hemokinesis+1"],"picked":"SKIP","floor":44},{"not_picked":["Dropkick","Perfected Strike","ReplayReversal+1"],"picked":"SKIP","floor":47},{"not_picked":["Flex+1","ReplayTheSpireMod:Limb From Limb+1","True Grit"],"picked":"SKIP","floor":47},{"not_picked":["Iron Wave+1","Life Link","Entrench"],"picked":"SKIP","floor":48},{"not_picked":["ReplayTheSpireMod:Strike From Hell+1","Pommel Strike+1","Iron Wave+1"],"picked":"SKIP","floor":49},{"not_picked":["Seeing Red","Rupture+1","ReplayTheSpireMod:Strike From Hell"],"picked":"SKIP","floor":49},{"not_picked":["conspire:Charge+1","Heavy Blade+1","Iron Wave+1"],"picked":"SKIP","floor":56}],"player_experience":666527,"relics_obtained":[{"floor":2,"key":"Ring of Peace"},{"floor":7,"key":"Replay:Bottled Snecko"},{"floor":9,"key":"Blood Vial"},{"floor":10,"key":"Prayer Wheel"},{"floor":25,"key":"Juzu Bracelet"},{"floor":27,"key":"Potion Belt"},{"floor":28,"key":"Grinning Jar"},{"floor":37,"key":"wanderingMiniBosses:Blackblade"},{"floor":48,"key":"Omamori"},{"floor":56,"key":"Bag of Marbles"}],"event_choices":[{"damage_healed":0,"gold_gain":0,"player_choice":"Relic ","damage_taken":7,"max_hp_gain":0,"max_hp_loss":0,"event_name":"betterThird:BetterScrap","floor":3,"gold_loss":0,"cards_obtained":["Force Field"]},{"cards_removed":["Strike_R"],"damage_healed":0,"gold_gain":0,"player_choice":"Card Removal","damage_taken":0,"max_hp_gain":0,"max_hp_loss":0,"event_name":"Wheel of Change","floor":11,"gold_loss":0},{"damage_healed":26,"gold_gain":0,"player_choice":"Heal","damage_taken":0,"max_hp_gain":0,"max_hp_loss":0,"event_name":"The Library","floor":32,"gold_loss":0},{"cards_removed":["Defend_R"],"damage_healed":0,"gold_gain":0,"player_choice":"Offered Basic","damage_taken":0,"max_hp_gain":0,"max_hp_loss":0,"event_name":"Bonfire Elementals","floor":38,"gold_loss":0},{"damage_healed":0,"gold_gain":0,"player_choice":"0 cards matched","damage_taken":0,"max_hp_gain":0,"max_hp_loss":0,"event_name":"Match and Keep!","floor":39,"gold_loss":0,"cards_obtained":[]},{"damage_healed":0,"gold_gain":0,"player_choice":"Memory 1","damage_taken":0,"max_hp_gain":0,"max_hp_loss":0,"event_name":"SensoryStone","floor":46,"gold_loss":0}],"is_beta":false,"boss_relics":[{"not_picked":["hubris:VirtuousBlindfold","Runic Cube"],"picked":"Sozu"},{"not_picked":["Black Blood","hubris:BlackHole"],"picked":"Empty Cage"}],"items_purged_floors":[14,20,40,55],"is_endless":false,"potions_floor_spawned":[1,4,13,16,18,21,30,41,47,48,49],"killed_by":"The Heart","ascension_level":3}}