{"host":"jw4qy1ihmjslahm8","time":1612943046,"event":{"mods":["2.2 Compatiblity","Act Like it!","BaseMod","BetterRewards","Colored Map","Downfall","Duelist Mod","GifTheSpireLib","Hallownest","HololiveMod","Hubris","Infinite Spire","KinomotoSakuraMod(ñÿîVñ{?)","Lobotomy","LobotomyExtend","Minty Spire (QoL Compilation)","Reliquary","Replay The Spire","StSLib","The Alterego","The Animator","WarShipGirlsR/??è≠èóR mod"],"gold_per_floor":[100,200,215,228,240,240,292,392,407,407,470,470,520,551,564,564,564],"floor_reached":16,"language":"ENG","playtime":1146,"items_purged":[],"score":127,"play_id":"21708482-1bc5-49be-a690-540a8ee5b7e8","local_time":"20210209234406","is_ascension_mode":false,"campfire_choices":[{"data":"alterego_mod:BigMeatyClaws","floor":1,"key":"SMITH"},{"data":"alterego_mod:Bunnysuit","floor":6,"key":"SMITH"},{"floor":10,"key":"REST"},{"data":"alterego_mod:DiscoLights","floor":12,"key":"SMITH"}],"circlet_count":0,"master_deck":["infinitespire:Collect","alterego_mod:Strike","alterego_mod:Strike","alterego_mod:Strike","alterego_mod:Strike","alterego_mod:Defend","alterego_mod:Defend","alterego_mod:Defend","alterego_mod:Defend","alterego_mod:Impale","alterego_mod:BigMeatyClaws+1","alterego_mod:BrynhildrsRune","alterego_mod:Jiggle","alterego_mod:Bounce","alterego_mod:Bunnysuit+1","alterego_mod:PresenceConcealment","alterego_mod:DiscoLights+1","alterego_mod:Clap","alterego_mod:SakuraFive","alterego_mod:Exercise"],"relics":["alterego_mod:MasochisticConstitution","LetterFromLob","reliquary:SilkGlove","downfall:CloakOfManyFaces","CultistMask","FaceOfCleric","NlothsMask","GremlinMask","SsserpentHead","downfall:ShatteredFragment","ReplayTheSpireMod:Shallot"],"acts_visited":["Exordium"],"potions_floor_usage":[16],"damage_taken":[{"damage":6,"enemies":"2 Louse","floor":3,"turns":2},{"damage":0,"enemies":"Cultist","floor":4,"turns":2},{"damage":0,"enemies":"Small Slimes","floor":5,"turns":5},{"damage":18,"enemies":"downfall:FaceTrader","floor":8,"turns":10},{"damage":21,"enemies":"Red Slaver","floor":9,"turns":5},{"damage":6,"enemies":"Large Slime","floor":11,"turns":5},{"damage":25,"enemies":"3 Sentries","floor":14,"turns":5},{"damage":9,"enemies":"2 Fungi Beasts","floor":15,"turns":4},{"damage":12,"enemies":"SI_SHIV_ARCHETYPE","floor":16,"turns":5}],"seed_played":"8704677851140356920","potions_obtained":[{"floor":5,"key":"DistilledChaos"},{"floor":9,"key":"LiquidMemories"},{"floor":11,"key":"Elixir"}],"is_trial":false,"path_per_floor":["R","?","M","M","M","R","T","?","M","R","M","R","?","E","M","B"],"character_chosen":"The_Alterego","items_purchased":[],"campfire_rested":1,"item_purchase_floors":[],"current_hp_per_floor":[77,77,72,72,72,72,72,55,36,60,56,56,41,18,11,0,0],"gold":564,"neow_bonus":"TEN_PERCENT_HP_BONUS","is_daily":false,"chose_seed":false,"campfire_upgraded":3,"win_rate":0.0,"timestamp":1612943046,"path_taken":["R","?","M","M","?","R","T","?","M","R","?","R","?","E","M","BOSS"],"items_purchased_type":[],"build_version":"2020-12-22","purchased_purges":0,"victory":false,"max_hp_per_floor":[77,77,78,78,78,78,78,79,81,81,83,83,83,85,87,87,87],"card_choices":[{"not_picked":["alterego_mod:DeftHands","alterego_mod:Punishment"],"picked":"alterego_mod:Jiggle","floor":3},{"not_picked":["alterego_mod:Clones","alterego_mod:DeftHands"],"picked":"alterego_mod:Bounce","floor":4},{"not_picked":["alterego_mod:Belle","alterego_mod:DestructionOfProperty"],"picked":"alterego_mod:Bunnysuit","floor":5},{"not_picked":["alterego_mod:Bunnysuit","alterego_mod:BoobPocket"],"picked":"alterego_mod:PresenceConcealment","floor":8},{"not_picked":["alterego_mod:BiFurious","alterego_mod:SuperDuperMasochism"],"picked":"alterego_mod:DiscoLights","floor":9},{"not_picked":["alterego_mod:DeftHands","alterego_mod:Punishment"],"picked":"alterego_mod:Clap","floor":11},{"not_picked":["alterego_mod:Rip","alterego_mod:Skirt"],"picked":"alterego_mod:SakuraFive","floor":14},{"not_picked":["alterego_mod:Punishment","alterego_mod:Pet"],"picked":"alterego_mod:Exercise","floor":15}],"player_experience":75641,"relics_obtained":[{"floor":3,"key":"LetterFromLob"},{"floor":7,"key":"reliquary:SilkGlove"},{"floor":8,"key":"downfall:CloakOfManyFaces"},{"floor":14,"key":"ReplayTheSpireMod:Shallot"}],"event_choices":[],"is_beta":false,"boss_relics":[],"items_purged_floors":[],"is_endless":false,"potions_floor_spawned":[5,9,11,15],"killed_by":"SI_SHIV_ARCHETYPE","ascension_level":0}}