{"host":"hk6dyp3pgs92n0l4","time":1612933251,"event":{"mods":["AchievementEnabler","BaseMod","Colored Powertips","GifTheSpireLib","Infinite Spire","Minty Spire (QoL Compilation)","Random Character Mod","StSLib","The Bug Knight","The Construct","The Cursed","The Disciple","The Hierophant","The Runesmith"],"gold_per_floor":[110,124,138,151,76,76,104,119,199,230,330,330,348,368,368,368,368],"floor_reached":16,"language":"ENG","playtime":562,"items_purged":["Bash"],"score":114,"play_id":"af81a6dd-629d-4a7d-a2c5-fbba0edad963","local_time":"20210209210051","is_ascension_mode":false,"campfire_choices":[{"data":"Mayhem","floor":6,"key":"SMITH"},{"data":"Feed","floor":12,"key":"SMITH"},{"data":"Pommel Strike","floor":15,"key":"SMITH"}],"circlet_count":0,"master_deck":["Strike_R","Strike_R","Strike_R","Strike_R","Strike_R","Defend_R","Defend_R","Defend_R","Defend_R","Mayhem+1","Perfected Strike","Rage","Feed+1","infinitespire:OneForAll","Pommel Strike+1"],"relics":["Burning Blood","MealTicket","Shovel"],"acts_visited":["Exordium"],"potions_floor_usage":[7,10,16,16],"damage_taken":[{"damage":0,"enemies":"2 Louse","floor":1,"turns":3},{"damage":5,"enemies":"Cultist","floor":2,"turns":4},{"damage":13,"enemies":"Small Slimes","floor":3,"turns":4},{"damage":11,"enemies":"Blue Slaver","floor":4,"turns":4},{"damage":12,"enemies":"3 Sentries","floor":7,"turns":4},{"damage":11,"enemies":"3 Louse","floor":8,"turns":4},{"damage":25,"enemies":"Lagavulin","floor":10,"turns":6},{"damage":20,"enemies":"Large Slime","floor":13,"turns":6},{"damage":5,"enemies":"Looter","floor":14,"turns":3},{"damage":23,"enemies":"The Guardian","floor":16,"turns":5}],"seed_played":"5951514679433611238","potions_obtained":[{"floor":2,"key":"ColorlessPotion"},{"floor":4,"key":"Fire Potion"},{"floor":13,"key":"Explosive Potion"},{"floor":14,"key":"LiquidBronze"}],"is_trial":false,"path_per_floor":["M","M","M","M","$","R","E","M","T","E","?","R","M","M","R","B"],"character_chosen":"IRONCLAD","items_purchased":[],"campfire_rested":0,"item_purchase_floors":[],"current_hp_per_floor":[72,72,65,60,60,60,54,52,52,36,36,36,22,23,23,0,0],"gold":368,"neow_bonus":"RANDOM_COLORLESS_2","is_daily":false,"chose_seed":false,"campfire_upgraded":3,"win_rate":0.0,"timestamp":1612933251,"path_taken":["M","M","M","M","$","R","E","M","T","E","?","R","?","M","R","BOSS"],"items_purchased_type":[],"build_version":"2020-12-22","purchased_purges":1,"victory":false,"max_hp_per_floor":[72,72,72,72,72,72,72,75,75,78,78,78,78,78,78,78,78],"card_choices":[{"not_picked":["Metamorphosis","Secret Technique"],"picked":"Mayhem","floor":0},{"not_picked":["Thunderclap","Battle Trance","Wild Strike"],"picked":"SKIP","floor":1},{"not_picked":["Inflame","Seeing Red","Flex"],"picked":"SKIP","floor":2},{"not_picked":["Dual Wield","Twin Strike"],"picked":"Perfected Strike","floor":3},{"not_picked":["Sword Boomerang","True Grit"],"picked":"Rage","floor":4},{"not_picked":["Heavy Blade","Clothesline"],"picked":"Feed","floor":7},{"not_picked":["Shrug It Off","Whirlwind","Rupture"],"picked":"SKIP","floor":8},{"not_picked":["Dark Embrace","Heavy Blade","Seeing Red"],"picked":"SKIP","floor":10},{"not_picked":["Sword Boomerang","Body Slam"],"picked":"infinitespire:OneForAll","floor":13},{"not_picked":["Armaments","Heavy Blade"],"picked":"Pommel Strike","floor":14}],"player_experience":129456,"relics_obtained":[{"floor":7,"key":"MealTicket"},{"floor":10,"key":"Shovel"}],"event_choices":[{"damage_healed":0,"gold_gain":100,"player_choice":"Pray","damage_taken":0,"max_hp_gain":0,"max_hp_loss":0,"event_name":"Golden Shrine","floor":11,"gold_loss":0}],"is_beta":false,"boss_relics":[],"items_purged_floors":[5],"is_endless":false,"potions_floor_spawned":[2,4,13,14],"killed_by":"The Guardian","ascension_level":0}}