{"host":"8jwrv7sn1174lfer","time":1612995588,"event":{"mods":["BaseMod","Colored Map","Colored Powertips","Downfall","Highlight Path","Minty Spire (QoL Compilation)","StSLib"],"gold_per_floor":[99,116,116,116,127,156,156,188,188,215,115,127,142,52,68,163,163,163,176,176,176,186,186,213,240,251,277,72,72,92,105,124,223,223,223,54,71,89,189,189,241,274,274,110,121,146,146,474,506,518],"floor_reached":51,"language":"ENG","playtime":4486,"items_purged":["bronze:Strike","Normality"],"score":857,"play_id":"6f9b7ff6-d05c-4c9f-95ea-0d841e959416","local_time":"20210210171948","is_ascension_mode":true,"campfire_choices":[{"data":"bronze:Goto","floor":1,"key":"SMITH"},{"floor":11,"key":"REST"},{"data":"bronze:Verify","floor":18,"key":"SMITH"},{"data":"bronze:Assembly","floor":29,"key":"SMITH"},{"data":"bronze:FindAndReplace","floor":35,"key":"SMITH"},{"data":"bronze:Format","floor":40,"key":"SMITH"},{"data":"bronze:Flail","floor":43,"key":"SMITH"},{"data":"bronze:ItsAFeature","floor":47,"key":"SMITH"}],"circlet_count":0,"master_deck":["bronze:Strike","bronze:Strike","bronze:Defend","bronze:Defend","bronze:Replicate","bronze:Goto+1","bronze:Frontload","bronze:Boost","bronze:Flail+1","bronze:Verify+1","bronze:Turbo","bronze:HardenedForm","bronze:Separator","bronze:Turbo","bronze:Assembly+1","bronze:FollowUp","Ghostly","Ghostly","Ghostly","Ghostly","Ghostly","bronze:Repair","bronze:Terminator","bronze:Constructor+1","bronze:Flail+1","bronze:Iterate","bronze:FindAndReplace+1","bronze:Repulsor","bronze:Iterate","downfall:Haunted","downfall:Haunted","Regret","downfall:Icky","bronze:Format+1","bronze:Shell+1","bronze:CutThrough","bronze:ItsAFeature+1","bronze:Virus","bronze:Turbo+1","bronze:Terminator+1"],"relics":["bronze:BronzeCore","Shovel","Shuriken","Centennial Puzzle","Pantograph","downfall:HeartBlessingGreen","Black Star","MealTicket","Torii","Guardian:PocketSentry","Potion Belt","Guardian:GemstoneGun","Nunchaku","Empty Cage","Lantern","Darkstone Periapt","Toy Ornithopter","Toxic Egg 2","Eternal Feather","Bronze Scales","Prayer Wheel","MawBank","Old Coin"],"acts_visited":["Exordium","TheCity","TheBeyond"],"potions_floor_usage":[10,25,26,33,33,48,48,50,50,50,50],"damage_taken":[{"damage":1,"enemies":"Cultist","floor":2,"turns":4},{"damage":0,"enemies":"Jaw Worm","floor":5,"turns":5},{"damage":20,"enemies":"Gremlin Nob","floor":6,"turns":5},{"damage":27,"enemies":"3 Sentries","floor":8,"turns":7},{"damage":5,"enemies":"Lagavulin","floor":10,"turns":8},{"damage":0,"enemies":"2 Louse","floor":12,"turns":1},{"damage":1,"enemies":"Red Slaver","floor":13,"turns":5},{"damage":4,"enemies":"downfall:FleeingMerchant","floor":14,"turns":4},{"damage":6,"enemies":"2 Fungi Beasts","floor":15,"turns":2},{"damage":16,"enemies":"WA_ARCHETYPE_RETAIN","floor":16,"turns":5},{"damage":0,"enemies":"3 Byrds","floor":19,"turns":4},{"damage":0,"enemies":"Chosen","floor":20,"turns":1},{"damage":17,"enemies":"Snecko","floor":22,"turns":6},{"damage":4,"enemies":"Gremlin Leader","floor":25,"turns":4},{"damage":2,"enemies":"Chosen and Byrds","floor":26,"turns":8},{"damage":9,"enemies":"Slavers","floor":27,"turns":4},{"damage":0,"enemies":"downfall:FleeingMerchant","floor":28,"turns":4},{"damage":0,"enemies":"Sentry and Sphere","floor":30,"turns":5},{"damage":0,"enemies":"Cultist and Chosen","floor":31,"turns":4},{"damage":0,"enemies":"Snake Plant","floor":32,"turns":3},{"damage":41,"enemies":"IC_MUSHROOM_ARCHETYPE","floor":33,"turns":10},{"damage":0,"enemies":"downfall:FleeingMerchant","floor":36,"turns":4},{"damage":1,"enemies":"Orb Walker","floor":37,"turns":3},{"damage":6,"enemies":"3 Shapes","floor":38,"turns":1},{"damage":41,"enemies":"Giant Head","floor":42,"turns":9},{"damage":0,"enemies":"downfall:FleeingMerchant","floor":44,"turns":4},{"damage":1,"enemies":"Sphere and 2 Shapes","floor":45,"turns":4},{"damage":4,"enemies":"Nemesis","floor":46,"turns":11},{"damage":59,"enemies":"Giant Head","floor":48,"turns":8},{"damage":12,"enemies":"Maw","floor":49,"turns":7},{"damage":35,"enemies":"DF_ARCHETYPE_ORBS","floor":50,"turns":8}],"seed_played":"8723488234104031552","potions_obtained":[{"floor":2,"key":"Energy Potion"},{"floor":10,"key":"bronze:FreeFunctionsPotion"},{"floor":12,"key":"Explosive Potion"},{"floor":13,"key":"bronze:BurnAndBuffPotion"},{"floor":23,"key":"Energy Potion"},{"floor":25,"key":"Weak Potion"},{"floor":26,"key":"bronze:BuildAFunctionPotion"},{"floor":27,"key":"hexamod:SoulburnPotion"},{"floor":32,"key":"DuplicationPotion"},{"floor":33,"key":"champ:CounterPotion"},{"floor":45,"key":"Weak Potion"},{"floor":49,"key":"SkillPotion"}],"is_trial":false,"path_per_floor":["R","M","?","?","M","E","T","E","?","E","R","M","M","$","M","B",null,"R","M","M","?","M","?","T","E","M","E","$","R","M","M","M","B",null,"R","$","M","M","?","R","T","E","R","$","M","E","R","E","M","B",null],"character_chosen":"THE_AUTOMATON","items_purchased":["bronze:Flail","Nunchaku","Lantern","bronze:CutThrough"],"campfire_rested":1,"item_purchase_floors":[28,28,36,44],"current_hp_per_floor":[63,62,62,62,62,42,42,15,15,10,35,35,34,30,24,33,84,84,84,84,42,25,25,25,21,26,24,42,42,42,42,42,1,42,42,42,41,35,70,70,70,36,57,72,71,74,77,28,23,33],"gold":530,"neow_bonus":"TWENTY_PERCENT_HP_BONUS","is_daily":false,"chose_seed":false,"campfire_upgraded":7,"win_rate":0.0,"timestamp":1612995588,"path_taken":["R","M","?","?","M","E","T","E","?","E","R","M","?","$","M","BOSS","R","M","M","?","M","?","T","E","M","E","$","R","M","M","M","BOSS","R","?","M","M","?","R","T","E","R","$","M","E","R","E","M","BOSS"],"items_purchased_type":["Card","Relic","Relic","Card"],"build_version":"2020-12-22","purchased_purges":2,"victory":true,"max_hp_per_floor":[84,84,84,84,84,84,84,84,84,84,84,84,84,84,84,84,84,84,84,84,42,42,42,42,42,42,42,42,42,42,42,42,42,42,42,42,42,42,77,77,77,77,77,77,77,77,77,77,77,77],"card_choices":[{"not_picked":["bronze:ChildClass","bronze:FineTuning"],"picked":"bronze:Frontload","floor":2},{"not_picked":["bronze:Backtrace","bronze:Overheat"],"picked":"bronze:Boost","floor":5},{"not_picked":["bronze:Allocate","bronze:FineTuning"],"picked":"bronze:Flail","floor":6},{"not_picked":["bronze:Separator","bronze:Turbo"],"picked":"bronze:Verify","floor":8},{"not_picked":["bronze:Branch","bronze:Overheat"],"picked":"bronze:Turbo","floor":10},{"not_picked":["bronze:BitShift","bronze:WhirlingStrike","bronze:Separator"],"picked":"SKIP","floor":12},{"not_picked":["bronze:ClassDefault","bronze:Deprecate"],"picked":"bronze:HardenedForm","floor":13},{"not_picked":["bronze:Verify","bronze:Shield"],"picked":"bronze:Separator","floor":14},{"not_picked":["bronze:Deprecate","bronze:WhirlingStrike"],"picked":"bronze:Turbo","floor":15},{"not_picked":["bronze:ShipIt","bronze:RecursiveStrike"],"picked":"bronze:Assembly","floor":16},{"not_picked":["bronze:ForceShield","bronze:DelayedSlice"],"picked":"bronze:FollowUp","floor":19},{"not_picked":["bronze:Overheat","bronze:DigitalCarnage+1","bronze:DarkDash"],"picked":"SKIP","floor":20},{"not_picked":["bronze:WhirlingStrike+1","bronze:NullPointer","bronze:ClassDefault+1"],"picked":"SKIP","floor":22},{"not_picked":["bronze:Separator","bronze:WildBeam"],"picked":"bronze:Repair","floor":25},{"not_picked":["bronze:FineTuning","bronze:OilSpill+1"],"picked":"bronze:Terminator","floor":26},{"not_picked":["bronze:DarkDash","bronze:DigitalCarnage"],"picked":"bronze:Constructor+1","floor":27},{"not_picked":["bronze:WildBeam+1","bronze:OilSpill","bronze:Overheat"],"picked":"SKIP","floor":28},{"not_picked":["bronze:ThunderWave","bronze:OilSpill","bronze:WhirlingStrike"],"picked":"SKIP","floor":30},{"not_picked":["bronze:Return","bronze:Safeguard"],"picked":"bronze:Iterate","floor":31},{"not_picked":["bronze:WildBeam","bronze:Invalidate","bronze:ChosenStrike"],"picked":"SKIP","floor":32},{"not_picked":["bronze:ThunderWave","bronze:InfiniteLoop"],"picked":"bronze:FindAndReplace","floor":33},{"not_picked":["bronze:Invalidate","bronze:WhirlingStrike","bronze:Overload"],"picked":"SKIP","floor":36},{"not_picked":["bronze:BugBarrage+1","bronze:Overload"],"picked":"bronze:Repulsor","floor":37},{"not_picked":["bronze:WildBeam","bronze:BronzeArmor+1"],"picked":"bronze:Iterate","floor":38},{"not_picked":["bronze:ForceShield+1","bronze:Philosophize+1","bronze:Return+1"],"picked":"SKIP","floor":42},{"not_picked":["bronze:Constructor+1","bronze:GetLatest+1"],"picked":"bronze:Shell+1","floor":44},{"not_picked":["bronze:WildBeam","bronze:BitShift+1"],"picked":"bronze:ItsAFeature","floor":45},{"not_picked":["bronze:DelayedSlice+1","bronze:Flail+1"],"picked":"bronze:Virus","floor":46},{"not_picked":["bronze:ChosenStrike","bronze:CleanCode","bronze:WhirlingStrike+1"],"picked":"SKIP","floor":48},{"not_picked":["bronze:Overheat","bronze:Deprecate+1"],"picked":"bronze:Turbo+1","floor":49},{"not_picked":["bronze:Optimize","bronze:Branch+1"],"picked":"bronze:Terminator+1","floor":49}],"player_experience":751608,"relics_obtained":[{"floor":6,"key":"Shovel"},{"floor":7,"key":"Shuriken"},{"floor":8,"key":"Centennial Puzzle"},{"floor":10,"key":"Pantograph"},{"floor":24,"key":"MealTicket"},{"floor":25,"key":"Torii"},{"floor":25,"key":"Guardian:PocketSentry"},{"floor":27,"key":"Potion Belt"},{"floor":27,"key":"Guardian:GemstoneGun"},{"floor":41,"key":"Toy Ornithopter"},{"floor":42,"key":"Toxic Egg 2"},{"floor":42,"key":"Eternal Feather"},{"floor":46,"key":"Bronze Scales"},{"floor":46,"key":"Prayer Wheel"},{"floor":48,"key":"MawBank"},{"floor":48,"key":"Old Coin"}],"event_choices":[{"cards_removed":["bronze:Strike"],"damage_healed":0,"gold_gain":0,"player_choice":"Card Removal","damage_taken":0,"max_hp_gain":0,"max_hp_loss":0,"event_name":"The Cleric","floor":4,"gold_loss":0},{"damage_healed":0,"gold_gain":0,"player_choice":"Became a Ghost","damage_taken":0,"max_hp_gain":0,"max_hp_loss":42,"event_name":"Ghosts","floor":21,"gold_loss":0,"cards_obtained":["Ghostly","Ghostly","Ghostly","Ghostly","Ghostly"]},{"damage_healed":0,"gold_gain":0,"player_choice":"Got Potions","damage_taken":0,"max_hp_gain":0,"max_hp_loss":0,"event_name":"Lab","floor":23,"gold_loss":0}],"is_beta":false,"boss_relics":[{"not_picked":["Runic Dome","Snecko Eye"],"picked":"Black Star"},{"not_picked":["Astrolabe","bronze:PlatinumCore"],"picked":"Empty Cage"}],"items_purged_floors":[14,44],"is_endless":false,"potions_floor_spawned":[2,10,12,13,25,26,27,32,33,45,46,49],"ascension_level":1}}