{"host":"bbld1ic1uj90ldt9","time":1612978419,"event":{"mods":["2.2 Compatiblity","AchievementEnabler","Act Like it!","BaseMod","Better Third Choice","Conspire","Downfall","Emptier Cage","Gensokyo","Hallownest","Hermit","Highlight Path","Hubris","Marisa????????","Minty Spire (QoL Compilation)","Random Character Button","Replay The Spire","StSLib","The Animator","The Bug Knight","The Cursed","The Disciple","The Hierophant","The Jungle","The Runesmith","The Servant 0.9.4"],"gold_per_floor":[109,129,54,54,65,65,94,94,94,129,129,145,173,153,153,255,255,255,269,269,269],"floor_reached":20,"language":"FRA","playtime":1652,"items_purged":[],"score":259,"play_id":"b8125d30-13d9-4b9d-aab2-3c5772e0b019","local_time":"20210210183339","is_ascension_mode":true,"campfire_choices":[{"data":"HollowMod:DungDefenderAura","floor":6,"key":"SMITH"},{"floor":8,"key":"REST"},{"data":"HollowMod:InfectedCysts","floor":15,"key":"SMITH"}],"circlet_count":0,"master_deck":["EarthLightRay+1","HollowMod:NailStrikeStart","HollowMod:NailStrikeStart","HollowMod:NailStrikeStart","HollowMod:QuickDashStart","HollowMod:QuickDashStart","HollowMod:QuickDashStart","HollowMod:QuickDashStart","HollowMod:FocusHealStart","HollowMod:PogoStrike","HollowMod:GoodIntentions","HollowMod:DungDefenderAura+1","HollowMod:MawleksShell","HollowMod:InfectedCysts+1","HollowMod:SiblingsSouls","HollowMod:TaintedHusks","HollowMod:theNailsmith","HollowMod:InfectedAttack"],"relics":["HollowMod:VesselMask","hubris:Metronome","StoneCalendar","Nunchaku","HollowMod:PaleOreRelic","Black Star"],"acts_visited":["Exordium","TheCity"],"potions_floor_usage":[7,12,13,16,16,18,19],"damage_taken":[{"damage":1,"enemies":"2 Louse","floor":1,"turns":2},{"damage":2,"enemies":"Small Slimes","floor":2,"turns":4},{"damage":2,"enemies":"conspire:RoseBush","floor":5,"turns":4},{"damage":61,"enemies":"Gremlin Nob","floor":7,"turns":8},{"damage":14,"enemies":"3 Sentries","floor":10,"turns":7},{"damage":6,"enemies":"Lots of Slimes","floor":12,"turns":2},{"damage":11,"enemies":"Replay:BlueRogue","floor":13,"turns":7},{"damage":27,"enemies":"Slime Boss","floor":16,"turns":7},{"damage":0,"enemies":"HollowMod:HuskSentry","floor":18,"turns":1},{"damage":32,"enemies":"Chosen","floor":19,"turns":7},{"damage":68,"enemies":"Masked Bandits","floor":20,"turns":3}],"seed_played":"-7588769018518540284","potions_obtained":[{"floor":5,"key":"AttackPotion"},{"floor":11,"key":"Swift Potion"},{"floor":11,"key":"Slimebound:ThreeZeroPotion"},{"floor":11,"key":"SteroidPotion"},{"floor":12,"key":"SneckoOil"},{"floor":14,"key":"Elixir"},{"floor":16,"key":"SmokeBomb"}],"is_trial":false,"path_per_floor":["M","M","?","?","M","R","E","R","T","E","?","M","E","?","R","B",null,"M","M","?"],"character_chosen":"THE_BUGKNIGHT","items_purchased":[],"campfire_rested":1,"item_purchase_floors":[],"current_hp_per_floor":[80,82,87,87,85,85,36,62,62,60,60,60,65,65,65,44,76,76,50,0,0],"gold":269,"neow_bonus":"TEN_PERCENT_HP_BONUS","is_daily":false,"chose_seed":false,"campfire_upgraded":2,"win_rate":0.0,"timestamp":1612978419,"path_taken":["M","M","?","?","M","R","E","R","T","E","?","?","E","?","R","BOSS","M","M","?"],"items_purchased_type":[],"build_version":"2020-12-22","purchased_purges":0,"victory":false,"max_hp_per_floor":[82,82,87,87,87,87,87,87,87,87,87,87,87,87,87,87,87,87,87,87,87],"card_choices":[{"not_picked":["HollowMod:WraithStrike","HollowMod:SiblingsShadow","HollowMod:HowlingWraiths"],"picked":"SKIP","floor":1},{"not_picked":["HollowMod:WraithStrike","HollowMod:HowlingWraiths"],"picked":"HollowMod:GoodIntentions","floor":2},{"not_picked":["HollowMod:NewJinnsSoul","HollowMod:BaldurShell"],"picked":"HollowMod:DungDefenderAura","floor":5},{"not_picked":["HollowMod:HornetsHelp","HollowMod:ChannelNail"],"picked":"HollowMod:MawleksShell","floor":7},{"not_picked":["HollowMod:GoodIntentions","HollowMod:DoubleDash"],"picked":"HollowMod:InfectedCysts","floor":10},{"not_picked":["HollowMod:Grubsong","HollowMod:CornifersMapStart"],"picked":"HollowMod:SiblingsSouls","floor":12},{"not_picked":["HollowMod:HuntersJournal","HollowMod:HeavyBlow"],"picked":"HollowMod:TaintedHusks","floor":13},{"not_picked":["HollowMod:MidwifesHunger","HollowMod:ZotesMagnificence"],"picked":"HollowMod:theNailsmith","floor":16},{"not_picked":["HollowMod:ChannelNail","HollowMod:CoiledNail"],"picked":"HollowMod:InfectedAttack","floor":19}],"player_experience":2272290,"relics_obtained":[{"floor":7,"key":"hubris:Metronome"},{"floor":9,"key":"StoneCalendar"},{"floor":10,"key":"Nunchaku"},{"floor":13,"key":"HollowMod:PaleOreRelic"}],"event_choices":[{"cards_removed":["HollowMod:NailStrikeStart"],"damage_healed":0,"gold_gain":0,"player_choice":"Forget","damage_taken":0,"max_hp_gain":0,"max_hp_loss":0,"event_name":"Living Wall","floor":4,"gold_loss":0},{"damage_healed":0,"gold_gain":0,"player_choice":"Got Potions","damage_taken":0,"max_hp_gain":0,"max_hp_loss":0,"event_name":"Lab","floor":11,"gold_loss":0},{"damage_healed":0,"gold_gain":0,"player_choice":"Bought 1 Potion","damage_taken":0,"max_hp_gain":0,"max_hp_loss":0,"event_name":"The Woman in Blue","floor":14,"gold_loss":0},{"damage_healed":0,"gold_gain":0,"player_choice":"Fought Bandits","damage_taken":0,"max_hp_gain":0,"max_hp_loss":0,"event_name":"Masked Bandits","floor":20,"gold_loss":0}],"is_beta":false,"boss_relics":[{"not_picked":["Runesmith:UraniumAnvil","HollowMod:VoidIdolRelic"],"picked":"Black Star"}],"items_purged_floors":[],"is_endless":false,"potions_floor_spawned":[5,12,16,18],"killed_by":"Masked Bandits","ascension_level":7}}