{"host":"snn1c4qsf0fj7fzf","time":1612977481,"event":{"mods":["AchievementEnabler","Act Like it!","Aspiration","Astrologer","BaseMod","Colored Powertips","Downfall","Gensokyo","Hermit","Infinite Spire","Lobotomy","Minty Spire (QoL Compilation)","Random Character Button","Rare Cards Sparkle","Reimu??????","Reliquary","Replay The Spire","Shop Mod","Spire Arcade","StSLib","The Administrix","The Cursed","The Gatherer","The Hierophant","The Poker Player","The Runesmith"],"gold_per_floor":[113,13,26,26,26,57,98,44,91,152,152,190,3,3,3,659,659,719,201,251,251,251,251,271,271],"floor_reached":24,"language":"ENG","playtime":1196,"items_purged":["Strike_P"],"score":252,"play_id":"d02bb7da-fa0d-419a-aa90-1f2a614ad160","local_time":"20210211011801","is_ascension_mode":false,"campfire_choices":[{"floor":11,"key":"REST"},{"floor":15,"key":"REST"},{"data":"Gensokyo:HAARP","floor":23,"key":"SMITH"}],"circlet_count":0,"master_deck":["Defend_P","Defend_P","Defend_P","Vigilance","Replay:Cycle","PathToVictory","FearNoEvil","Poisoned Stab","Endless Agony","aspiration:Lunge+1","Vault+1","ClearTheMind+1","Gensokyo:RustyChest","Gensokyo:BlemishedSteel","Gensokyo:Shovel","Gensokyo:HAARP+1"],"relics":["PureWater","NeowsBlessing","Matryoshka","Replay:Rubber Ducky","Replay:Bandana","reliquary:TatteredRug","Toy Ornithopter","Nunchaku","Membership Card","Runesmith:UraniumAnvil","Guide Book","reliquary:ExpiredCoupon","CrazyTorch:ReiMu","Frozen Eye","PreservedInsect"],"acts_visited":["Gensokyo:Gensokyo","Gensokyo:Gensokyoer"],"potions_floor_usage":[10,16,16,24],"damage_taken":[{"damage":0,"enemies":"Gensokyo:Gryphon","floor":1,"turns":1},{"damage":0,"enemies":"Gensokyo:Python","floor":3,"turns":1},{"damage":0,"enemies":"Gensokyo:Cirno","floor":6,"turns":2},{"damage":1,"enemies":"Gensokyo:3_Fairies","floor":7,"turns":3},{"damage":41,"enemies":"Gensokyo:Aya","floor":10,"turns":7},{"damage":19,"enemies":"Gensokyo:LivingMonolith","floor":12,"turns":4},{"damage":10,"enemies":"Gensokyo:Yukari","floor":16,"turns":7},{"damage":5,"enemies":"Gensokyo:CosmicMonolith","floor":18,"turns":4},{"damage":0,"enemies":"Gensokyo:2_Gloops","floor":20,"turns":2},{"damage":79,"enemies":"Gensokyo:Koishi","floor":24,"turns":7}],"seed_played":"3931771933699709007","potions_obtained":[{"floor":1,"key":"GrandPatriotsElixir:ReiMu"},{"floor":7,"key":"SpeedPotion"},{"floor":12,"key":"DuplicationPotion"},{"floor":18,"key":"Swift Potion"}],"is_trial":false,"path_per_floor":["M","?","M","?","?","E","M","COS","T","E","R","M","$","?","R","B",null,"M","COS","M","?","T","R","E"],"character_chosen":"WATCHER","items_purchased":["Membership Card"],"campfire_rested":2,"item_purchase_floors":[13],"current_hp_per_floor":[72,72,72,72,58,58,57,57,57,21,42,23,23,23,44,44,72,67,67,67,67,67,67,0,0],"gold":271,"neow_bonus":"THREE_ENEMY_KILL","is_daily":false,"chose_seed":false,"campfire_upgraded":1,"win_rate":0.0,"timestamp":1612977481,"path_taken":["M","?","M","?","?","E","M","COS","T","E","R","?","?","?","R","BOSS","M","COS","M","?","?","R","E"],"items_purchased_type":["Relic"],"build_version":"2020-12-22","purchased_purges":1,"victory":false,"max_hp_per_floor":[72,72,72,72,72,72,72,72,72,72,72,72,72,72,72,72,72,72,72,72,72,72,72,72,72],"card_choices":[{"not_picked":["FollowUp","BowlingBash"],"picked":"Replay:Cycle","floor":1},{"not_picked":["Crescendo","Halt"],"picked":"Vengeance","floor":3},{"not_picked":["Replay:Vibes","InnerPeace"],"picked":"PathToVictory","floor":6},{"not_picked":["ClearTheMind","Sanctity","SandsOfTime"],"picked":"SKIP","floor":7},{"not_picked":["Evaluate","BowlingBash"],"picked":"FearNoEvil","floor":10},{"not_picked":["FlyingSleeves","Prostrate","Wallop"],"picked":"SKIP","floor":12},{"not_picked":["Scrawl","Judgement"],"picked":"Vault","floor":16},{"not_picked":["JustLucky","FollowUp+1"],"picked":"ClearTheMind+1","floor":18},{"not_picked":["Replay:BluntJabs","ThirdEye","Fasting2+1"],"picked":"SKIP","floor":20}],"player_experience":386547,"relics_obtained":[{"floor":6,"key":"Replay:Bandana"},{"floor":9,"key":"reliquary:TatteredRug"},{"floor":9,"key":"Toy Ornithopter"},{"floor":10,"key":"Nunchaku"},{"floor":22,"key":"reliquary:ExpiredCoupon"},{"floor":22,"key":"CrazyTorch:ReiMu"}],"event_choices":[],"is_beta":false,"boss_relics":[{"not_picked":["ReplayTheSpireMod:SealedPack","Fusion Hammer"],"picked":"Runesmith:UraniumAnvil"}],"items_purged_floors":[13],"is_endless":false,"potions_floor_spawned":[1,7,12,18],"killed_by":"Gensokyo:Koishi","ascension_level":0}}