{"host":"fhujvjnj99vjue08","time":1612974872,"event":{"mods":["2.2 Compatiblity","AchievementEnabler","Aspiration","Astrologer","BaseMod","Beaked The Cultist","BetterRewards","CatGirl Mod","Colored Map","Colored Powertips","Conjunction","Conspire","Custom Start","Downfall","Friendly Minions","GifTheSpireLib","Googly Eyes","Halation","Highlight Path","Hubris","Hyrulean Relics","Infinite Spire","Magitek Elite","Mimic Mod","Minty Spire (QoL Compilation)","Replay The Spire","Reworked Bosses","Shop Mod","StSLib","Strawberry Spire","Stuff the Spire","The Bug Knight","The Gatherer","The Jungle","The Servant 0.9.4","TheBandit","TheFirefly","egg","thorton"],"gold_per_floor":[113,139,139,43,59,85,85,85,85,98,116,129,129,155,155,250,300,313,333,333,118,128,156,172,202,276,276,276,276,296,327,327,327,327],"floor_reached":33,"language":"ENG","playtime":5031,"items_purged":["downfall:Malfunctioning","Strike_B"],"score":331,"play_id":"ccd04b6e-133d-4e4d-8784-a82ac368ff0b","local_time":"20210210163432","is_ascension_mode":true,"campfire_choices":[{"floor":7,"key":"RECALL"},{"data":"Zap","floor":13,"key":"SMITH"},{"data":"Dualcast","floor":15,"key":"SMITH"},{"floor":27,"key":"DIG"},{"floor":29,"key":"DIG"},{"data":"Demon Form","floor":32,"key":"SMITH"}],"circlet_count":0,"master_deck":["Strike_B","Strike_B","Strike_B","Defend_B","Defend_B","Defend_B","Zap+1","Dualcast+1","Spot Weakness","Sweeping Beam","Survey Options","Gash","Conserve Battery+1","Turbo","Demon Form+1","Gash","Steam+1","conspire:SharedLibrary","Gash","ReplayTheSpireMod:Reroute Power","FIFO Queue+1","Barrage+1","Shame","Streamline+1"],"relics":["Cracked Core","aspiration:Nostalgia","m_ByrdBlood","ReplayTheSpireMod:CursedCoin","hubris:Icosahedron","infinitespire:ShieldingShard","aspiration:ChemicalBlood","Tiny House","Shovel","MerchantsRug","Pen Nib","StuffTheSpire:PointBlank","Molten Egg 2","theJungle:PaperFaux","Snack Pack","halation:KoshaPiece"],"acts_visited":["Exordium","Exordium"],"potions_floor_usage":[6,14,14,16,18,18,22,22,23,23,23,25,25,30,31,31,31,33,33,33,33],"damage_taken":[{"damage":2,"enemies":"Small Slimes","floor":1,"turns":2},{"damage":11,"enemies":"Jaw Worm","floor":5,"turns":3},{"damage":21,"enemies":"Lagavulin","floor":6,"turns":6},{"damage":0,"enemies":"2 Louse","floor":10,"turns":2},{"damage":4,"enemies":"2 Fungi Beasts","floor":11,"turns":3},{"damage":16,"enemies":"Red Slaver","floor":12,"turns":3},{"damage":7,"enemies":"3 Sentries","floor":14,"turns":4},{"damage":67,"enemies":"Fading Forest","floor":16,"turns":11},{"damage":20,"enemies":"theJungle:GiantWrat","floor":18,"turns":4},{"damage":6,"enemies":"theJungle:MUSHROOMGANG","floor":19,"turns":4},{"damage":65,"enemies":"theJungle:SlimyTreeVines","floor":22,"turns":11},{"damage":14,"enemies":"theJungle:MamaSnecko","floor":23,"turns":6},{"damage":18,"enemies":"theJungle:Lyon","floor":24,"turns":5},{"damage":27,"enemies":"theJungle:2_Phrogs","floor":25,"turns":6},{"damage":54,"enemies":"Snake Plant","floor":30,"turns":7},{"damage":36,"enemies":"theJungle:MamaSnecko","floor":31,"turns":6},{"damage":35,"enemies":"theJungle:TotemBoss","floor":33,"turns":5}],"seed_played":"-4253060024190802435","potions_obtained":[{"floor":1,"key":"ColorlessPotion"},{"floor":6,"key":"PowerPotion"},{"floor":12,"key":"conspire:TimeTravelPotion"},{"floor":14,"key":"PowerPotion"},{"floor":16,"key":"bronze:BurnAndBuffPotion"},{"floor":17,"key":"PowerPotion"},{"floor":22,"key":"LiquidBronze"},{"floor":22,"key":"BlessingOfTheForge"},{"floor":22,"key":"SneckoOil"},{"floor":24,"key":"Swift Potion"},{"floor":30,"key":"Block Potion"},{"floor":31,"key":"SpeedPotion"}],"is_trial":false,"path_per_floor":["M","$","?","$","M","E","R","?","T","M","M","M","R","E","R","B",null,"M","M","?","$","M","E","M","E","T","R","?","R","M","E","R","B"],"character_chosen":"DEFECT","items_purchased":["ReplayTheSpireMod:CursedCoin","Sweeping Beam","Survey Options","MerchantsRug","conspire:SharedLibrary"],"campfire_rested":0,"item_purchase_floors":[2,2,4,21,21],"current_hp_per_floor":[75,75,75,75,70,60,60,60,60,66,75,65,65,75,75,73,80,69,80,62,62,52,68,75,64,64,64,64,64,28,19,19,0,0],"gold":327,"neow_bonus":"NOSTALGIA","is_daily":false,"chose_seed":false,"campfire_upgraded":3,"win_rate":0.0,"timestamp":1612974872,"path_taken":["M","$","?","?","M","E","R","?","T","M","M","?","R","E","R","BOSS","M","?","?","?","?","E","M","E","T","R","?","R","M","E","R","BOSS"],"items_purchased_type":["Relic","Card","Card","Relic","Card"],"build_version":"2020-12-22","purchased_purges":2,"victory":false,"max_hp_per_floor":[75,75,75,75,75,75,75,75,75,75,75,75,75,75,75,75,80,80,80,80,80,80,80,80,80,80,80,80,80,80,80,80,80,80],"card_choices":[{"not_picked":["Heavy Blade","Go for the Eyes"],"picked":"Spot Weakness","floor":1},{"not_picked":["strawberrySpire:DataDump","Coolheaded"],"picked":"Gash","floor":5},{"not_picked":["Undo","ReplayTheSpireMod:GoodbyeWorld"],"picked":"Conserve Battery","floor":6},{"not_picked":["Double Energy","strawberrySpire:NeonFlight","StuffTheSpire:Plugnplay"],"picked":"SKIP","floor":10},{"not_picked":["Steam","Reboot","Sweeping Beam"],"picked":"SKIP","floor":11},{"not_picked":["strawberrySpire:NeonFlight","strawberrySpire:SearchEngine","Panic Button"],"picked":"SKIP","floor":12},{"not_picked":["StuffTheSpire:GlassShard","Stack"],"picked":"Turbo","floor":14},{"not_picked":["Reaper","hubris:SpecializedCircuitry"],"picked":"Demon Form","floor":16},{"not_picked":["Static Discharge","strawberrySpire:Disconnect"],"picked":"Gash","floor":17},{"not_picked":["Force Field","Go for the Eyes","strawberrySpire:DataDump+1"],"picked":"SKIP","floor":18},{"not_picked":["Coolheaded","Rebound"],"picked":"Steam+1","floor":19},{"not_picked":["StuffTheSpire:LoadUp","Panic Button+1"],"picked":"Gash","floor":22},{"not_picked":["StuffTheSpire:SnapShoot","Sweeping Beam"],"picked":"ReplayTheSpireMod:Reroute Power","floor":23},{"not_picked":["Sweeping Beam","Redo"],"picked":"FIFO Queue+1","floor":24},{"not_picked":["Rebound","strawberrySpire:BreederCore"],"picked":"Barrage+1","floor":25},{"not_picked":["Storm","Heatsinks"],"picked":"Streamline+1","floor":30},{"not_picked":["Stack","Gash+1","Heatsinks"],"picked":"SKIP","floor":31}],"player_experience":325598,"relics_obtained":[{"floor":6,"key":"hubris:Teleporter"},{"floor":9,"key":"infinitespire:ShieldingShard"},{"floor":14,"key":"aspiration:ChemicalBlood"},{"floor":23,"key":"Pen Nib"},{"floor":25,"key":"StuffTheSpire:PointBlank"},{"floor":27,"key":"Molten Egg 2"},{"floor":29,"key":"Snack Pack"},{"floor":31,"key":"halation:KoshaPiece"}],"event_choices":[{"cards_removed":["Defend_B"],"damage_healed":0,"gold_gain":0,"player_choice":"Purged","damage_taken":0,"max_hp_gain":0,"max_hp_loss":0,"event_name":"Purifier","floor":8,"gold_loss":0}],"is_beta":false,"boss_relics":[{"not_picked":["strawberrySpire:RottenAvocado","hubris:BlackHole"],"picked":"Tiny House"}],"items_purged_floors":[2,21],"is_endless":false,"potions_floor_spawned":[1,6,12,14,16,24,30,31],"killed_by":"theJungle:TotemBoss","ascension_level":1}}