{"host":"tm3ghj8mno6gwywm","time":1612977710,"event":{"mods":["2.2 Compatiblity","AchievementEnabler","Bard","BaseMod","Beaked The Cultist","Better Third Choice","Colored Map","Colored Powertips","Conspire","Downfall","Glutton Mod","GungeonMod","Halation","Hermit","Hubris","Infinite Spire","Jorbs\u0027s Wanderer Trilogy","Mad Scientist","Marisa????????","Marked Mod","Mimic Mod","Minty Spire (QoL Compilation)","Potionbrewer","Quick Restart","Replay The Spire","Shade Mod","Shop Mod","Somnambulant","Spicy Shops","StSLib","SuperFastMode","The Bug Knight","The Construct","The Cursed","The Disciple","The Hierophant","The IronCluck","The Judge","The Jungle","The Necromancer","The Runesmith","The Servant 0.9.4","egg"],"gold_per_floor":[410,423,334,348,362,362,381,94,133,32,32,60,73,84,84,183,183,193,193,193,103,119,119,135,154,186,186,186,220,220,235,235,332,332,345,345,3,17,17,49,85,85,110,110,128,148,148,148,148,148,148,148,37,64,64],"floor_reached":56,"language":"ENG","playtime":2020,"items_purged":[],"score":1272,"play_id":"7e8f5684-8c79-410e-b965-7a3d6e89c1d9","local_time":"20210210122150","is_ascension_mode":false,"campfire_choices":[{"floor":6,"key":"RECALL"},{"floor":15,"key":"REST"},{"data":"Defend_R","floor":23,"key":"SMITH"},{"data":"Defend_R","floor":30,"key":"SMITH"},{"data":"Strike_R","floor":32,"key":"SMITH"},{"floor":42,"key":"REST"},{"data":"Strike_R","floor":44,"key":"SMITH"},{"data":"Strike_R","floor":47,"key":"SMITH"},{"floor":49,"key":"REST"},{"data":"Strike_R","floor":52,"key":"SMITH"}],"circlet_count":0,"master_deck":["Strike_R","Strike_R+1","Strike_R+1","Strike_R+1","Strike_R+1","Defend_R+1","Defend_R+1","Defend_R+1","Defend_R+1","Bash+1","Infernal Blade+1","Defy Death+1","Havoc+1","True Grit+1","Panacea+1","Seeing Red+1","Wild Strike+1","Dark Embrace+1","Injury","ReplayTheSpireMod:Corrosion Curse+1","ReplayTheSpireMod:Corrosion Curse+1","Evolve+1","Havoc+1","Defy Death+1","Thunderclap+1","ReplayTheSpireMod:Strike From Hell+1","Impervious+1","Feel No Pain+1","hubris:Fate+1","Feel No Pain+1","Warcry+1","Havoc+1","Corruption+1","Havoc+1","infinitespire:OneForAll+1","Infernal Blade+1","Crow Ritual+1","infinitespire:OneForAll+1","Injury","Fire Breathing+1","Disarm+1","Reckless Charge+1","Replay:Undeath\u0027s Touch+1"],"relics":["Black Blood","Membership Card","Quantum Egg","Frozen Egg 2","Toxic Egg 2","Molten Egg 2","Black Star","Mummified Hand","Lizard Tail","WingedGreaves","Old Coin","Pet Ghost","hubris:EmptyBottle","Bottled Flame","ReplayFunnel","WingedGreaves","PreservedInsect","Replay:PocketPolymizer","Lee\u0027s Waffle","ReplayTheSpireMod:Spearhead","hubris:Icosahedron","War Paint","potionbrewer:BhaskarasWheel","Bottled Lightning","potionbrewer:ToyAutogyro","Mirror","Bag of Preparation","Bottled Tornado","ReplayTheSpireMod:CursedCoin","Boot","Orichalcum","DemoMod:AgedBell","Replay:Baseball"],"acts_visited":["Exordium","TheCity","TheBeyond","TheEnding"],"potions_floor_usage":[5,16,16,16,25,55,55,55,55,55,55],"damage_taken":[{"damage":1,"enemies":"Cultist","floor":1,"turns":3},{"damage":0,"enemies":"Small Slimes","floor":2,"turns":2},{"damage":4,"enemies":"Jaw Worm","floor":4,"turns":2},{"damage":0,"enemies":"Exordium Wildlife","floor":5,"turns":5},{"damage":7,"enemies":"Gremlin Gang","floor":7,"turns":4},{"damage":0,"enemies":"Looter","floor":9,"turns":4},{"damage":0,"enemies":"Lagavulin","floor":12,"turns":4},{"damage":0,"enemies":"Looter","floor":13,"turns":2},{"damage":0,"enemies":"2 Fungi Beasts","floor":14,"turns":2},{"damage":8,"enemies":"The Guardian","floor":16,"turns":9},{"damage":0,"enemies":"Spheric Guardian","floor":18,"turns":3},{"damage":0,"enemies":"conspire:FuzzyDice","floor":22,"turns":6},{"damage":0,"enemies":"Snecko","floor":24,"turns":7},{"damage":0,"enemies":"Centurion and Healer","floor":25,"turns":6},{"damage":0,"enemies":"Sentry and Sphere","floor":26,"turns":5},{"damage":12,"enemies":"HollowMod:Nosk","floor":29,"turns":4},{"damage":0,"enemies":"Sentry and Sphere","floor":31,"turns":2},{"damage":17,"enemies":"hubris:MusketHawk","floor":33,"turns":11},{"damage":9,"enemies":"3 Shapes","floor":35,"turns":4},{"damage":0,"enemies":"Orb Walker","floor":38,"turns":2},{"damage":19,"enemies":"Reptomancer","floor":40,"turns":4},{"damage":0,"enemies":"4 Shapes","floor":45,"turns":1},{"damage":0,"enemies":"Spire Growth","floor":46,"turns":2},{"damage":0,"enemies":"infinitespire:MassOfShapes","floor":50,"turns":1},{"damage":0,"enemies":"Shield and Spear","floor":54,"turns":1},{"damage":22,"enemies":"The Heart","floor":55,"turns":7}],"seed_played":"2125168454959555926","potions_obtained":[{"floor":1,"key":"AttackPotion"},{"floor":12,"key":"Energy Potion"},{"floor":14,"key":"LifebloodPotion"},{"floor":29,"key":"Fire Potion"},{"floor":33,"key":"champ:CounterPotion"},{"floor":46,"key":"potionbrewer:CleansingPotion"}],"is_trial":false,"path_per_floor":["M","M","$","M","M","R","M","$","MIM","$","?","E","M","M","R","B",null,"M","?","?","$","M","R","M","M","MIM","?","?","E","R","M","R","B",null,"M","?","$","M","?","E","$","R","T","R","M","M","R","?","R","B",null,"R","$","E","B",null],"character_chosen":"IRONCLAD","items_purchased":["Havoc+1","True Grit+1","Panacea+1","Dark Embrace+1","hubris:EmptyBottle","Bottled Flame","ReplayFunnel","ReplayTheSpireMod:Corrosion Curse+1","Evolve+1","Havoc+1","Defy Death+1","Lee\u0027s Waffle","Feel No Pain+1","Bottled Lightning","potionbrewer:ToyAutogyro","Mirror","Bag of Preparation","ReplayTheSpireMod:CursedCoin","Fire Breathing+1","Orichalcum","Reckless Charge+1"],"campfire_rested":3,"item_purchase_floors":[3,3,3,8,8,8,8,8,10,10,10,21,21,37,37,37,37,41,41,53,53],"current_hp_per_floor":[80,80,80,80,80,80,79,79,80,80,80,80,80,80,80,78,80,80,59,53,87,87,87,87,87,87,87,87,87,87,87,87,82,87,87,87,87,87,87,80,80,87,87,87,87,87,87,84,87,87,87,87,87,87,77],"gold":64,"neow_bonus":"RANDOM_COMMON_RELIC","is_daily":false,"chose_seed":false,"campfire_upgraded":6,"win_rate":0.0,"timestamp":1612977710,"path_taken":["M","?","$","M","M","R","?","?","MIM","$","?","E","M","M","R","BOSS","M","?","?","$","M","R","M","M","MIM","?","?","E","R","?","R","BOSS","M","?","$","M","?","E","?","R","T","R","?","?","R","?","R","BOSS","R","$","E","BOSS"],"items_purchased_type":["Card","Card","Card","Card","Relic","Relic","Relic","Card","Card","Card","Card","Relic","Card","Relic","Relic","Relic","Relic","Relic","Card","Relic","Card"],"build_version":"2020-12-22","purchased_purges":0,"victory":true,"max_hp_per_floor":[80,80,80,80,80,80,80,80,80,80,80,80,80,80,80,80,80,80,80,80,87,87,87,87,87,87,87,87,87,87,87,87,87,87,87,87,87,87,87,87,87,87,87,87,87,87,87,87,87,87,87,87,87,87,87],"card_choices":[{"not_picked":["Whirlwind+1","Intimidate+1"],"picked":"Infernal Blade+1","floor":1},{"not_picked":["Armaments+1","Double Tap+1"],"picked":"Defy Death+1","floor":2},{"not_picked":["Pommel Strike+1","Cleave+1"],"picked":"Seeing Red+1","floor":4},{"not_picked":["Cleave+1","Flex+1"],"picked":"Wild Strike+1","floor":5},{"not_picked":["Combust+1","Hemogenesis+1","Hemokinesis+1"],"picked":"SKIP","floor":7},{"not_picked":["Cleave+1","Heavy Blade+1"],"picked":"ReplayTheSpireMod:Corrosion Curse+1","floor":9},{"not_picked":["Heavy Blade+1","Body Slam+1"],"picked":"Thunderclap+1","floor":12},{"not_picked":["Cleave+1","Replay:Many Hands+1","Anger+1"],"picked":"SKIP","floor":13},{"not_picked":["Dropkick+1","hubris:SharpeningStone+1"],"picked":"ReplayTheSpireMod:Strike From Hell+1","floor":14},{"not_picked":["conspire:HitWhereItHurts+1","Demonic Infusion+1"],"picked":"Impervious+1","floor":16},{"not_picked":["True Grit+1","Shrug It Off+1"],"picked":"Feel No Pain+1","floor":18},{"not_picked":["ReplayTheSpireMod:Chaos Vortex","infinitespire:Collect"],"picked":"hubris:Fate","floor":19},{"not_picked":["ReplayTheSpireMod:Strike From Hell+1","Clothesline+1"],"picked":"Warcry+1","floor":22},{"not_picked":["Anger+1","Dual Wield+1","Flame Barrier+1"],"picked":"SKIP","floor":24},{"not_picked":["Sword Boomerang+1","Rupture+1","Pommel Strike+1"],"picked":"SKIP","floor":25},{"not_picked":["DemoMod:BlackBlade+1","Body Slam+1"],"picked":"Havoc+1","floor":29},{"not_picked":["Clash+1","Battle Trance+1","Heavy Blade+1"],"picked":"SKIP","floor":31},{"not_picked":["Brutality+1","Limit Break+1"],"picked":"Corruption+1","floor":33},{"not_picked":["Pommel Strike+1","Anger+1"],"picked":"Havoc+1","floor":35},{"not_picked":["Shockwave+1","Anger+1"],"picked":"Infernal Blade+1","floor":38},{"not_picked":["ReplayTheSpireMod:Necrogeddon+1","Discovery+1"],"picked":"Crow Ritual+1","floor":39},{"not_picked":["Clash+1","Anger+1"],"picked":"infinitespire:OneForAll+1","floor":40},{"not_picked":["True Grit+1","Havoc+1"],"picked":"Disarm+1","floor":45},{"not_picked":["Perfected Strike+1","Dual Wield+1","Massacre+1"],"picked":"SKIP","floor":46},{"not_picked":["True Grit+1","Cleave+1"],"picked":"Replay:Undeath\u0027s Touch+1","floor":54}],"player_experience":869305,"relics_obtained":[{"floor":9,"key":"WingedGreaves"},{"floor":12,"key":"PreservedInsect"},{"floor":12,"key":"Replay:PocketPolymizer"},{"floor":26,"key":"ReplayTheSpireMod:Spearhead"},{"floor":29,"key":"War Paint"},{"floor":40,"key":"Bottled Tornado"},{"floor":43,"key":"Boot"},{"floor":54,"key":"DemoMod:AgedBell"},{"floor":54,"key":"Replay:Baseball"}],"event_choices":[{"damage_healed":0,"gold_gain":0,"player_choice":"Grow","damage_taken":0,"max_hp_gain":0,"max_hp_loss":0,"event_name":"Living Wall","floor":11,"gold_loss":0,"cards_upgraded":["Bash"]},{"damage_healed":0,"gold_gain":0,"player_choice":"","damage_taken":6,"max_hp_gain":0,"max_hp_loss":0,"event_name":"Knowing Skull","floor":20,"potions_obtained":[],"gold_loss":0,"cards_obtained":[]},{"damage_healed":0,"gold_gain":0,"player_choice":"Ignored","damage_taken":0,"max_hp_gain":0,"max_hp_loss":0,"event_name":"Vampires","floor":27,"gold_loss":0},{"damage_healed":0,"gold_gain":0,"player_choice":"Memory 1","damage_taken":0,"max_hp_gain":0,"max_hp_loss":0,"event_name":"SensoryStone","floor":39,"gold_loss":0},{"damage_healed":0,"gold_gain":0,"player_choice":"Punched","damage_taken":3,"max_hp_gain":0,"max_hp_loss":0,"event_name":"Designer","floor":48,"gold_loss":0}],"is_beta":false,"boss_relics":[{"not_picked":["Velvet Choker","Replay:Wanted Poster"],"picked":"Black Blood"},{"not_picked":["ChewingGum","Ring of Chaos"],"picked":"potionbrewer:BhaskarasWheel"}],"items_purged_floors":[],"is_endless":false,"potions_floor_spawned":[1,12,14,29,31,33,46,54],"ascension_level":0}}