{"host":"r3islh0l1a1ykxfu","time":1612991337,"event":{"mods":["BaseMod","Bestiary","Colored Map","Colored Powertips","Highlight Path","Minty Spire (QoL Compilation)","Relic Stats","Slay-I"],"gold_per_floor":[110,125,125,148,163,206,206,206,285,304,339,339,375,53,53,53,53],"floor_reached":16,"language":"ENG","playtime":1273,"items_purged":[],"score":144,"play_id":"389ca1dd-779f-4197-8a91-86da54119c34","local_time":"20210210150857","is_ascension_mode":true,"campfire_choices":[{"floor":7.0,"key":"REST"},{"floor":12.0,"key":"REST"},{"floor":15,"key":"REST"}],"circlet_count":0,"master_deck":["Strike_R","Strike_R","Strike_R","Strike_R","Strike_R","Defend_R","Defend_R","Defend_R","Bash","Reaper","Armaments","Headbutt","Feel No Pain","Disarm","Dark Embrace","Flame Barrier","Iron Wave","Feel No Pain","Apotheosis"],"relics":["Burning Blood","Golden Idol","Unceasing Top","Mummified Hand","Bag of Preparation","Girya","TheAbacus"],"acts_visited":["Exordium"],"potions_floor_usage":[13],"damage_taken":[{"damage":3.0,"enemies":"2 Louse","floor":1.0,"turns":4.0},{"damage":7.0,"enemies":"Jaw Worm","floor":2.0,"turns":3.0},{"damage":0.0,"enemies":"Small Slimes","floor":4.0,"turns":3.0},{"damage":17.0,"enemies":"Looter","floor":5.0,"turns":3.0},{"damage":39.0,"enemies":"3 Sentries","floor":6.0,"turns":10.0},{"damage":15.0,"enemies":"Red Slaver","floor":10.0,"turns":3.0},{"damage":20.0,"enemies":"Gremlin Nob","floor":11.0,"turns":4.0},{"damage":57,"enemies":"Lagavulin","floor":13,"turns":12},{"damage":36,"enemies":"The Guardian","floor":16,"turns":2}],"seed_played":"-7245374726211733466","potions_obtained":[{"floor":1.0,"key":"Strength Potion"},{"floor":2.0,"key":"Block Potion"},{"floor":10.0,"key":"SteroidPotion"},{"floor":11.0,"key":"Block Potion"},{"floor":13,"key":"SmokeBomb"}],"is_trial":false,"path_per_floor":["M","M","?","M","M","E","R","?","T","M","E","R","E","$","R","B"],"character_chosen":"IRONCLAD","items_purchased":["TheAbacus","Apotheosis"],"campfire_rested":3,"item_purchase_floors":[14,14],"current_hp_per_floor":[72,72,54,66,55,34,55,48,48,45,37,58,11,11,32,0,0],"gold":53,"neow_bonus":"THREE_RARE_CARDS","is_daily":false,"chose_seed":false,"campfire_upgraded":0,"win_rate":0.0,"timestamp":1612991337,"path_taken":["M","M","?","M","M","E","R","?","T","M","E","R","E","?","R","BOSS"],"items_purchased_type":["Relic","Card"],"build_version":"2020-12-22","purchased_purges":0,"victory":false,"max_hp_per_floor":[72,72,72,72,72,72,72,72,72,72,72,72,72,72,72,72,72],"relic_stats":{"TheAbacus":[0],"counters":[9,44],"Golden Idol":35,"Mummified Hand":[7],"Bag of Preparation":[4],"obtain_stats":[{"Girya":13,"TheAbacus":14,"Golden Idol":3,"Mummified Hand":9,"Bag of Preparation":11,"Burning Blood":0,"Unceasing Top":6},{"Girya":8,"TheAbacus":8,"Golden Idol":2,"Mummified Hand":5,"Bag of Preparation":7,"Burning Blood":0,"Unceasing Top":5},{"Girya":42,"TheAbacus":42,"Golden Idol":7,"Mummified Hand":23,"Bag of Preparation":30,"Burning Blood":0,"Unceasing Top":23}],"Burning Blood":40,"Unceasing Top":[0]},"card_choices":[{"not_picked":["Barricade","Double Tap"],"picked":"Reaper","floor":0.0},{"not_picked":["Reckless Charge","Blood for Blood"],"picked":"Armaments","floor":1.0},{"not_picked":["Twin Strike","Pommel Strike"],"picked":"Headbutt","floor":2.0},{"not_picked":["Heavy Blade","Searing Blow"],"picked":"Feel No Pain","floor":4.0},{"not_picked":["Infernal Blade","Intimidate"],"picked":"Disarm","floor":5.0},{"not_picked":["Heavy Blade","Sever Soul"],"picked":"Dark Embrace","floor":6.0},{"not_picked":["Wild Strike","Heavy Blade"],"picked":"Flame Barrier","floor":10.0},{"not_picked":["Twin Strike","Sword Boomerang"],"picked":"Iron Wave","floor":11.0},{"not_picked":["Iron Wave","Barricade"],"picked":"Feel No Pain","floor":13}],"player_experience":1252720,"relics_obtained":[{"floor":6.0,"key":"Unceasing Top"},{"floor":9.0,"key":"Mummified Hand"},{"floor":11.0,"key":"Bag of Preparation"},{"floor":13,"key":"Girya"}],"event_choices":[{"damage_healed":0.0,"max_hp_gain":0.0,"max_hp_loss":0.0,"gold_gain":0.0,"event_name":"Golden Idol","player_choice":"Take Damage","floor":3.0,"gold_loss":0.0,"damage_taken":18.0,"relics_obtained":["Golden Idol"]},{"cards_removed":["Defend_R"],"damage_healed":0.0,"max_hp_gain":0.0,"max_hp_loss":0.0,"gold_gain":0.0,"event_name":"Golden Wing","player_choice":"Card Removal","floor":8.0,"gold_loss":0.0,"damage_taken":7.0}],"is_beta":false,"boss_relics":[],"items_purged_floors":[],"is_endless":false,"potions_floor_spawned":[1,2,10,11,13],"killed_by":"The Guardian","ascension_level":4}}