{"host":"kaame4qwxxqnygv7","time":1612971479,"event":{"mods":["AchievementEnabler","BaseMod","Better Match","Better Skull","Better Third Choice","Block Reminder","DeckTracker","Energized Spire","GungeonMod","Minty Spire (QoL Compilation)","Quick Restart","Red Circlet Mod","StSLib","SuperFastMode","The Blue Laboratory"],"gold_per_floor":[110,285,285,32,46,74,74,109,133,18,18,18,18,18,18,18,18],"floor_reached":16,"language":"KOR","playtime":1776,"items_purged":[],"score":200,"play_id":"b9b4e0a8-9018-4b37-94bf-040fe86a3541","local_time":"20210211003759","is_ascension_mode":true,"campfire_choices":[{"floor":7.0,"key":"DIG"},{"floor":12.0,"key":"DIG"},{"floor":15.0,"key":"REST"}],"circlet_count":0,"master_deck":["AscendersBane","DemoMod:Strike_Huntress","DemoMod:Strike_Huntress","DemoMod:Strike_Huntress+1","DemoMod:Defend_Huntress","DemoMod:Defend_Huntress+1","DemoMod:Defend_Huntress","DemoMod:Defend_Huntress","DemoMod:Roll","DemoMod:ManualReload","DemoMod:RustySidearm","DemoMod:CrossBow","DemoMod:LifeOrb","Doubt","DemoMod:ConditionalReflex+1"],"relics":["DemoMod:Dog","NeowsBlessing","WingedGreaves","Toxic Egg 2","Shovel","DemoMod:Relodestone","DemoMod:SuperHotWatch","Regal Pillow","DemoMod:GnawedKey","Blue Candle","Bag of Preparation"],"acts_visited":["Exordium"],"potions_floor_usage":[16],"damage_taken":[{"damage":0.0,"enemies":"Small Slimes","floor":1.0,"turns":1.0},{"damage":0.0,"enemies":"Jaw Worm","floor":5.0,"turns":1.0},{"damage":0.0,"enemies":"Gremlin Nob","floor":6.0,"turns":1.0},{"damage":5.0,"enemies":"3 Sentries","floor":8.0,"turns":3.0},{"damage":72,"enemies":"The Guardian","floor":16,"turns":30}],"seed_played":"-247504901625184632","potions_obtained":[{"floor":6.0,"key":"Explosive Potion"},{"floor":8.0,"key":"blueLaboratory:LouseDecoction"}],"is_trial":false,"path_per_floor":["M","?","T","$","M","E","R","E","T","$","?","R","?","$","R","B"],"character_chosen":"HUNTRESS","items_purchased":["Toxic Egg 2","DemoMod:GnawedKey"],"campfire_rested":1,"item_purchase_floors":[4,10],"current_hp_per_floor":[63,63,63,63,63,63,63,58,58,58,44,44,37,37,70,0,0],"gold":18,"neow_bonus":"THREE_ENEMY_KILL","is_daily":false,"chose_seed":false,"campfire_upgraded":0,"win_rate":0.0,"timestamp":1612971479,"path_taken":["M","?","?","$","M","E","R","E","T","$","?","R","?","?","R","BOSS"],"items_purchased_type":["Relic","Relic"],"build_version":"2020-12-22","purchased_purges":0,"victory":false,"max_hp_per_floor":[70,70,70,70,70,70,70,70,70,70,70,70,70,70,70,70,70],"card_choices":[{"not_picked":["DemoMod:TeaPot","DemoMod:DirectionalPad"],"picked":"DemoMod:LifeOrb","floor":1.0},{"not_picked":["DemoMod:FeignSurrender+1","DemoMod:CombinedRifle"],"picked":"DemoMod:ConditionalReflex+1","floor":5.0},{"not_picked":["DemoMod:ProbeStrike","DemoMod:SAA","DemoMod:GunShield+1"],"picked":"SKIP","floor":6.0},{"not_picked":["DemoMod:BSG","DemoMod:CombinedRifle","DemoMod:BoxingGlove"],"picked":"SKIP","floor":8.0}],"player_experience":275838,"relics_obtained":[{"floor":3.0,"key":"WingedGreaves"},{"floor":6.0,"key":"Shovel"},{"floor":7.0,"key":"DemoMod:Relodestone"},{"floor":8.0,"key":"DemoMod:SuperHotWatch"},{"floor":9.0,"key":"Regal Pillow"},{"floor":12.0,"key":"Blue Candle"}],"event_choices":[{"damage_healed":0.0,"max_hp_gain":0.0,"max_hp_loss":0.0,"gold_gain":175.0,"event_name":"betterThird:BetterSerpent","player_choice":"AGREE","floor":2.0,"gold_loss":0.0,"damage_taken":110.0},{"damage_healed":58.0,"max_hp_gain":0.0,"max_hp_loss":70.0,"gold_gain":0.0,"event_name":"betterThird:BetterShining","player_choice":"Upgrade","floor":11.0,"gold_loss":0.0,"damage_taken":14.0,"cards_upgraded":["DemoMod:Strike_Huntress","DemoMod:Defend_Huntress"]},{"damage_healed":0.0,"max_hp_gain":0.0,"max_hp_loss":0.0,"gold_gain":0.0,"event_name":"betterThird:BetterScrap","player_choice":"Relic ","floor":13.0,"gold_loss":0.0,"damage_taken":7.0,"cards_obtained":["Tantrum"]}],"is_beta":false,"boss_relics":[],"items_purged_floors":[],"is_endless":false,"potions_floor_spawned":[6,8],"killed_by":"The Guardian","ascension_level":11}}