{"host":"zlqt5v02sur1j944","time":1612940564,"event":{"mods":["BaseMod","Highlight Path","Minty Spire (QoL Compilation)","Relic Stats","StSLib"],"gold_per_floor":[113,113,125,141,157,157,169,203,228,228,241,258,258,283,283,283,283],"floor_reached":16,"language":"ENG","playtime":1095,"items_purged":[],"score":253,"play_id":"efbec6d2-0f77-49b4-83bd-b03309d19688","local_time":"20210209230244","is_ascension_mode":true,"campfire_choices":[{"data":"Feed","floor":6,"key":"SMITH"},{"data":"True Grit","floor":10,"key":"SMITH"},{"data":"True Grit","floor":15,"key":"SMITH"}],"circlet_count":0,"master_deck":["AscendersBane","Strike_R","Strike_R","Strike_R","Strike_R","Strike_R","Defend_R","Defend_R","Defend_R","Defend_R","Bash","Feed+1","Body Slam","Rampage","True Grit+1","Disarm","True Grit+1","Headbutt","Feed","Shockwave","Disarm","Impervious"],"relics":["Burning Blood","Girya","Dream Catcher","Bag of Preparation"],"acts_visited":["Exordium"],"potions_floor_usage":[8,14,14],"damage_taken":[{"damage":14,"enemies":"Jaw Worm","floor":1,"turns":5},{"damage":17,"enemies":"Cultist","floor":3,"turns":5},{"damage":11,"enemies":"Small Slimes","floor":4,"turns":5},{"damage":13,"enemies":"Exordium Wildlife","floor":5,"turns":5},{"damage":21,"enemies":"2 Fungi Beasts","floor":7,"turns":6},{"damage":27,"enemies":"3 Sentries","floor":8,"turns":10},{"damage":8,"enemies":"Looter","floor":11,"turns":4},{"damage":5,"enemies":"3 Louse","floor":12,"turns":6},{"damage":37,"enemies":"Gremlin Nob","floor":14,"turns":6},{"damage":27,"enemies":"The Guardian","floor":16,"turns":2}],"seed_played":"-6934381188171744789","potions_obtained":[{"floor":5,"key":"DuplicationPotion"},{"floor":8,"key":"BloodPotion"},{"floor":11,"key":"LiquidBronze"}],"is_trial":false,"path_per_floor":["M","?","M","M","M","R","M","E","T","R","M","M","?","E","R","B"],"character_chosen":"IRONCLAD","items_purchased":[],"campfire_rested":0,"item_purchase_floors":[],"current_hp_per_floor":[63,63,55,53,49,49,38,21,21,21,23,31,26,14,14,0,0],"gold":283,"neow_bonus":"THREE_RARE_CARDS","is_daily":false,"chose_seed":false,"campfire_upgraded":3,"win_rate":0.0,"timestamp":1612940564,"path_taken":["M","?","M","?","?","R","M","E","T","R","M","M","?","E","R","BOSS"],"items_purchased_type":[],"build_version":"2020-12-22","purchased_purges":0,"victory":false,"max_hp_per_floor":[71,71,74,77,80,80,84,88,88,88,92,99,99,99,99,99,99],"relic_stats":{"Dream Catcher":0,"counters":[10,54],"Bag of Preparation":[2],"obtain_stats":[{"Girya":8,"Dream Catcher":13,"Bag of Preparation":14,"Burning Blood":0},{"Girya":6,"Dream Catcher":8,"Bag of Preparation":9,"Burning Blood":0},{"Girya":36,"Dream Catcher":46,"Bag of Preparation":52,"Burning Blood":0}],"Burning Blood":54},"card_choices":[{"not_picked":["Impervious","Demon Form"],"picked":"Feed","floor":0},{"not_picked":["Armaments","Wild Strike"],"picked":"Body Slam","floor":1},{"not_picked":["Cleave","Seeing Red"],"picked":"True Grit","floor":3},{"not_picked":["Metallicize","Body Slam"],"picked":"Disarm","floor":4},{"not_picked":["Perfected Strike","Twin Strike"],"picked":"True Grit","floor":5},{"not_picked":["Metallicize","Clash"],"picked":"Headbutt","floor":7},{"not_picked":["Iron Wave","Havoc"],"picked":"Feed","floor":8},{"not_picked":["Uppercut","Pommel Strike"],"picked":"Shockwave","floor":11},{"not_picked":["Rampage","Clothesline"],"picked":"Disarm","floor":12},{"not_picked":["Armaments","Fire Breathing"],"picked":"Impervious","floor":14}],"player_experience":1235309,"relics_obtained":[{"floor":8,"key":"Girya"},{"floor":14,"key":"Bag of Preparation"}],"event_choices":[{"damage_healed":0,"gold_gain":0,"player_choice":"1 cards matched","damage_taken":0,"max_hp_gain":0,"max_hp_loss":0,"event_name":"Match and Keep!","floor":2,"gold_loss":0,"cards_obtained":["Rampage"]},{"damage_healed":0,"gold_gain":0,"player_choice":"Success","damage_taken":5,"relics_obtained":["Dream Catcher"],"max_hp_gain":0,"max_hp_loss":0,"event_name":"Scrap Ooze","floor":13,"gold_loss":0}],"is_beta":false,"boss_relics":[],"items_purged_floors":[],"is_endless":false,"potions_floor_spawned":[5,8,11],"killed_by":"The Guardian","ascension_level":20}}