{"host":"2kfsro7skzomnm41","time":1612997991,"event":{"mods":["AchievementEnabler","BaseMod","Googly Eyes","Highlight Path","Minty Spire (QoL Compilation)","StSLib"],"gold_per_floor":[118,129,140,140,160,160,191,191,191,9,22,53,53,70,70,70,70],"floor_reached":16,"language":"ENG","playtime":708,"items_purged":["Strike_G"],"score":179,"play_id":"d9c023e3-4e40-4511-9102-c63156c118d4","local_time":"20210210175951","is_ascension_mode":true,"campfire_choices":[{"data":"Neutralize","floor":6,"key":"SMITH"},{"data":"Quick Slash","floor":8,"key":"SMITH"},{"floor":13,"key":"REST"},{"data":"Noxious Fumes","floor":15,"key":"SMITH"}],"circlet_count":0,"master_deck":["AscendersBane","Strike_G","Strike_G","Strike_G","Defend_G","Defend_G","Defend_G","Defend_G","Defend_G","Survivor","Neutralize+1","Quick Slash+1","PiercingWail","PiercingWail","Noxious Fumes+1","Poisoned Stab","Cloak And Dagger"],"relics":["Busted Crown","Sundial","Gremlin Horn","Matryoshka"],"acts_visited":["Exordium"],"potions_floor_usage":[7,12,16],"damage_taken":[{"damage":0,"enemies":"2 Louse","floor":1,"turns":3},{"damage":2,"enemies":"Cultist","floor":2,"turns":5},{"damage":6,"enemies":"Small Slimes","floor":3,"turns":5},{"damage":0,"enemies":"3 Louse","floor":5,"turns":4},{"damage":25,"enemies":"Lagavulin","floor":7,"turns":11},{"damage":10,"enemies":"Lots of Slimes","floor":11,"turns":5},{"damage":10,"enemies":"3 Sentries","floor":12,"turns":7},{"damage":0,"enemies":"2 Fungi Beasts","floor":14,"turns":4},{"damage":34,"enemies":"Slime Boss","floor":16,"turns":7}],"seed_played":"-9133642998590068971","potions_obtained":[{"floor":5,"key":"Ancient Potion"},{"floor":7,"key":"LiquidMemories"},{"floor":12,"key":"Block Potion"}],"is_trial":false,"path_per_floor":["M","M","M","?","M","R","E","R","T","$","M","E","R","M","R","B"],"character_chosen":"THE_SILENT","items_purchased":["Noxious Fumes","Poisoned Stab"],"campfire_rested":1,"item_purchase_floors":[10,10],"current_hp_per_floor":[63,61,55,55,55,55,30,30,30,30,20,10,31,31,31,0,0],"gold":70,"neow_bonus":"BOSS_RELIC","is_daily":false,"chose_seed":false,"campfire_upgraded":3,"win_rate":0.0,"timestamp":1612997991,"path_taken":["M","M","M","?","M","R","E","R","T","$","?","E","R","?","R","BOSS"],"items_purchased_type":["Card","Card"],"build_version":"2020-12-22","purchased_purges":1,"victory":false,"max_hp_per_floor":[70,70,70,70,70,70,70,70,70,70,70,70,70,70,70,70,70],"card_choices":[{"not_picked":[],"picked":"Quick Slash","floor":1},{"not_picked":["Accuracy"],"picked":"SKIP","floor":2},{"not_picked":[],"picked":"PiercingWail","floor":3},{"not_picked":[],"picked":"PiercingWail","floor":5},{"not_picked":["Reflex"],"picked":"SKIP","floor":7},{"not_picked":["All Out Attack"],"picked":"SKIP","floor":11},{"not_picked":[],"picked":"Cloak And Dagger","floor":12},{"not_picked":["Dagger Spray"],"picked":"SKIP","floor":14}],"player_experience":301778,"relics_obtained":[{"floor":7,"key":"Sundial"},{"floor":9,"key":"Gremlin Horn"},{"floor":12,"key":"Matryoshka"}],"event_choices":[{"cards_removed":["Strike_G"],"damage_healed":0,"gold_gain":0,"player_choice":"Purged","damage_taken":0,"max_hp_gain":0,"max_hp_loss":0,"event_name":"Purifier","floor":4,"gold_loss":0}],"is_beta":false,"boss_relics":[],"items_purged_floors":[10],"is_endless":false,"potions_floor_spawned":[5,7,12],"killed_by":"Slime Boss","ascension_level":12}}