{"host":"jhy70w0yh8dayqay","time":1612966936,"event":{"mods":["AchievementEnabler","BaseMod","Colored Map","Colored Powertips","DeckTracker","Minty Spire (QoL Compilation)","Permanent Neow","SuperFastMode"],"gold_per_floor":[111,125,136,156,173,173,193,193,193,193,193,193,193],"floor_reached":12,"language":"KOR","playtime":278,"items_purged":[],"score":112,"play_id":"4ca4e3b0-caa6-4547-8a48-2bbf1a1a72a6","local_time":"20210210232216","is_ascension_mode":true,"campfire_choices":[{"data":"Zap","floor":6,"key":"SMITH"},{"data":"Streamline","floor":8,"key":"SMITH"},{"floor":10,"key":"REST"}],"circlet_count":0,"master_deck":["AscendersBane","Strike_B","Strike_B","Strike_B+1","Strike_B","Defend_B","Defend_B","Defend_B+1","Defend_B","Zap+1","Dualcast","Biased Cognition","Gash","Steam Power","Gash","Ball Lightning","Streamline+1","Cold Snap"],"relics":["Cracked Core","Question Card"],"acts_visited":["Exordium"],"potions_floor_usage":[],"damage_taken":[{"damage":0,"enemies":"Cultist","floor":1,"turns":2},{"damage":5,"enemies":"2 Louse","floor":2,"turns":3},{"damage":2,"enemies":"Jaw Worm","floor":3,"turns":3},{"damage":14,"enemies":"Blue Slaver","floor":4,"turns":4},{"damage":9,"enemies":"3 Louse","floor":5,"turns":3},{"damage":0,"enemies":"2 Fungi Beasts","floor":7,"turns":2},{"damage":44,"enemies":"3 Sentries","floor":12,"turns":6}],"seed_played":"2723952432041871651","potions_obtained":[{"floor":2,"key":"LiquidBronze"},{"floor":5,"key":"PotionOfCapacity"}],"is_trial":false,"path_per_floor":["M","M","M","M","M","R","M","R","T","R","?","E"],"character_chosen":"DEFECT","items_purchased":[],"campfire_rested":1,"item_purchase_floors":[],"current_hp_per_floor":[68,63,61,47,38,38,38,38,38,58,44,0,0],"gold":193,"neow_bonus":"THREE_RARE_CARDS","is_daily":false,"chose_seed":false,"campfire_upgraded":2,"win_rate":0.0,"timestamp":1612966936,"path_taken":["M","M","M","M","?","R","M","R","T","R","?","E"],"items_purchased_type":[],"build_version":"2020-12-22","purchased_purges":0,"victory":false,"max_hp_per_floor":[68,68,68,68,68,68,68,68,68,68,68,68,68],"card_choices":[{"not_picked":["Meteor Strike","Buffer"],"picked":"Biased Cognition","floor":0},{"not_picked":["Redo","Go for the Eyes"],"picked":"Gash","floor":1},{"not_picked":["Leap","Barrage"],"picked":"Steam Power","floor":2},{"not_picked":["Loop","Genetic Algorithm"],"picked":"Gash","floor":3},{"not_picked":["Rebound","Sunder"],"picked":"Ball Lightning","floor":4},{"not_picked":["Storm","Ball Lightning"],"picked":"Streamline","floor":5},{"not_picked":["Gash","Ball Lightning"],"picked":"Cold Snap","floor":7}],"player_experience":481644,"relics_obtained":[{"floor":9,"key":"Question Card"}],"event_choices":[{"damage_healed":0,"gold_gain":0,"player_choice":"Entered Light","damage_taken":14,"max_hp_gain":0,"max_hp_loss":0,"event_name":"Shining Light","floor":11,"gold_loss":0,"cards_upgraded":["Strike_B","Defend_B"]}],"is_beta":false,"boss_relics":[],"items_purged_floors":[],"is_endless":false,"potions_floor_spawned":[2,5],"killed_by":"3 Sentries","ascension_level":11}}