{"host":"b6hf8n3pu8vqv2wi","time":1612971186,"event":{"mods":["BaseMod","Minty Spire (QoL Compilation)","StSLib","The Servant 0.9.4"],"gold_per_floor":[111,124,136,136,150,150,115,115,141,167,182,221,239,254,254,254,254],"floor_reached":16,"language":"ZHS","playtime":1478,"items_purged":[],"score":104,"play_id":"ddfa6c0b-f58a-4fc7-b6f3-f5d466b9782d","local_time":"20210210233306","is_ascension_mode":false,"campfire_choices":[{"floor":6.0,"key":"RECALL"},{"data":"MoonPhase","floor":8.0,"key":"SMITH"},{"floor":15.0,"key":"REST"}],"circlet_count":0,"master_deck":["Strike_S","Strike_S","Strike_S","Defend_S","Defend_S","Defend_S","Defend_S","KidneyShot","Exchange","ShatteredReality","MoonPhase+1","Defy","Barrier","SpecialFormula","Dilation","Ricochet"],"relics":["Uniform","Golden Idol","Tiny Chest","Potion Belt"],"acts_visited":["Exordium"],"potions_floor_usage":[16,16],"damage_taken":[{"damage":4.0,"enemies":"Cultist","floor":1.0,"turns":4.0},{"damage":0.0,"enemies":"Small Slimes","floor":2.0,"turns":3.0},{"damage":1.0,"enemies":"Jaw Worm","floor":3.0,"turns":5.0},{"damage":0.0,"enemies":"Blue Slaver","floor":5.0,"turns":6.0},{"damage":8.0,"enemies":"Exordium Thugs","floor":11.0,"turns":5.0},{"damage":44.0,"enemies":"Gremlin Nob","floor":12.0,"turns":9.0},{"damage":0.0,"enemies":"Large Slime","floor":13.0,"turns":10.0},{"damage":2.0,"enemies":"Blue Slaver","floor":14.0,"turns":5.0},{"damage":63,"enemies":"Hexaghost","floor":16,"turns":16}],"seed_played":"1736573930713749022","potions_obtained":[{"floor":2.0,"key":"Regen Potion"},{"floor":12.0,"key":"Strength Potion"},{"floor":13.0,"key":"Fruit Juice"},{"floor":14.0,"key":"Ancient Potion"}],"is_trial":false,"path_per_floor":["M","M","M","?","M","R","?","R","T","T","M","E","M","M","R","B"],"character_chosen":"THE_SERVANT","items_purchased":[],"campfire_rested":1,"item_purchase_floors":[],"current_hp_per_floor":[61,61,60,44,44,44,60,60,60,60,52,23,28,36,57,0,0],"gold":254,"neow_bonus":"REMOVE_CARD","is_daily":false,"chose_seed":false,"campfire_upgraded":1,"win_rate":0.0,"timestamp":1612971186,"path_taken":["M","M","?","?","M","R","?","R","T","?","M","E","M","?","R","BOSS"],"items_purchased_type":[],"build_version":"2020-12-22","purchased_purges":0,"victory":false,"max_hp_per_floor":[65,65,65,65,65,65,65,65,65,65,65,65,65,70,70,70,70],"card_choices":[{"not_picked":["TimeWarp","ReturningBlade"],"picked":"ShatteredReality","floor":1.0},{"not_picked":["FastForward","BottledTime"],"picked":"MoonPhase","floor":2.0},{"not_picked":["Shuttle","Comet"],"picked":"Defy","floor":3.0},{"not_picked":["BottledTime","Defy","FanOfKnives"],"picked":"SKIP","floor":5.0},{"not_picked":["Spin","ShatteredReality"],"picked":"Barrier","floor":11.0},{"not_picked":["Reset","Misdirection"],"picked":"SpecialFormula","floor":12.0},{"not_picked":["Rearm","Snipe"],"picked":"Dilation","floor":13.0},{"not_picked":["Unruled","DoubleEdge"],"picked":"Ricochet","floor":14.0}],"player_experience":193094,"relics_obtained":[{"floor":10.0,"key":"Tiny Chest"},{"floor":12.0,"key":"Potion Belt"}],"event_choices":[{"damage_healed":0.0,"max_hp_gain":0.0,"max_hp_loss":0.0,"gold_gain":0.0,"event_name":"Golden Idol","player_choice":"Take Damage","floor":4.0,"gold_loss":0.0,"damage_taken":16.0,"relics_obtained":["Golden Idol"]},{"damage_healed":16.0,"max_hp_gain":0.0,"max_hp_loss":0.0,"gold_gain":0.0,"event_name":"The Cleric","player_choice":"Healed","floor":7.0,"gold_loss":35.0,"damage_taken":0.0}],"is_beta":false,"boss_relics":[],"items_purged_floors":[],"is_endless":false,"potions_floor_spawned":[2,12,13,14],"killed_by":"Hexaghost","ascension_level":0}}