{"host":"wghdsg8ym2wc7ov9","time":1612943244,"event":{"mods":["A Penny For Your Troubles","AchievementEnabler","Astrologer","BaseMod","Beaked The Cultist","Better Altar","Better Note","Bossed Relics","ChefMod","Colored Map","Evolution","Fox Events","Hermit","Highlight Path","Jorbs\u0027s Wanderer Trilogy","KinomotoSakuraMod(????)","Minty Spire (QoL Compilation)","Random Character Button","Relic Stats","SIMod","Shop Mod","StSLib","The Blackbeard","The Bladedancer","The Construct","The Cursed","The Death Knight","The Gatherer","The Hierophant","The Marked","The Mystic","The Necromancer","The Runesmith","The Senshi","The Servant 0.9.4","Weighted Paths"],"gold_per_floor":[117,117,130,157,168,168,203,203,280,297,309,484,484,484],"floor_reached":13,"language":"ENG","playtime":1965,"items_purged":[],"score":94,"play_id":"9c4d7420-2b11-4af7-9080-f1e1670c521c","local_time":"20210209234724","is_ascension_mode":true,"campfire_choices":[{"floor":6,"key":"REST"},{"data":"Zap","floor":8,"key":"SMITH"}],"circlet_count":0,"master_deck":["Rebound","Strike_B","Strike_B","Defend_B","Defend_B","Defend_B","Defend_B","Zap+1","Dualcast","All For One","Genetic Algorithm","Gash","Auto Shields","Amplify","Redo","Redo","Doubt"],"relics":["Cracked Core","EVO:Axolotl","foxEvents:LuckyCharm","Frozen Egg 2"],"acts_visited":["Exordium"],"potions_floor_usage":[7,7,7],"damage_taken":[{"damage":14,"enemies":"2 Louse","floor":1,"turns":3},{"damage":7,"enemies":"Jaw Worm","floor":3,"turns":4},{"damage":6,"enemies":"Colosseum Slavers","floor":4,"turns":4},{"damage":0,"enemies":"Cultist","floor":5,"turns":4},{"damage":23,"enemies":"Lagavulin","floor":7,"turns":7},{"damage":25,"enemies":"Large Slime","floor":10,"turns":6},{"damage":2,"enemies":"Blue Slaver","floor":11,"turns":2},{"damage":22,"enemies":"3 Sentries","floor":13,"turns":4}],"seed_played":"-8134631644743914457","potions_obtained":[{"floor":4,"key":"DeathKnight:RimePotion"},{"floor":5,"key":"EntropicBrew"},{"floor":11,"key":"SteroidPotion"}],"is_trial":false,"path_per_floor":["M","?","M","?","M","R","E","R","T","M","M","?","E"],"character_chosen":"DEFECT","items_purchased":[],"campfire_rested":1,"item_purchase_floors":[],"current_hp_per_floor":[61,61,54,48,48,70,47,47,47,22,20,20,0,0],"gold":484,"neow_bonus":"TRANSFORM_CARD","is_daily":false,"chose_seed":false,"campfire_upgraded":1,"win_rate":0.0,"timestamp":1612943244,"path_taken":["M","?","M","?","M","R","E","R","T","?","M","?","E"],"items_purchased_type":[],"build_version":"2020-12-22","purchased_purges":0,"victory":false,"max_hp_per_floor":[75,75,75,75,75,75,75,75,75,75,75,75,75,75],"relic_stats":{"counters":[8,34],"obtain_stats":[{"foxEvents:LuckyCharm":4,"EVO:Axolotl":0,"Frozen Egg 2":7,"Cracked Core":0},{"foxEvents:LuckyCharm":3,"EVO:Axolotl":0,"Frozen Egg 2":5,"Cracked Core":0},{"foxEvents:LuckyCharm":11,"EVO:Axolotl":0,"Frozen Egg 2":22,"Cracked Core":0}]},"card_choices":[{"not_picked":["Redo","Chill"],"picked":"Genetic Algorithm","floor":1},{"not_picked":["Conserve Battery","Leap"],"picked":"Gash","floor":3},{"not_picked":["Tempest","Steam Power"],"picked":"Auto Shields","floor":5},{"not_picked":["Rebound","Sweeping Beam"],"picked":"Amplify","floor":7},{"not_picked":["Lockon","FTL"],"picked":"Redo","floor":10},{"not_picked":["Skim","Double Energy"],"picked":"Redo","floor":11}],"player_experience":939387,"relics_obtained":[{"floor":4,"key":"foxEvents:LuckyCharm"},{"floor":7,"key":"Frozen Egg 2"}],"event_choices":[{"damage_healed":0,"gold_gain":0,"player_choice":"Leave","damage_taken":0,"max_hp_gain":0,"max_hp_loss":0,"event_name":"The Cleric","floor":2,"gold_loss":0},{"damage_healed":0,"gold_gain":175,"player_choice":"AGREE","damage_taken":0,"max_hp_gain":0,"max_hp_loss":0,"event_name":"Liars Game","floor":12,"gold_loss":0,"cards_obtained":["Doubt"]}],"is_beta":false,"boss_relics":[],"items_purged_floors":[],"is_endless":false,"potions_floor_spawned":[4,5,11],"killed_by":"3 Sentries","ascension_level":2}}