{"host":"vlqejv0notyktumz","time":1612941158,"event":{"mods":["AchievementEnabler","BaseMod","Colored Map","Colored Powertips","Downfall","Googly Eyes","Minty Spire (QoL Compilation)","StSLib"],"gold_per_floor":[210,33,53,53,53,53,53,53,80,113,126,142,161,181,181,283,283,299,2,20,20,20],"floor_reached":21,"language":"ENG","playtime":609,"items_purged":[],"score":272,"play_id":"abb95e2f-4d06-4f00-a213-b11e8a889fa0","local_time":"20210210011238","is_ascension_mode":true,"campfire_choices":[{"data":"Bouncing Flask","floor":6,"key":"SMITH"},{"floor":15,"key":"REST"}],"circlet_count":0,"master_deck":["AscendersBane","Strike_G","Strike_G","Strike_G","Strike_G","Strike_G","Defend_G","Defend_G","Defend_G","Defend_G","Defend_G","Survivor","Neutralize","Poisoned Stab","Footwork+1","Bouncing Flask+1","Prepared","Bane","Bane","Flying Knee","Concentrate","Sucker Punch","Wraith Form v2","Deadly Poison"],"relics":["Ring of the Snake","Blue Candle","Regal Pillow","Bag of Preparation","Sozu","Du-Vu Doll"],"acts_visited":["Exordium","TheCity"],"potions_floor_usage":[10,11,12,16],"damage_taken":[{"damage":2,"enemies":"Jaw Worm","floor":1,"turns":7},{"damage":0,"enemies":"2 Louse","floor":3,"turns":2},{"damage":6,"enemies":"3 Sentries","floor":10,"turns":7},{"damage":1,"enemies":"Small Slimes","floor":11,"turns":4},{"damage":30,"enemies":"Gremlin Gang","floor":12,"turns":6},{"damage":13,"enemies":"Blue Slaver","floor":13,"turns":4},{"damage":1,"enemies":"Red Slaver","floor":14,"turns":3},{"damage":28,"enemies":"Hexaghost","floor":16,"turns":7},{"damage":28,"enemies":"Spheric Guardian","floor":18,"turns":5},{"damage":11,"enemies":"3 Byrds","floor":20,"turns":6},{"damage":16,"enemies":"Centurion and Healer","floor":21,"turns":2}],"seed_played":"-5208476835622266086","potions_obtained":[{"floor":3,"key":"ColorlessPotion"},{"floor":10,"key":"SneckoOil"},{"floor":11,"key":"EssenceOfSteel"},{"floor":14,"key":"ColorlessPotion"},{"floor":16,"key":"FearPotion"}],"is_trial":false,"path_per_floor":["M","$","M","?","$","R","?","?","T","E","M","M","M","M","R","B",null,"M","$","M","M"],"character_chosen":"THE_SILENT","items_purchased":["Footwork","Bouncing Flask","Prepared","Du-Vu Doll"],"campfire_rested":1,"item_purchase_floors":[2,2,2,19],"current_hp_per_floor":[61,61,61,61,61,61,66,61,61,55,54,24,11,10,47,19,61,33,33,22,6,6],"gold":20,"neow_bonus":"HUNDRED_GOLD","is_daily":false,"chose_seed":false,"campfire_upgraded":1,"win_rate":0.0,"timestamp":1612941158,"path_taken":["M","$","M","?","$","R","?","?","T","E","M","?","M","M","R","BOSS","M","$","M","M"],"items_purchased_type":["Card","Card","Card","Relic"],"build_version":"2020-12-22","purchased_purges":0,"victory":false,"max_hp_per_floor":[70,70,70,70,70,70,75,75,75,75,75,75,75,75,75,75,75,75,75,75,75,75],"card_choices":[{"not_picked":["Endless Agony","Well Laid Plans"],"picked":"Poisoned Stab","floor":1},{"not_picked":["Flying Knee","Slice"],"picked":"Bane","floor":3},{"not_picked":["PiercingWail","Storm of Steel"],"picked":"Bane","floor":10},{"not_picked":["Dagger Spray","Underhanded Strike"],"picked":"Flying Knee","floor":11},{"not_picked":["Flechettes","Heel Hook","Skewer"],"picked":"SKIP","floor":12},{"not_picked":["Reflex","Slice"],"picked":"Concentrate","floor":13},{"not_picked":["Dagger Throw","Prepared"],"picked":"Sucker Punch","floor":14},{"not_picked":["Phantasmal Killer","Doppelganger"],"picked":"Wraith Form v2","floor":16},{"not_picked":["Dagger Spray","Bouncing Flask"],"picked":"Deadly Poison","floor":18},{"not_picked":["Eviscerate","Flechettes","All Out Attack"],"picked":"SKIP","floor":20}],"player_experience":411102,"relics_obtained":[{"floor":9,"key":"Regal Pillow"},{"floor":10,"key":"Bag of Preparation"}],"event_choices":[{"damage_healed":0,"gold_gain":0,"player_choice":"Grow","damage_taken":0,"max_hp_gain":0,"max_hp_loss":0,"event_name":"Living Wall","floor":4,"gold_loss":0,"cards_upgraded":["Footwork"]},{"damage_healed":0,"gold_gain":0,"player_choice":"Donut","damage_taken":0,"max_hp_gain":5,"max_hp_loss":0,"event_name":"Big Fish","floor":7,"gold_loss":0}],"is_beta":false,"boss_relics":[{"not_picked":["bronze:MakeshiftBattery","Runic Pyramid"],"picked":"Sozu"}],"items_purged_floors":[],"is_endless":false,"potions_floor_spawned":[3,10,11,14,16,18,20],"killed_by":"Centurion and Healer","ascension_level":10}}