{"host":"v1zz5dqrlq7zjvm7","time":1612962516,"event":{"mods":["Act Like it!","BaseMod","Colored Map","Colored Powertips","Friendly Minions","Gensokyo","Minty Spire (QoL Compilation)","StSLib","The Alterego","UnlockEverythingMod","Waifu the Spire","Yakumo Yukari mod"],"gold_per_floor":[119,119,119,142,162,192,207,222,268,268,268,286,306,7,7,109,109,126,126,141,154,181,212,212,238,265,265,285,297,4,14,14,14,14],"floor_reached":33,"language":"ENG","playtime":2396,"items_purged":["alterego_mod:Defend"],"score":314,"play_id":"faad4fb7-6fb2-42c6-8fc9-e1d2070c26c1","local_time":"20210210233836","is_ascension_mode":false,"campfire_choices":[{"floor":15,"key":"REST"},{"data":"alterego_mod:1TonWallop","floor":24,"key":"SMITH"},{"data":"alterego_mod:ClassAdvantage","floor":27,"key":"SMITH"},{"floor":32,"key":"REST"}],"circlet_count":0,"master_deck":["alterego_mod:Strike","alterego_mod:Strike","alterego_mod:Strike","alterego_mod:Strike","alterego_mod:Defend","alterego_mod:Defend","alterego_mod:Defend","alterego_mod:Impale","alterego_mod:BigMeatyClaws","alterego_mod:BrynhildrsRune","alterego_mod:TrickOrTreatment","alterego_mod:Cushion","Injury","Gensokyo:CrescentMoonSlash","alterego_mod:1TonWallop+1","alterego_mod:Tantrum","alterego_mod:Cooking","alterego_mod:Pet","alterego_mod:Complex","alterego_mod:SuperDuperMasochism","alterego_mod:ChallengeComplete","alterego_mod:ClassAdvantage+1","alterego_mod:BreastValley+1","Gensokyo:FourOfAKind","Gensokyo:FourOfAKind","Gensokyo:FourOfAKind","Gensokyo:FourOfAKind","alterego_mod:IndependentAction","alterego_mod:BeGentle","alterego_mod:Rip","alterego_mod:Belle","alterego_mod:PerceptionDisorder","alterego_mod:Maid","alterego_mod:TrashNCrash"],"relics":["alterego_mod:MasochisticConstitution","Question Card","Lantern","Omamori","Gensokyo:PerfectCherryBlossom","Gensokyo:LunaticRedEyes","alterego_mod:SistersRibbon","Philosopher\u0027s Stone","Ancient Tea Set","Bottled Tornado","Matryoshka","Nunchaku","Vajra","PreservedInsect"],"acts_visited":["Gensokyo:Gensokyo","Gensokyo:Gensokyoer"],"potions_floor_usage":[6,12,16,23,23,29,29,30],"damage_taken":[{"damage":11,"enemies":"Gensokyo:2_Kodama","floor":1,"turns":5},{"damage":15,"enemies":"Gensokyo:Python","floor":5,"turns":4},{"damage":32,"enemies":"Gensokyo:Mamizou","floor":6,"turns":8},{"damage":6,"enemies":"Gensokyo:Gryphon","floor":7,"turns":4},{"damage":10,"enemies":"Gensokyo:2_Rabbits","floor":8,"turns":4},{"damage":8,"enemies":"Gensokyo:LivingMonolith","floor":12,"turns":3},{"damage":11,"enemies":"Gensokyo:Gryphon_and_Rabbit","floor":13,"turns":5},{"damage":90,"enemies":"Gensokyo:Yukari","floor":16,"turns":11},{"damage":25,"enemies":"Gensokyo:Chomper","floor":18,"turns":7},{"damage":28,"enemies":"Gensokyo:CosmicMonolith","floor":20,"turns":5},{"damage":25,"enemies":"Gensokyo:Slime_Group","floor":21,"turns":8},{"damage":2,"enemies":"Gensokyo:Tenshi","floor":23,"turns":3},{"damage":17,"enemies":"Gensokyo:Reisen","floor":25,"turns":6},{"damage":17,"enemies":"Gensokyo:Mirror_and_Dog","floor":28,"turns":3},{"damage":18,"enemies":"Gensokyo:Wraith","floor":29,"turns":5},{"damage":34,"enemies":"Gensokyo:3_Gloops","floor":31,"turns":7},{"damage":74,"enemies":"Gensokyo:Kaguya","floor":33,"turns":9}],"seed_played":"-9125278304188925655","potions_obtained":[{"floor":5,"key":"Dexterity Potion"},{"floor":7,"key":"SteroidPotion"},{"floor":13,"key":"Regen Potion"},{"floor":16,"key":"SkillPotion"},{"floor":18,"key":"DuplicationPotion"},{"floor":23,"key":"Block Potion"},{"floor":28,"key":"Energy Potion"}],"is_trial":false,"path_per_floor":["M","?","?","T","M","E","M","M","T","?","?","M","M","$","R","B",null,"M","?","M","M","T","E","R","E","T","R","M","M","$","M","R","B"],"character_chosen":"The_Alterego","items_purchased":["alterego_mod:SistersRibbon","alterego_mod:ChallengeComplete","PreservedInsect","alterego_mod:Maid","Fruit Juice"],"campfire_rested":2,"item_purchase_floors":[14,14,30,30,30],"current_hp_per_floor":[70,70,60,67,53,22,17,18,18,18,18,11,20,20,45,9,85,61,61,40,47,47,46,46,33,33,33,17,28,33,24,45,0,0],"gold":14,"neow_bonus":"ONE_RANDOM_RARE_CARD","is_daily":false,"chose_seed":false,"campfire_upgraded":2,"win_rate":0.0,"timestamp":1612962516,"path_taken":["M","?","?","?","M","E","M","?","T","?","?","M","M","?","R","BOSS","M","?","M","M","?","E","R","E","T","R","?","M","$","?","R","BOSS"],"items_purchased_type":["Relic","Card","Relic","Card","Potion"],"build_version":"2020-12-22","purchased_purges":1,"victory":false,"max_hp_per_floor":[71,71,71,78,79,80,81,82,82,82,82,83,84,84,84,85,85,86,61,62,63,63,64,64,65,65,65,66,67,72,73,73,73,73],"card_choices":[{"not_picked":["alterego_mod:Complex","alterego_mod:Cycle"],"picked":"alterego_mod:Cushion","floor":1},{"not_picked":["alterego_mod:PresenceConcealment","alterego_mod:Bounce","alterego_mod:Mirror"],"picked":"alterego_mod:1TonWallop","floor":5},{"not_picked":["alterego_mod:SakuraFive","alterego_mod:PurpleHair","alterego_mod:Table"],"picked":"alterego_mod:Tantrum","floor":6},{"not_picked":["alterego_mod:PurpleHair","alterego_mod:Undulate","alterego_mod:Stockings"],"picked":"alterego_mod:Cooking","floor":7},{"not_picked":["alterego_mod:DiscoLights","alterego_mod:HighServant","alterego_mod:SakuraLabyrinth"],"picked":"alterego_mod:Pet","floor":8},{"not_picked":["alterego_mod:1TonWallop","alterego_mod:Belle","alterego_mod:RingBreak"],"picked":"alterego_mod:Complex","floor":12},{"not_picked":["alterego_mod:Skirt","alterego_mod:MagicResistance","alterego_mod:Punishment"],"picked":"alterego_mod:SuperDuperMasochism","floor":13},{"not_picked":["alterego_mod:Antipathy","alterego_mod:Rake","alterego_mod:Alter"],"picked":"alterego_mod:ClassAdvantage","floor":16},{"not_picked":["alterego_mod:Birthday+1","alterego_mod:DeftHands","alterego_mod:GoddessCore"],"picked":"alterego_mod:BreastValley+1","floor":18},{"not_picked":["alterego_mod:BusterCard","alterego_mod:Bounce+1","alterego_mod:Birthday"],"picked":"alterego_mod:IndependentAction","floor":20},{"not_picked":["alterego_mod:Pet","alterego_mod:Cycle","alterego_mod:DestructionOfProperty"],"picked":"alterego_mod:BeGentle","floor":21},{"not_picked":["alterego_mod:Undulate","alterego_mod:Clap","alterego_mod:Schoolgirl"],"picked":"alterego_mod:Rip","floor":23},{"not_picked":["alterego_mod:Exercise","alterego_mod:HighServant","alterego_mod:Lingerie","alterego_mod:SakuraPetals"],"picked":"SKIP","floor":25},{"not_picked":["alterego_mod:Mirror","alterego_mod:SakuraLabyrinth+1","alterego_mod:Complex+1"],"picked":"alterego_mod:Belle","floor":28},{"not_picked":["alterego_mod:STier","alterego_mod:Undulate","alterego_mod:Mirror"],"picked":"alterego_mod:PerceptionDisorder","floor":29},{"not_picked":["alterego_mod:SakuraLabyrinth","alterego_mod:DiscoLights+1","alterego_mod:Bounce"],"picked":"alterego_mod:TrashNCrash","floor":31}],"player_experience":43780,"relics_obtained":[{"floor":4,"key":"Strawberry"},{"floor":6,"key":"Lantern"},{"floor":9,"key":"Omamori"},{"floor":22,"key":"Ancient Tea Set"},{"floor":23,"key":"Bottled Tornado"},{"floor":25,"key":"Matryoshka"},{"floor":26,"key":"Nunchaku"},{"floor":26,"key":"Vajra"}],"event_choices":[],"is_beta":false,"boss_relics":[{"not_picked":["Runic Pyramid","Busted Crown"],"picked":"Philosopher\u0027s Stone"}],"items_purged_floors":[14],"is_endless":false,"potions_floor_spawned":[5,7,13,16,18,23,28],"killed_by":"Gensokyo:Kaguya","ascension_level":0}}