{"host":"ewn058xs2vaj5uc6","time":1612949860,"event":{"mods":["ATMod(??Mod)","Act Like it!","Aspiration","BaseMod","Better Vampires","BetterRewards","Bossed Relics","Colored Map","Colored Powertips","Downfall","Fox Events","Highlight Path","Minty Spire (QoL Compilation)","MostiFishMod","Quick Restart","Red Circlet Mod","Relic Filter Mod","Reliquary","Replay The Spire","Shop Mod","StSLib","SuperFastMode","TestMod","TheWitcher","??????REMEMod","????"],"gold_per_floor":[99,119,130,150,170,3,26,26,57,457,457,477,511,525,544,643,643,114,143,158,171,74,90,170,186,214,214,243,243,258,20,30,129,129,66,81,81,99,99],"floor_reached":40,"language":"ZHS","playtime":1145,"items_purged":["hexamod:Sear","champ:VampiricStrike"],"score":1155,"play_id":"5a8daa01-4ac9-442d-891e-ad62cbdecda8","local_time":"20210210173740","is_ascension_mode":true,"campfire_choices":[{"data":"AT_DrawKnifeCut","floor":1,"key":"SMITH"},{"data":"hexamod:EtherealExpedition","floor":8,"key":"SMITH"}],"circlet_count":0,"master_deck":["hexamod:Float","AT_DrawKnifeCut+1","hexamod:EtherealExpedition+1","hexamod:HeatCrush+1","hexamod:CouncilsJustice","hexamod:CouncilsJustice","hexamod:CouncilsJustice","Ghostly","Ghostly","Ghostly","hexamod:NightmareStrike+1","hexamod:UnleashSpirits"],"relics":["testmod-TestBox","AT_ATBox","Dodecahedron","testmod-TimeTraveler","FeatherPendant","AT_BladeRuinedKing","DaveBox","Transparent","MerchantsRug","MostiFishMod:AdaptiveDefenses","REME_HourglassOfDeath","aspiration:FetidBarrel","Sundial","REME_HandOfSuture","REME_OnlineShoppingPlatform","AT_LudenTempest","Pandora\u0027s Box","downfall:HeartBlessingGreen","ReplayTheSpireMod:Lightbulb","Lee\u0027s Waffle","ReplayTheSpireMod:Ninjato","downfall:TeleportStone"],"acts_visited":["Exordium","TheCity","TheBeyond"],"potions_floor_usage":[],"damage_taken":[{"damage":0,"enemies":"Cultist","floor":2,"turns":2},{"damage":0,"enemies":"Small Slimes","floor":3,"turns":2},{"damage":0,"enemies":"2 Louse","floor":4,"turns":1},{"damage":0,"enemies":"Blue Slaver","floor":5,"turns":3},{"damage":0,"enemies":"downfall:FleeingMerchant","floor":6,"turns":4},{"damage":0,"enemies":"3 Sentries","floor":9,"turns":3},{"damage":0,"enemies":"Gremlin Gang","floor":12,"turns":3},{"damage":0,"enemies":"Gremlin Nob","floor":13,"turns":2},{"damage":0,"enemies":"2 Fungi Beasts","floor":14,"turns":1},{"damage":0,"enemies":"Exordium Wildlife","floor":15,"turns":2},{"damage":0,"enemies":"SI_SHIV_ARCHETYPE","floor":16,"turns":1},{"damage":20,"enemies":"Shell Parasite","floor":19,"turns":2},{"damage":6,"enemies":"3 Byrds","floor":20,"turns":1},{"damage":6,"enemies":"Cultist and Chosen","floor":21,"turns":1},{"damage":20,"enemies":"downfall:FleeingMerchant","floor":22,"turns":2},{"damage":0,"enemies":"Centurion and Healer","floor":23,"turns":1},{"damage":0,"enemies":"Snake Plant","floor":25,"turns":1},{"damage":14,"enemies":"Book of Stabbing","floor":26,"turns":2},{"damage":0,"enemies":"Slavers","floor":28,"turns":1},{"damage":0,"enemies":"Snecko","floor":30,"turns":1},{"damage":0,"enemies":"Cultist and Chosen","floor":32,"turns":1},{"damage":0,"enemies":"WA_ARCHETYPE_CALM","floor":33,"turns":1},{"damage":24,"enemies":"3 Shapes","floor":36,"turns":1},{"damage":8,"enemies":"3 Darklings","floor":38,"turns":1},{"damage":8,"enemies":"DF_ARCHETYPE_ORBS","floor":39,"turns":1}],"seed_played":"8473945759617551114","potions_obtained":[{"floor":4,"key":"Fire Potion"},{"floor":13,"key":"SteroidPotion"},{"floor":14,"key":"Strength Potion"},{"floor":23,"key":"Fire Potion"},{"floor":25,"key":"LiquidBronze"},{"floor":30,"key":"Fire Potion"}],"is_trial":false,"path_per_floor":["R","M","M","M","M","$","T","R","E","?","?","M","E","M","M","B",null,"R","M","M","M","$","M","T","M","E","?","E","?","M","$","M","B",null,"R","M","?","M","B",null],"character_chosen":"THE_SPIRIT","items_purchased":["Simple Rune","MerchantsRug","MostiFishMod:AdaptiveDefenses","Juzu Bracelet","BirthdayGift-Icosahedron","REME_HandOfSuture","REME_OnlineShoppingPlatform","AT_LudenTempest","ReplayTheSpireMod:Lightbulb","Lee\u0027s Waffle","ReplayTheSpireMod:Ninjato"],"campfire_rested":0,"item_purchase_floors":[6,18,18,18,22,31,31,31,35,35,35],"current_hp_per_floor":[70,70,70,70,70,70,70,70,70,70,70,70,70,70,70,70,70,70,70,70,70,70,70,70,70,70,57,75,37,37,37,37,37,37,44,44,44,44,44],"gold":99,"neow_bonus":"BOSS_RELIC","is_daily":false,"chose_seed":false,"campfire_upgraded":2,"win_rate":0.0,"timestamp":1612949860,"path_taken":["R","M","?","M","M","$","T","R","E","?","?","M","E","M","M","BOSS","R","M","M","M","$","M","T","M","E","?","E","?","M","$","M","BOSS","R","M","?","M","BOSS"],"items_purchased_type":["Relic","Relic","Relic","Relic","Relic","Relic","Relic","Relic","Relic","Relic","Relic"],"build_version":"2020-12-22","purchased_purges":2,"victory":true,"max_hp_per_floor":[70,70,70,70,70,70,70,70,70,70,70,70,70,70,70,70,70,70,70,70,70,70,70,70,70,70,75,75,37,37,37,37,37,37,44,44,44,44,44],"card_choices":[{"not_picked":["hexamod:ThermalTransfer","hexamod:InspiringFlames","hexamod:SuperheatedStrike"],"picked":"SKIP","floor":2},{"not_picked":["hexamod:CatchUp","hexamod:RecurringNightmare","hexamod:PhantomCloak"],"picked":"SKIP","floor":3},{"not_picked":["hexamod:ChargedBarrage","hexamod:Incineration","hexamod:Firestarter"],"picked":"SKIP","floor":4},{"not_picked":["hexamod:Incineration","hexamod:Hexaguard"],"picked":"hexamod:EtherealExpedition","floor":5},{"not_picked":["hexamod:Firestarter","hexamod:FirstSeal","hexamod:RainOfEmbers"],"picked":"SKIP","floor":6},{"not_picked":["hexamod:ShieldOfDarkness","hexamod:ChargedBarrage","hexamod:NecessarySacrifice"],"picked":"SKIP","floor":9},{"not_picked":["hexamod:FastForward","hexamod:SuperheatedStrike","hexamod:StepThrough"],"picked":"SKIP","floor":12},{"not_picked":["hexamod:VolcanoVisage","hexamod:NecessarySacrifice","hexamod:GhostOfSpireFuture"],"picked":"SKIP","floor":13},{"not_picked":["hexamod:SpectralSpark","hexamod:SwordOfDarkness","hexamod:InspiringFlames"],"picked":"SKIP","floor":14},{"not_picked":["hexamod:SuperheatedStrike","hexamod:SwordOfDarkness","hexamod:BurningTouch"],"picked":"SKIP","floor":15},{"not_picked":["hexamod:NightmareGuise","hexamod:EmpoweredFlame"],"picked":"hexamod:HeatCrush+1","floor":19},{"not_picked":["hexamod:DynamicBlow","hexamod:SoulSteal","hexamod:HeatMetal+1"],"picked":"SKIP","floor":20},{"not_picked":["hexamod:FlamesFromBeyond+1","hexamod:GhostflameBarrier+1","hexamod:ShieldOfDarkness"],"picked":"SKIP","floor":21},{"not_picked":["hexamod:DynamicBlow+1","hexamod:GhostflameBarrier","hexamod:HeatMetal"],"picked":"SKIP","floor":22},{"not_picked":["hexamod:HeatCrush","hexamod:NecessarySacrifice","hexamod:SpectralAdrenaline"],"picked":"SKIP","floor":23},{"not_picked":["hexamod:EmpoweredFlame","hexamod:ThermalTransfer+1","hexamod:FastForward"],"picked":"SKIP","floor":25},{"not_picked":["hexamod:GhostLash","hexamod:FourthSeal","hexamod:ExtraCrispy"],"picked":"SKIP","floor":26},{"not_picked":["hexamod:ThermalTransfer","hexamod:GhostOfSpirePresent","hexamod:FastForward"],"picked":"SKIP","floor":28},{"not_picked":["hexamod:BacktrackSmack","hexamod:GhostShield","hexamod:ThermalTransfer"],"picked":"SKIP","floor":30},{"not_picked":["hexamod:EtherealExpedition+1","hexamod:GhostShield"],"picked":"hexamod:NightmareStrike+1","floor":32},{"not_picked":["hexamod:TurnItUp","hexamod:GhostflameInferno"],"picked":"hexamod:UnleashSpirits","floor":33},{"not_picked":["hexamod:FastForward","hexamod:SpectersWail+1","hexamod:Again"],"picked":"SKIP","floor":36},{"not_picked":["hexamod:InspiringFlames","hexamod:EmpoweredFlame","hexamod:SpectralAdrenaline"],"picked":"SKIP","floor":38}],"player_experience":146185,"relics_obtained":[{"floor":7,"key":"CeramicFish"},{"floor":9,"key":"AT_BladeRuinedKing"},{"floor":13,"key":"Divine Protection"},{"floor":24,"key":"REME_HourglassOfDeath"},{"floor":26,"key":"aspiration:FetidBarrel"},{"floor":28,"key":"Sundial"}],"event_choices":[{"damage_healed":0,"gold_gain":400,"player_choice":"Sell","damage_taken":0,"max_hp_gain":0,"max_hp_loss":0,"event_name":"??????","floor":10,"relics_lost":["DaveBox"],"gold_loss":0},{"damage_healed":0,"gold_gain":0,"player_choice":"Swap Relic","damage_taken":0,"relics_obtained":["DaveBox"],"max_hp_gain":0,"max_hp_loss":0,"event_name":"??????","floor":11,"relics_lost":["REME_ComplimentaryCards"],"gold_loss":0}],"is_beta":false,"boss_relics":[{"not_picked":["ChiXiaoBlade","Abe\u0027s Treasure"],"picked":"Transparent"},{"not_picked":["Painkiller Herb","REME_ChargedStone"],"picked":"Pandora\u0027s Box"}],"items_purged_floors":[18,31],"is_endless":false,"potions_floor_spawned":[4,13,14,16,20,23,25,30,32,36],"ascension_level":3}}