{"host":"bf5upntvbdompq33","time":1612936663,"event":{"mods":["BaseMod","Colored Map","Colored Powertips","Curses Come First","Minty Spire (QoL Compilation)","StSLib","The Dragon Tamer","The Hierophant","The Marked","The Mystic","The Servant 0.9.4"],"gold_per_floor":[114,114,174,174,99,143,143,187,210,1,19,34,34,50,50,181,181,197,168,267,282,43,43,43],"floor_reached":23,"language":"ENG","playtime":936,"items_purged":["Strike_B"],"score":386,"play_id":"d8901e0e-7524-4c33-9d69-61c19c6e9348","local_time":"20210209225743","is_ascension_mode":true,"campfire_choices":[{"data":"Zap","floor":7,"key":"SMITH"},{"data":"Defragment","floor":13,"key":"SMITH"},{"data":"Streamline","floor":15,"key":"SMITH"}],"circlet_count":0,"master_deck":["AscendersBane","Strike_B","Strike_B","Defend_B","Defend_B","Defend_B","Defend_B","Zap+1","Dualcast","Consume","Melter","Glacier","Coolheaded","Hologram","Secret Technique","Defragment+1","Streamline+1","Biased Cognition","Auto Shields","Ball Lightning","Conserve Battery"],"relics":["Cracked Core","NeowsBlessing","Golden Idol","Singing Bowl","White Beast Statue","Strawberry","Philosopher\u0027s Stone","Pantograph"],"acts_visited":["Exordium","TheCity"],"potions_floor_usage":[16],"damage_taken":[{"damage":0,"enemies":"Jaw Worm","floor":1,"turns":1},{"damage":0,"enemies":"Gremlin Nob","floor":6,"turns":1},{"damage":0,"enemies":"Lagavulin","floor":8,"turns":1},{"damage":0,"enemies":"2 Louse","floor":11,"turns":2},{"damage":0,"enemies":"Small Slimes","floor":12,"turns":3},{"damage":11,"enemies":"Blue Slaver","floor":14,"turns":4},{"damage":16,"enemies":"Slime Boss","floor":16,"turns":12},{"damage":15,"enemies":"Chosen","floor":18,"turns":7},{"damage":27,"enemies":"2 Thieves","floor":19,"turns":5},{"damage":25,"enemies":"Centurion and Healer","floor":21,"turns":11},{"damage":8,"enemies":"Book of Stabbing","floor":23,"turns":1}],"seed_played":"6492534563650426637","potions_obtained":[{"floor":1,"key":"FocusPotion"},{"floor":8,"key":"Explosive Potion"},{"floor":16,"key":"DuplicationPotion"},{"floor":18,"key":"SmokeBomb"}],"is_trial":false,"path_per_floor":["M","?","?","?","$","E","R","E","T","$","M","M","R","M","R","B",null,"M","M","?","M","$","E"],"character_chosen":"DEFECT","items_purchased":["Hologram","Secret Technique","Pantograph"],"campfire_rested":0,"item_purchase_floors":[10,10,22],"current_hp_per_floor":[68,68,68,68,68,68,68,68,75,75,77,77,77,66,66,50,71,56,29,29,4,4,0,0],"gold":43,"neow_bonus":"THREE_ENEMY_KILL","is_daily":false,"chose_seed":false,"campfire_upgraded":3,"win_rate":0.0,"timestamp":1612936663,"path_taken":["M","?","?","?","$","E","R","E","T","?","?","M","R","M","R","BOSS","M","?","?","M","$","E"],"items_purchased_type":["Card","Card","Relic"],"build_version":"2020-12-22","purchased_purges":1,"victory":false,"max_hp_per_floor":[75,75,75,69,69,69,69,69,76,76,78,78,78,78,78,78,78,78,78,78,78,78,78,78],"card_choices":[{"not_picked":["Steam","Glacier"],"picked":"Consume","floor":1},{"not_picked":["Conserve Battery","Streamline"],"picked":"Glacier","floor":6},{"not_picked":["Barrage","Turbo"],"picked":"Coolheaded","floor":8},{"not_picked":["Stack","Blizzard","Beam Cell"],"picked":"Singing Bowl","floor":11},{"not_picked":["Sweeping Beam","Fusion"],"picked":"Defragment","floor":12},{"not_picked":["Fusion","Rebound"],"picked":"Streamline","floor":14},{"not_picked":["Hyperbeam","All For One"],"picked":"Biased Cognition","floor":16},{"not_picked":["Rebound","Stack"],"picked":"Auto Shields","floor":18},{"not_picked":["Beam Cell","Recycle"],"picked":"Ball Lightning","floor":19},{"not_picked":["Sweeping Beam","Hologram"],"picked":"Conserve Battery","floor":21}],"player_experience":1532117,"relics_obtained":[{"floor":6,"key":"Singing Bowl"},{"floor":8,"key":"White Beast Statue"},{"floor":9,"key":"Strawberry"}],"event_choices":[{"damage_healed":0,"gold_gain":0,"cards_transformed":["Strike_B"],"player_choice":"Change","damage_taken":0,"max_hp_gain":0,"max_hp_loss":0,"event_name":"Living Wall","floor":2,"gold_loss":0,"cards_obtained":["Melter"]},{"damage_healed":0,"gold_gain":60,"player_choice":"Gained Gold","damage_taken":0,"max_hp_gain":0,"max_hp_loss":0,"event_name":"Golden Wing","floor":3,"gold_loss":0},{"damage_healed":0,"gold_gain":0,"player_choice":"Lose Max HP","damage_taken":0,"relics_obtained":["Golden Idol"],"max_hp_gain":0,"max_hp_loss":6,"event_name":"Golden Idol","floor":4,"gold_loss":0},{"damage_healed":0,"gold_gain":99,"player_choice":"Stole From Cult","damage_taken":0,"max_hp_gain":0,"max_hp_loss":0,"event_name":"Nest","floor":20,"gold_loss":0}],"is_beta":false,"boss_relics":[{"not_picked":["FrozenCore","SacredBark"],"picked":"Philosopher\u0027s Stone"}],"items_purged_floors":[5],"is_endless":false,"potions_floor_spawned":[1,8,11,12,14,16,18,19,21],"killed_by":"Book of Stabbing","ascension_level":11}}