{"host":"6gwm7y0tp7acoxay","time":1612920132,"event":{"mods":["BaseMod","Colored Map","Keyboard Shortcuts","Minty Spire (QoL Compilation)","Quick Restart","StSLib","SuperFastMode","everything is the same but u backflip on backflip"],"gold_per_floor":[116,116,116,134,134,160,175,191,191,226,254,284,315,63,63,138,138,157,157,157,169,169,196,236,254,277,321,351,100,134,74,74,159,159,187,205,205,230,230,274,309,339,384,419,63,92,104,148,148,148,148,148,157,46,78,78,78],"floor_reached":56,"language":"KOR","playtime":1992,"items_purged":["Inflame"],"score":2510,"play_id":"a12831bd-0545-4f8e-a365-f10d17f03b72","local_time":"20210210102212","daily_mods":["SealedDeck","Heirloom","Flight"],"is_ascension_mode":true,"campfire_choices":[{"data":"Armaments","floor":15.0,"key":"SMITH"},{"data":"Demon Form","floor":32.0,"key":"SMITH"},{"floor":49.0,"key":"RECALL"},{"floor":53.0,"key":"REST"}],"circlet_count":0,"master_deck":["AscendersBane","True Grit","Hemokinesis","Bloodletting+1","Rupture+1","Sword Boomerang","Fire Breathing","Shrug It Off","Evolve","Whirlwind+1","Reaper","Blood for Blood","Armaments+1","Battle Trance+1","Feed","Demon Form+1","Uppercut","Double Tap","Limit Break","Combust","Brutality","Demon Form","Feel No Pain"],"relics":["Burning Blood","StoneCalendar","Paper Frog","The Courier","Sundial","Pen Nib","Pear","Art of War","Gremlin Horn","SlaversCollar","Mummified Hand","CeramicFish","Nunchaku","Toy Ornithopter","Omamori","Akabeko","War Paint","Fusion Hammer","Turnip","Regal Pillow","Dream Catcher","Vajra","Darkstone Periapt","Strawberry","Bag of Marbles","Red Skull","Smiling Mask","HornCleat"],"acts_visited":["Exordium","TheCity","TheBeyond","TheEnding"],"potions_floor_usage":[56,56],"damage_taken":[{"damage":5.0,"enemies":"Cultist","floor":1.0,"turns":4.0},{"damage":17.0,"enemies":"Jaw Worm","floor":4.0,"turns":2.0},{"damage":12.0,"enemies":"Lagavulin","floor":6.0,"turns":4.0},{"damage":16.0,"enemies":"Small Slimes","floor":7.0,"turns":2.0},{"damage":22.0,"enemies":"Gremlin Gang","floor":8.0,"turns":2.0},{"damage":25.0,"enemies":"3 Sentries","floor":10.0,"turns":3.0},{"damage":36.0,"enemies":"Gremlin Nob","floor":11.0,"turns":4.0},{"damage":12.0,"enemies":"3 Sentries","floor":12.0,"turns":3.0},{"damage":11.0,"enemies":"Lagavulin","floor":13.0,"turns":4.0},{"damage":12.0,"enemies":"Slime Boss","floor":16.0,"turns":4.0},{"damage":24.0,"enemies":"Chosen","floor":18.0,"turns":4.0},{"damage":25.0,"enemies":"Shell Parasite","floor":21.0,"turns":3.0},{"damage":25.0,"enemies":"Gremlin Leader","floor":23.0,"turns":5.0},{"damage":42.0,"enemies":"Slavers","floor":24.0,"turns":3.0},{"damage":22.0,"enemies":"Snake Plant","floor":25.0,"turns":2.0},{"damage":37.0,"enemies":"Book of Stabbing","floor":27.0,"turns":4.0},{"damage":22.0,"enemies":"Gremlin Leader","floor":28.0,"turns":4.0},{"damage":17.0,"enemies":"Slavers","floor":30.0,"turns":3.0},{"damage":38.0,"enemies":"Champ","floor":33.0,"turns":4.0},{"damage":39.0,"enemies":"Orb Walker","floor":35.0,"turns":4.0},{"damage":25.0,"enemies":"3 Shapes","floor":36.0,"turns":5.0},{"damage":15.0,"enemies":"Mind Bloom Boss Battle","floor":38.0,"turns":5.0},{"damage":16.0,"enemies":"Reptomancer","floor":40.0,"turns":4.0},{"damage":52.0,"enemies":"Nemesis","floor":41.0,"turns":5.0},{"damage":26.0,"enemies":"Reptomancer","floor":42.0,"turns":4.0},{"damage":38.0,"enemies":"Nemesis","floor":44.0,"turns":5.0},{"damage":30.0,"enemies":"Reptomancer","floor":46.0,"turns":4.0},{"damage":29.0,"enemies":"Spire Growth","floor":47.0,"turns":3.0},{"damage":19.0,"enemies":"Giant Head","floor":48.0,"turns":4.0},{"damage":88.0,"enemies":"Donu and Deca","floor":50.0,"turns":4.0},{"damage":129.0,"enemies":"Awakened One","floor":51.0,"turns":6.0},{"damage":119.0,"enemies":"Shield and Spear","floor":55.0,"turns":7.0},{"damage":89,"enemies":"The Heart","floor":56,"turns":4}],"seed_played":"-2739259064848213637","potions_obtained":[{"floor":4.0,"key":"SteroidPotion"},{"floor":10.0,"key":"SteroidPotion"},{"floor":12.0,"key":"Explosive Potion"},{"floor":13.0,"key":"SkillPotion"},{"floor":23.0,"key":"Fruit Juice"},{"floor":24.0,"key":"BlessingOfTheForge"},{"floor":33.0,"key":"LiquidMemories"},{"floor":38.0,"key":"AttackPotion"},{"floor":41.0,"key":"AttackPotion"},{"floor":47.0,"key":"Regen Potion"}],"is_trial":true,"path_per_floor":["M","?","?","M","?","E","M","M","T","E","E","E","E","$","R","B",null,"M","?","?","M","?","E","E","M","T","E","E","$","E","$","R","B",null,"M","M","?","?","?","E","E","E","T","E","$","E","M","E","R","B","B",null,"R","$","E","B"],"character_chosen":"IRONCLAD","items_purchased":["Battle Trance","Gremlin Horn","Akabeko","Double Tap","Strawberry","Bag of Marbles","Swift Potion","ColorlessPotion","PowerPotion","LiquidMemories"],"campfire_rested":1,"item_purchase_floors":[14,14,29,29,45,45,45,45,54,54],"current_hp_per_floor":[69,69,69,58,58,52,54,62,62,48,26,34,39,39,39,59,79,65,65,65,50,50,90,69,61,61,48,88,88,92,92,92,64,98,77,74,74,102,116,106,60,40,40,35,42,98,100,102,102,107,34,108,133,133,79,0,0],"gold":78,"neow_bonus":"","is_daily":false,"chose_seed":false,"campfire_upgraded":2,"win_rate":0.0,"timestamp":1612920132,"path_taken":["M","?","?","?","?","E","M","?","T","E","E","E","E","?","R","BOSS","M","?","?","?","?","E","E","M","T","E","E","$","E","?","R","BOSS","M","M","?","?","?","E","E","E","T","E","$","E","?","E","R","BOSS","BOSS","R","$","E","BOSS"],"items_purchased_type":["Card","Relic","Relic","Card","Relic","Relic","Potion","Potion","Potion","Potion"],"build_version":"2020-12-22","purchased_purges":1,"victory":false,"max_hp_per_floor":[75,75,75,75,75,75,75,75,75,75,75,85,85,85,85,85,85,85,85,85,89,89,94,94,94,94,98,102,102,105,105,105,109,109,109,112,112,116,116,116,116,116,116,116,123,126,126,126,126,129,133,133,133,133,133,133,133],"card_choices":[{"not_picked":["Heavy Blade","Evolve"],"picked":"Whirlwind","floor":1.0},{"not_picked":["Iron Wave","Pommel Strike","Dual Wield"],"picked":"SKIP","floor":4.0},{"not_picked":["Warcry","Perfected Strike"],"picked":"Reaper","floor":6.0},{"not_picked":["Sever Soul","Ghostly Armor","Heavy Blade"],"picked":"SKIP","floor":7.0},{"not_picked":["Anger","Burning Pact","True Grit"],"picked":"SKIP","floor":8.0},{"not_picked":["Flex","Rage"],"picked":"Blood for Blood","floor":10.0},{"not_picked":["Havoc","Ghostly Armor","True Grit"],"picked":"SKIP","floor":11.0},{"not_picked":["True Grit","Burning Pact","Anger"],"picked":"SKIP","floor":12.0},{"not_picked":["True Grit","Burning Pact","Anger"],"picked":"SKIP","floor":12.0},{"not_picked":["Anger","Impervious"],"picked":"Armaments","floor":13.0},{"not_picked":["Corruption","Berserk"],"picked":"Feed","floor":16.0},{"not_picked":["Anger","Shrug It Off","Headbutt"],"picked":"SKIP","floor":18.0},{"not_picked":["Warcry+1","Flame Barrier","Armaments"],"picked":"SKIP","floor":21.0},{"not_picked":["Entrench","Headbutt","Body Slam"],"picked":"SKIP","floor":23.0},{"not_picked":["Burning Pact","Feel No Pain"],"picked":"Demon Form","floor":24.0},{"not_picked":["Whirlwind","Clothesline","Anger"],"picked":"SKIP","floor":25.0},{"not_picked":["True Grit","Rampage"],"picked":"Uppercut","floor":27.0},{"not_picked":["Armaments+1","Headbutt+1","Metallicize"],"picked":"SKIP","floor":28.0},{"not_picked":["Burning Pact","Blood for Blood+1","Heavy Blade"],"picked":"SKIP","floor":30.0},{"not_picked":["Exhume","Barricade"],"picked":"Limit Break","floor":33.0},{"not_picked":["Pommel Strike","Armaments","Combust"],"picked":"SKIP","floor":35.0},{"not_picked":["Pommel Strike","Armaments"],"picked":"Combust","floor":35.0},{"not_picked":["Pommel Strike+1","Clash","Intimidate+1"],"picked":"SKIP","floor":36.0},{"not_picked":["Twin Strike","Heavy Blade"],"picked":"Brutality","floor":40.0},{"not_picked":["Headbutt","Pommel Strike","True Grit"],"picked":"SKIP","floor":41.0},{"not_picked":["Spot Weakness+1","Wild Strike","Twin Strike"],"picked":"SKIP","floor":42.0},{"not_picked":["Pommel Strike+1","Thunderclap","Metallicize"],"picked":"SKIP","floor":44.0},{"not_picked":["Metallicize","Sentinel","Perfected Strike"],"picked":"SKIP","floor":46.0},{"not_picked":["Headbutt","Burning Pact","Fire Breathing"],"picked":"SKIP","floor":47.0},{"not_picked":["Warcry","Demon Form","Blood for Blood+1"],"picked":"SKIP","floor":48.0},{"not_picked":["Warcry","Blood for Blood+1"],"picked":"Demon Form","floor":48.0},{"not_picked":["True Grit+1","Clash"],"picked":"Feel No Pain","floor":53.0},{"not_picked":["Havoc","Burning Pact","Power Through"],"picked":"SKIP","floor":55.0}],"player_experience":4513368,"relics_obtained":[{"floor":6.0,"key":"Paper Frog"},{"floor":9.0,"key":"The Courier"},{"floor":10.0,"key":"Sundial"},{"floor":11.0,"key":"Pen Nib"},{"floor":12.0,"key":"Pear"},{"floor":13.0,"key":"Art of War"},{"floor":23.0,"key":"Mummified Hand"},{"floor":24.0,"key":"CeramicFish"},{"floor":26.0,"key":"Nunchaku"},{"floor":27.0,"key":"Toy Ornithopter"},{"floor":28.0,"key":"Omamori"},{"floor":30.0,"key":"War Paint"},{"floor":38.0,"key":"Turnip"},{"floor":40.0,"key":"Regal Pillow"},{"floor":41.0,"key":"Dream Catcher"},{"floor":42.0,"key":"Vajra"},{"floor":44.0,"key":"Darkstone Periapt"},{"floor":46.0,"key":"Red Skull"},{"floor":48.0,"key":"Smiling Mask"},{"floor":55.0,"key":"HornCleat"}],"event_choices":[{"damage_healed":0.0,"max_hp_gain":0.0,"max_hp_loss":0.0,"gold_gain":0.0,"event_name":"Living Wall","player_choice":"Grow","floor":2.0,"gold_loss":0.0,"damage_taken":0.0,"cards_upgraded":["Rupture"]},{"damage_healed":0.0,"max_hp_gain":0.0,"max_hp_loss":0.0,"gold_gain":0.0,"event_name":"Upgrade Shrine","player_choice":"Upgraded","floor":3.0,"gold_loss":0.0,"damage_taken":0.0,"cards_upgraded":["Whirlwind"]},{"cards_removed":["Pummel"],"damage_healed":0.0,"max_hp_gain":0.0,"max_hp_loss":0.0,"gold_gain":0.0,"event_name":"Purifier","player_choice":"Purged","floor":5.0,"gold_loss":0.0,"damage_taken":0.0},{"damage_healed":0.0,"max_hp_gain":0.0,"max_hp_loss":0.0,"gold_gain":0.0,"event_name":"Cursed Tome","player_choice":"Ignored","floor":19.0,"gold_loss":0.0,"damage_taken":0.0},{"damage_healed":0.0,"max_hp_gain":0.0,"max_hp_loss":0.0,"gold_gain":0.0,"event_name":"Transmorgrifier","player_choice":"Ignored","floor":20.0,"gold_loss":0.0,"damage_taken":0.0},{"damage_healed":0.0,"max_hp_gain":0.0,"max_hp_loss":0.0,"gold_gain":0.0,"event_name":"The Mausoleum","player_choice":"Ignored","floor":22.0,"gold_loss":0.0,"damage_taken":0.0},{"damage_healed":0.0,"max_hp_gain":0.0,"max_hp_loss":0.0,"gold_gain":0.0,"event_name":"SensoryStone","player_choice":"Memory 1","floor":37.0,"gold_loss":0.0,"damage_taken":0.0},{"damage_healed":0.0,"max_hp_gain":0.0,"max_hp_loss":0.0,"gold_gain":0.0,"event_name":"MindBloom","player_choice":"Fight","floor":38.0,"gold_loss":0.0,"damage_taken":0.0},{"damage_healed":23.0,"max_hp_gain":0.0,"max_hp_loss":0.0,"gold_gain":0.0,"event_name":"Winding Halls","player_choice":"Writhe","floor":39.0,"gold_loss":0.0,"damage_taken":0.0,"cards_obtained":["Writhe"]}],"is_beta":false,"boss_relics":[{"not_picked":["Coffee Dripper","Busted Crown"],"picked":"SlaversCollar"},{"not_picked":["Snecko Eye","Philosopher\u0027s Stone"],"picked":"Fusion Hammer"}],"items_purged_floors":[31],"is_endless":false,"potions_floor_spawned":[4,10,12,13,16,23,24,33,38,41,42,46,47,55],"killed_by":"The Heart","ascension_level":20}}