{"host":"swavyr4ofmkhu42f","time":1612930534,"event":{"mods":["BaseMod","Colored Map","Minty Spire (QoL Compilation)","StSLib"],"gold_per_floor":[216,216,70,86,99,131,131,131,154,154,179,179,192,211,211,307,307,325,138,148,160,177,177,177],"floor_reached":23,"language":"ENG","playtime":955,"items_purged":["Strike_G","Strike_G"],"score":241,"play_id":"89b57fd1-0d8e-47e8-abe1-d05db3d38644","local_time":"20210209231534","is_ascension_mode":true,"campfire_choices":[{"data":"Cloak And Dagger","floor":7,"key":"SMITH"},{"data":"Accuracy","floor":10,"key":"SMITH"},{"floor":12,"key":"REST"},{"data":"Finisher","floor":15,"key":"SMITH"}],"circlet_count":0,"master_deck":["Strike_G","Strike_G","Defend_G","Defend_G","Defend_G","Defend_G","Survivor","Neutralize","Accuracy+1","Cloak And Dagger+1","Finisher+1","Burst","Slice","Accuracy"],"relics":["Ring of the Snake","Art of War","Snake Skull","Bronze Scales","WristBlade"],"acts_visited":["Exordium","TheCity"],"potions_floor_usage":[6,16,20],"damage_taken":[{"damage":7,"enemies":"Small Slimes","floor":1,"turns":6},{"damage":2,"enemies":"Jaw Worm","floor":4,"turns":6},{"damage":12,"enemies":"Cultist","floor":5,"turns":7},{"damage":27,"enemies":"3 Sentries","floor":6,"turns":15},{"damage":0,"enemies":"Exordium Thugs","floor":13,"turns":5},{"damage":0,"enemies":"2 Fungi Beasts","floor":14,"turns":3},{"damage":2,"enemies":"The Guardian","floor":16,"turns":10},{"damage":3,"enemies":"3 Byrds","floor":18,"turns":4},{"damage":28,"enemies":"2 Thieves","floor":20,"turns":3},{"damage":5,"enemies":"Chosen and Byrds","floor":21,"turns":4},{"damage":12,"enemies":"3 Cultists","floor":22,"turns":5},{"damage":16,"enemies":"Slavers","floor":23,"turns":2}],"seed_played":"184578141776764718","potions_obtained":[{"floor":5,"key":"ColorlessPotion"},{"floor":13,"key":"GhostInAJar"},{"floor":18,"key":"ColorlessPotion"}],"is_trial":false,"path_per_floor":["M","?","$","M","M","E","R","?","T","R","T","R","M","M","R","B",null,"M","$","M","M","M","E"],"character_chosen":"THE_SILENT","items_purchased":["Accuracy","Slice","Accuracy"],"campfire_rested":1,"item_purchase_floors":[3,19,19],"current_hp_per_floor":[63,63,63,61,49,22,22,15,15,15,15,36,36,36,36,34,61,58,58,30,25,13,0,0],"gold":177,"neow_bonus":"HUNDRED_GOLD","is_daily":false,"chose_seed":false,"campfire_upgraded":3,"win_rate":0.0,"timestamp":1612930534,"path_taken":["M","?","$","M","M","E","R","?","T","R","?","R","M","M","R","BOSS","M","$","M","M","M","E"],"items_purchased_type":["Card","Card","Card"],"build_version":"2020-12-22","purchased_purges":2,"victory":false,"max_hp_per_floor":[70,70,70,70,70,70,70,70,70,70,70,70,70,70,70,70,70,70,70,70,70,70,70,70],"card_choices":[{"not_picked":["Prepared","Dagger Throw","Catalyst"],"picked":"SKIP","floor":1},{"not_picked":["Sucker Punch","Quick Slash","Catalyst"],"picked":"SKIP","floor":4},{"not_picked":["Sucker Punch","Deadly Poison","Dodge and Roll"],"picked":"SKIP","floor":5},{"not_picked":["Dagger Spray","Unload"],"picked":"Cloak And Dagger","floor":6},{"not_picked":["Underhanded Strike","Deadly Poison"],"picked":"Finisher","floor":13},{"not_picked":["Well Laid Plans","Endless Agony","Terror"],"picked":"SKIP","floor":14},{"not_picked":["Wraith Form v2","Corpse Explosion"],"picked":"Burst","floor":16},{"not_picked":["Sucker Punch","Dagger Throw+1","Acrobatics"],"picked":"SKIP","floor":18},{"not_picked":["PiercingWail","Bane+1","Acrobatics+1"],"picked":"SKIP","floor":20},{"not_picked":["Underhanded Strike+1","Deflect","Dagger Throw"],"picked":"SKIP","floor":21},{"not_picked":["Prepared","Escape Plan+1","Expertise"],"picked":"SKIP","floor":22}],"player_experience":199009,"relics_obtained":[{"floor":6,"key":"Art of War"},{"floor":9,"key":"Snake Skull"},{"floor":11,"key":"Bronze Scales"}],"event_choices":[{"cards_removed":["Strike_G"],"damage_healed":0,"gold_gain":0,"player_choice":"Forget","damage_taken":0,"max_hp_gain":0,"max_hp_loss":0,"event_name":"Living Wall","floor":2,"gold_loss":0},{"cards_removed":["Defend_G"],"damage_healed":0,"gold_gain":0,"player_choice":"Card Removal","damage_taken":7,"max_hp_gain":0,"max_hp_loss":0,"event_name":"Golden Wing","floor":8,"gold_loss":0}],"is_beta":false,"boss_relics":[{"not_picked":["Runic Dome","Busted Crown"],"picked":"WristBlade"}],"items_purged_floors":[3,19],"is_endless":false,"potions_floor_spawned":[5,13,18],"killed_by":"Slavers","ascension_level":5}}