{"host":"3c8x8j1h2jyrixpf","time":1612925436,"event":{"mods":["BaseMod","Colored Powertips","Highlight Path","Minty Spire (QoL Compilation)","StSLib"],"gold_per_floor":[109,121,121,139,214,214,214,245,294,308,308,319,350,364,364,462,462,481,305,321,321,335,335,360,360,360,388,399,427,427,438,438,438,438],"floor_reached":33,"language":"ENG","playtime":1259,"items_purged":["Strike_P"],"score":491,"play_id":"a3dfbf05-9d86-470d-ae66-852e28144602","local_time":"20210209205036","is_ascension_mode":true,"campfire_choices":[{"data":"EmptyFist","floor":6,"key":"SMITH"},{"floor":11,"key":"REST"},{"data":"MentalFortress","floor":15,"key":"SMITH"},{"floor":23,"key":"REST"},{"floor":25,"key":"REST"},{"floor":30,"key":"REST"},{"data":"Ragnarok","floor":32,"key":"SMITH"}],"circlet_count":0,"master_deck":["AscendersBane","Strike_P+1","Defend_P","Defend_P","Defend_P+1","Eruption+1","Vigilance","EmptyFist+1","FearNoEvil+1","BattleHymn","FollowUp","FlurryOfBlows","ThirdEye","Meditate","MentalFortress+1","SpiritShield","Consecrate","Tantrum","EmptyBody","Consecrate+1","JustLucky+1","ClearTheMind+1","EmptyMind","Ragnarok+1"],"relics":["Empty Cage","Whetstone","Regal Pillow","InkBottle","Philosopher\u0027s Stone","MutagenicStrength","CaptainsWheel","Juzu Bracelet","PreservedInsect"],"acts_visited":["Exordium","TheCity"],"potions_floor_usage":[13,22,27,28,29,33],"damage_taken":[{"damage":3,"enemies":"2 Louse","floor":1,"turns":4},{"damage":1,"enemies":"Cultist","floor":2,"turns":3},{"damage":12,"enemies":"Jaw Worm","floor":4,"turns":3},{"damage":16,"enemies":"Gremlin Nob","floor":8,"turns":3},{"damage":0,"enemies":"Large Slime","floor":10,"turns":2},{"damage":0,"enemies":"2 Fungi Beasts","floor":12,"turns":1},{"damage":3,"enemies":"Lagavulin","floor":13,"turns":5},{"damage":6,"enemies":"Blue Slaver","floor":14,"turns":2},{"damage":16,"enemies":"Hexaghost","floor":16,"turns":8},{"damage":20,"enemies":"3 Byrds","floor":18,"turns":6},{"damage":6,"enemies":"Chosen","floor":20,"turns":2},{"damage":22,"enemies":"Snake Plant","floor":22,"turns":3},{"damage":23,"enemies":"Book of Stabbing","floor":24,"turns":5},{"damage":8,"enemies":"Slavers","floor":27,"turns":4},{"damage":6,"enemies":"Chosen and Byrds","floor":28,"turns":4},{"damage":19,"enemies":"Book of Stabbing","floor":29,"turns":5},{"damage":9,"enemies":"3 Cultists","floor":31,"turns":4},{"damage":72,"enemies":"Collector","floor":33,"turns":7}],"seed_played":"-2509697300536741416","potions_obtained":[{"floor":2,"key":"ColorlessPotion"},{"floor":4,"key":"Swift Potion"},{"floor":10,"key":"Block Potion"},{"floor":18,"key":"LiquidMemories"},{"floor":24,"key":"DuplicationPotion"},{"floor":27,"key":"Weak Potion"},{"floor":29,"key":"EssenceOfSteel"}],"is_trial":false,"path_per_floor":["M","M","?","M","?","R","?","E","T","M","R","M","E","M","R","B",null,"M","$","M","?","M","R","E","R","T","E","M","E","R","M","R","B"],"character_chosen":"WATCHER","items_purchased":["Tantrum","EmptyBody"],"campfire_rested":4,"item_purchase_floors":[19,19],"current_hp_per_floor":[62,61,61,49,38,38,24,8,8,8,44,44,41,35,35,19,59,39,39,33,33,11,47,24,60,60,52,46,27,63,54,54,0,0],"gold":438,"neow_bonus":"BOSS_RELIC","is_daily":false,"chose_seed":false,"campfire_upgraded":3,"win_rate":0.0,"timestamp":1612925436,"path_taken":["M","M","?","?","?","R","?","E","T","M","R","M","E","M","R","BOSS","M","$","M","?","M","R","E","R","T","E","M","E","R","M","R","BOSS"],"items_purchased_type":["Card","Card"],"build_version":"2020-12-22","purchased_purges":1,"victory":false,"max_hp_per_floor":[72,72,72,72,72,72,72,72,72,72,72,72,72,72,72,72,72,72,72,72,72,72,72,72,72,72,72,72,72,72,72,72,72,72],"card_choices":[{"not_picked":["Wallop","Protect"],"picked":"EmptyFist","floor":1},{"not_picked":["EmptyMind","JustLucky"],"picked":"FearNoEvil","floor":2},{"not_picked":["FlyingSleeves","ForeignInfluence"],"picked":"FollowUp","floor":4},{"not_picked":["CrushJoints","Evaluate"],"picked":"FlurryOfBlows","floor":8},{"not_picked":["Crescendo","WheelKick"],"picked":"ThirdEye","floor":10},{"not_picked":["Protect","PathToVictory"],"picked":"Meditate","floor":12},{"not_picked":["EmptyFist","Study","Prostrate"],"picked":"SKIP","floor":13},{"not_picked":["Nirvana","Establishment"],"picked":"MentalFortress","floor":14},{"not_picked":["Judgement","DeusExMachina"],"picked":"SpiritShield","floor":16},{"not_picked":["FlurryOfBlows","ThirdEye+1"],"picked":"Consecrate","floor":18},{"not_picked":["ForeignInfluence","Pray"],"picked":"Consecrate+1","floor":20},{"not_picked":["ThirdEye","Prostrate","Consecrate"],"picked":"SKIP","floor":22},{"not_picked":["Halt","Consecrate"],"picked":"JustLucky+1","floor":24},{"not_picked":["Halt","Evaluate+1"],"picked":"ClearTheMind+1","floor":27},{"not_picked":["Vengeance+1","ThirdEye","Tantrum"],"picked":"SKIP","floor":28},{"not_picked":["WreathOfFlame","BowlingBash"],"picked":"EmptyMind","floor":29},{"not_picked":["Tantrum","Study+1"],"picked":"Ragnarok","floor":31}],"player_experience":221631,"relics_obtained":[{"floor":8,"key":"Whetstone"},{"floor":9,"key":"Regal Pillow"},{"floor":13,"key":"InkBottle"},{"floor":24,"key":"CaptainsWheel"},{"floor":27,"key":"Juzu Bracelet"},{"floor":29,"key":"PreservedInsect"}],"event_choices":[{"damage_healed":0,"gold_gain":0,"cards_transformed":["Strike_P"],"player_choice":"Transformed","damage_taken":0,"max_hp_gain":0,"max_hp_loss":0,"event_name":"Transmorgrifier","floor":3,"gold_loss":0,"cards_obtained":["BattleHymn"]},{"damage_healed":0,"gold_gain":75,"player_choice":"Gather Gold","damage_taken":11,"max_hp_gain":0,"max_hp_loss":0,"event_name":"World of Goop","floor":5,"gold_loss":0},{"damage_healed":0,"gold_gain":0,"player_choice":"Entered Light","damage_taken":14,"max_hp_gain":0,"max_hp_loss":0,"event_name":"Shining Light","floor":7,"gold_loss":0,"cards_upgraded":["FearNoEvil","Defend_P"]},{"damage_healed":0,"gold_gain":0,"player_choice":"Inject Mutagens","damage_taken":0,"relics_obtained":["MutagenicStrength"],"max_hp_gain":0,"max_hp_loss":0,"event_name":"Drug Dealer","floor":21,"gold_loss":0}],"is_beta":false,"boss_relics":[{"not_picked":["Fusion Hammer","SacredBark"],"picked":"Philosopher\u0027s Stone"}],"items_purged_floors":[19],"is_endless":false,"potions_floor_spawned":[2,4,10,18,24,27,29],"killed_by":"Collector","ascension_level":11}}