{"host":"q0qnzbgdx8oqogg9","time":1612984526,"event":{"mods":["BaseMod","Minty Spire (QoL Compilation)","StSLib"],"gold_per_floor":[113,124,137,149,149,161,200,179,215,254,281,293,320,347,359,445,457,487,514,543,555,347,347,347],"floor_reached":23,"language":"ENG","playtime":833,"items_purged":["Decay"],"score":349,"play_id":"f54b8c61-7bcb-4f4d-8e6a-2da113c4589a","local_time":"20210210141526","is_ascension_mode":true,"campfire_choices":[{"data":"Zap","floor":6.0,"key":"SMITH"},{"floor":15.0,"key":"REST"}],"circlet_count":0,"master_deck":["AscendersBane","Strike_B","Strike_B","Strike_B","Strike_B","Defend_B","Defend_B","Defend_B","Defend_B","Zap+1","Dualcast","Scrape","Steam","Turbo","All For One","Chill","Rebound","Glacier","Cold Snap","Electrodynamics","Rip and Tear+1","Ball Lightning","Beam Cell","Biased Cognition","Sweeping Beam+1","Coolheaded"],"relics":["Cracked Core","NeowsBlessing","MawBank","PreservedInsect","Anchor","Orichalcum","Philosopher\u0027s Stone","Orrery"],"acts_visited":["Exordium","TheCity"],"potions_floor_usage":[23],"damage_taken":[{"damage":0.0,"enemies":"Cultist","floor":1.0,"turns":1.0},{"damage":0.0,"enemies":"Jaw Worm","floor":2.0,"turns":1.0},{"damage":0.0,"enemies":"Small Slimes","floor":3.0,"turns":1.0},{"damage":0.0,"enemies":"Blue Slaver","floor":4.0,"turns":4.0},{"damage":24.0,"enemies":"3 Sentries","floor":7.0,"turns":7.0},{"damage":19.0,"enemies":"Lagavulin","floor":10.0,"turns":5.0},{"damage":0.0,"enemies":"2 Fungi Beasts","floor":11.0,"turns":3.0},{"damage":1.0,"enemies":"Large Slime","floor":13.0,"turns":5.0},{"damage":0.0,"enemies":"Exordium Thugs","floor":14.0,"turns":5.0},{"damage":30.0,"enemies":"Slime Boss","floor":16.0,"turns":10.0},{"damage":11.0,"enemies":"Shell Parasite","floor":18.0,"turns":6.0},{"damage":15.0,"enemies":"Spheric Guardian","floor":19.0,"turns":4.0},{"damage":21.0,"enemies":"3 Cultists","floor":20.0,"turns":4.0},{"damage":12,"enemies":"Book of Stabbing","floor":23,"turns":2}],"seed_played":"4843289037924642764","potions_obtained":[{"floor":3.0,"key":"PowerPotion"},{"floor":4.0,"key":"SteroidPotion"},{"floor":7.0,"key":"Strength Potion"},{"floor":13.0,"key":"Fire Potion"},{"floor":20.0,"key":"SteroidPotion"}],"is_trial":false,"path_per_floor":["M","M","M","M","?","R","E","?","T","E","M","?","M","M","R","B",null,"M","M","M","?","$","E"],"character_chosen":"DEFECT","items_purchased":["Orrery"],"campfire_rested":1,"item_purchase_floors":[22],"current_hp_per_floor":[64,64,64,64,52,52,28,28,28,9,9,32,31,31,52,22,59,48,33,12,12,12,0,0],"gold":347,"neow_bonus":"THREE_ENEMY_KILL","is_daily":false,"chose_seed":false,"campfire_upgraded":1,"win_rate":0.0,"timestamp":1612984526,"path_taken":["M","M","M","M","?","R","E","?","T","E","M","?","M","M","R","BOSS","M","M","M","?","$","E"],"items_purchased_type":["Relic"],"build_version":"2020-12-22","purchased_purges":1,"victory":false,"max_hp_per_floor":[71,71,71,71,71,71,71,71,71,71,71,71,71,71,71,71,71,71,71,71,71,71,71,71],"card_choices":[{"not_picked":["Go for the Eyes","Barrage"],"picked":"Scrape","floor":1.0},{"not_picked":["Compile Driver","Force Field","Consume"],"picked":"SKIP","floor":2.0},{"not_picked":["Hologram","Hello World"],"picked":"Steam","floor":3.0},{"not_picked":["Redo","Lockon"],"picked":"Turbo","floor":4.0},{"not_picked":["Gash","Barrage"],"picked":"All For One","floor":7.0},{"not_picked":["Ball Lightning","Hello World"],"picked":"Chill","floor":10.0},{"not_picked":["Storm","Leap"],"picked":"Rebound","floor":11.0},{"not_picked":["Leap","Beam Cell"],"picked":"Glacier","floor":13.0},{"not_picked":["Fusion","Leap"],"picked":"Cold Snap","floor":14.0},{"not_picked":["Thunder Strike","Echo Form"],"picked":"Electrodynamics","floor":16.0},{"not_picked":["Rebound+1","Leap","Rip and Tear+1"],"picked":"SKIP","floor":18.0},{"not_picked":["Rebound+1","Leap"],"picked":"Rip and Tear+1","floor":18.0},{"not_picked":["Genetic Algorithm","Cold Snap"],"picked":"Ball Lightning","floor":19.0},{"not_picked":["Chaos","Reinforced Body"],"picked":"Beam Cell","floor":20.0},{"not_picked":["Tempest","Turbo"],"picked":"Biased Cognition","floor":22.0},{"not_picked":["Auto Shields","Fission"],"picked":"Sweeping Beam+1","floor":22.0},{"not_picked":["Streamline","Barrage"],"picked":"Coolheaded","floor":22.0}],"player_experience":359669,"relics_obtained":[{"floor":7.0,"key":"PreservedInsect"},{"floor":9.0,"key":"Anchor"},{"floor":10.0,"key":"Orichalcum"}],"event_choices":[{"damage_healed":0.0,"max_hp_gain":0.0,"max_hp_loss":0.0,"gold_gain":0.0,"event_name":"Scrap Ooze","player_choice":"Success","floor":5.0,"gold_loss":0.0,"damage_taken":12.0,"relics_obtained":["MawBank"]},{"damage_healed":0.0,"max_hp_gain":0.0,"max_hp_loss":0.0,"gold_gain":0.0,"event_name":"World of Goop","player_choice":"Left Gold","floor":8.0,"gold_loss":33.0,"damage_taken":0.0},{"damage_healed":23.0,"max_hp_gain":0.0,"max_hp_loss":0.0,"gold_gain":0.0,"event_name":"Big Fish","player_choice":"Banana","floor":12.0,"gold_loss":0.0,"damage_taken":0.0},{"damage_healed":0.0,"max_hp_gain":0.0,"max_hp_loss":0.0,"gold_gain":0.0,"event_name":"Forgotten Altar","player_choice":"Smashed Altar","floor":21.0,"gold_loss":0.0,"damage_taken":0.0,"cards_obtained":["Decay"]}],"is_beta":false,"boss_relics":[{"not_picked":["Busted Crown","Runic Dome"],"picked":"Philosopher\u0027s Stone"}],"items_purged_floors":[22],"is_endless":false,"potions_floor_spawned":[3,4,7,13,14,20],"killed_by":"Book of Stabbing","ascension_level":14}}