{"host":"04hh9gplt9wkfmr1","time":1612985167,"event":{"mods":["AchievementEnabler","BaseMod","Colored Map","KOR Keyword Fix","Minty Spire (QoL Compilation)","Rare Cards Sparkle","SuperFastMode"],"gold_per_floor":[116,116,76,36,46,46,74,74,74,149,149,179,199,217,217,319,319,329,329,339,357,318,318,318,318],"floor_reached":24,"language":"KOR","playtime":611,"items_purged":[],"score":344,"play_id":"26946474-a3ac-4675-b446-0bfd2a7cbb73","local_time":"20210211042607","is_ascension_mode":true,"campfire_choices":[{"data":"Defragment","floor":6,"key":"SMITH"},{"data":"Zap","floor":8,"key":"SMITH"},{"data":"Dualcast","floor":11,"key":"SMITH"},{"data":"Capacitor","floor":15,"key":"SMITH"},{"data":"Chaos","floor":23,"key":"SMITH"}],"circlet_count":0,"master_deck":["AscendersBane","Strike_B+1","Strike_B+1","Strike_B+1","Defend_B+1","Defend_B+1","Defend_B+1","Defend_B+1","Zap+1","Dualcast+1","Hologram+1","Capacitor+1","Defragment+1","Chill","Aggregate","Cold Snap","Stack","Amplify","Chaos+1","Hologram","Capacitor","Storm"],"relics":["FrozenCore","NeowsBlessing","Juzu Bracelet","Pocketwatch","War Paint"],"acts_visited":["Exordium","TheCity"],"potions_floor_usage":[12,16,18,21],"damage_taken":[{"damage":0,"enemies":"2 Louse","floor":1,"turns":1},{"damage":0,"enemies":"Cultist","floor":5,"turns":1},{"damage":0,"enemies":"3 Sentries","floor":7,"turns":1},{"damage":9,"enemies":"Lagavulin","floor":12,"turns":5},{"damage":5,"enemies":"Jaw Worm","floor":13,"turns":3},{"damage":5,"enemies":"3 Louse","floor":14,"turns":4},{"damage":15,"enemies":"Hexaghost","floor":16,"turns":7},{"damage":3,"enemies":"Spheric Guardian","floor":18,"turns":6},{"damage":17,"enemies":"3 Byrds","floor":20,"turns":7},{"damage":10,"enemies":"Snecko","floor":21,"turns":7},{"damage":44,"enemies":"Gremlin Leader","floor":24,"turns":4}],"seed_played":"-1344092132419147201","potions_obtained":[{"floor":1,"key":"Block Potion"},{"floor":12,"key":"PowerPotion"},{"floor":13,"key":"EssenceOfDarkness"},{"floor":18,"key":"Fruit Juice"}],"is_trial":false,"path_per_floor":["M","?","$","$","M","R","E","R","T","?","R","E","M","M","R","B",null,"M","?","M","M","$","R","E"],"character_chosen":"DEFECT","items_purchased":["Capacitor","Defragment","Storm"],"campfire_rested":0,"item_purchase_floors":[3,4,22],"current_hp_per_floor":[68,68,68,68,68,68,68,68,68,57,57,48,43,38,38,23,62,64,64,47,37,37,37,0,0],"gold":318,"neow_bonus":"THREE_ENEMY_KILL","is_daily":false,"chose_seed":false,"campfire_upgraded":5,"win_rate":0.0,"timestamp":1612985167,"path_taken":["M","?","?","$","?","R","E","R","T","?","R","E","M","M","R","BOSS","M","?","M","M","$","R","E"],"items_purchased_type":["Card","Card","Card"],"build_version":"2020-12-22","purchased_purges":0,"victory":false,"max_hp_per_floor":[75,75,75,75,75,75,75,75,75,75,75,75,75,75,75,75,75,80,80,80,80,80,80,80,80],"card_choices":[{"not_picked":["Reprogram","Steam"],"picked":"Hologram","floor":1},{"not_picked":["Force Field","FTL"],"picked":"Chill","floor":5},{"not_picked":["Auto Shields","Undo"],"picked":"Aggregate","floor":7},{"not_picked":["Streamline","Gash"],"picked":"Cold Snap","floor":12},{"not_picked":["Compile Driver","Rip and Tear"],"picked":"Stack","floor":13},{"not_picked":["Go for the Eyes","Reinforced Body","Conserve Battery"],"picked":"SKIP","floor":14},{"not_picked":["Fission","Multi-Cast"],"picked":"Amplify","floor":16},{"not_picked":["Sweeping Beam","Rebound+1"],"picked":"Chaos","floor":18},{"not_picked":["Coolheaded","FTL+1"],"picked":"Hologram","floor":20},{"not_picked":["Leap","Streamline"],"picked":"Capacitor","floor":21}],"player_experience":143463,"relics_obtained":[{"floor":7,"key":"Juzu Bracelet"},{"floor":9,"key":"Pocketwatch"},{"floor":12,"key":"War Paint"}],"event_choices":[{"cards_removed":["Strike_B"],"damage_healed":0,"gold_gain":0,"player_choice":"Purged","damage_taken":0,"max_hp_gain":0,"max_hp_loss":0,"event_name":"Purifier","floor":2,"gold_loss":0},{"damage_healed":0,"gold_gain":75,"player_choice":"Gather Gold","damage_taken":11,"max_hp_gain":0,"max_hp_loss":0,"event_name":"World of Goop","floor":10,"gold_loss":0},{"damage_healed":0,"gold_gain":0,"player_choice":"Simplicity","damage_taken":0,"max_hp_gain":0,"max_hp_loss":0,"event_name":"Back to Basics","floor":19,"gold_loss":0,"cards_upgraded":["Strike_B","Strike_B","Strike_B","Defend_B","Defend_B","Defend_B"]}],"is_beta":false,"boss_relics":[{"not_picked":["Nuclear Battery","Cursed Key"],"picked":"FrozenCore"}],"items_purged_floors":[],"is_endless":false,"potions_floor_spawned":[1,12,13,18],"killed_by":"Gremlin Leader","ascension_level":10}}