{"host":"cxizwatl5v7zq6a5","time":1612962578,"event":{"mods":["AchievementEnabler","Act Like it!","BaseMod","Colored Map","Colored Powertips","Downfall","Friendly Minions","Gensokyo","Hermit","Hubris","Infinite Spire","Marisa????????","Minty Spire (QoL Compilation)","Quick Restart","READ ME - Guardian Mod","Rare Cards Sparkle","Remilia??????","Replay The Spire","StSLib","The Cursed","The Jungle","The Servant 0.9.4","slay the spire mod where everything is the same but ironclad has a cowboy hat"],"gold_per_floor":[99,99,99,99,99,99,153,153,153,153,167,180,180,180,195,299,299,299,310,329,342,342,361,361,91,91,111,144,167,194,234,264,373,385,397,423,453,479,491,529,541,350,350,350,350,350,350],"floor_reached":45,"language":"ENG","playtime":2604,"items_purged":[],"score":493,"play_id":"772aad07-6d5e-4ded-bdc4-2eecb0dcdf19","local_time":"20210210210938","is_ascension_mode":false,"campfire_choices":[{"data":"Slimebound:Split","floor":1,"key":"SMITH"},{"data":"Slimebound:SlimeBarrage","floor":9,"key":"SMITH"},{"data":"Slimebound:Schlurp","floor":13,"key":"SMITH"},{"data":"Slimebound:PrepareCrush","floor":18,"key":"SMITH"},{"data":"Slimebound:LeechLife","floor":35,"key":"SMITH"}],"circlet_count":0,"master_deck":["Slimebound:Strike_Slimebound","Slimebound:Strike_Slimebound","Slimebound:Strike_Slimebound","Slimebound:Tackle","Slimebound:Defend_Slimebound","Slimebound:Defend_Slimebound","Slimebound:Defend_Slimebound","Slimebound:Defend_Slimebound","Slimebound:Split+1","Slimebound:CorrosiveSpit","Slimebound:SlimeBarrage+1","Slimebound:PressTheAttack","Slimebound:Schlurp+1","Slimebound:PressTheAttack","Slimebound:PrepareCrush+1","Slimebound:SplitAcid+1","Slimebound:SplitLeeching+1","Slimebound:Prepare+1","Slimebound:SlimeSlap","Slimebound:DisruptingSlam","Slimebound:RallyTheTroops","Slimebound:RainOfGoop","Slimebound:MassFeed","Slimebound:Nibble","Slimebound:CheckThePlaybook","Slimebound:MassRepurpose","Slimebound:LeadByExample+1","Slimebound:LeechLife+1","Slimebound:SplitBruiser","Slimebound:RejuvenatingLick+1","Slimebound:RejuvenatingLick+1","Slimebound:ItLooksTasty+1","Slimebound:MassFeed","expansioncontent:PolyBeam"],"relics":["Slimebound:AbsorbEndCombat","downfall:HeartsMalice","ReplayTheSpireMod:TigerMarble","Blood Vial","Honey Jar","Nloth\u0027s Gift","Bronze Scales","Letter Opener","MawBank","Eternal Feather","ChewingGum","hubris:Towel","Juzu Bracelet","hubris:MedicalManual","infinitespire:Lychee Nut","Pet Ghost","CaptainsWheel"],"acts_visited":["Exordium","TheCity","TheBeyond"],"potions_floor_usage":[33,33,33,42],"damage_taken":[{"damage":0,"enemies":"2 Louse","floor":2,"turns":1},{"damage":0,"enemies":"Cultist","floor":3,"turns":1},{"damage":0,"enemies":"Small Slimes","floor":5,"turns":1},{"damage":0,"enemies":"Exordium Thugs","floor":11,"turns":3},{"damage":0,"enemies":"2 Fungi Beasts","floor":12,"turns":3},{"damage":4,"enemies":"Blue Slaver","floor":15,"turns":1},{"damage":22,"enemies":"SI_SHIV_ARCHETYPE","floor":16,"turns":10},{"damage":7,"enemies":"Chosen","floor":19,"turns":4},{"damage":16,"enemies":"Sentry and Sphere","floor":20,"turns":4},{"damage":18,"enemies":"Snake Plant","floor":21,"turns":3},{"damage":10,"enemies":"Shelled Parasite and Fungi","floor":23,"turns":5},{"damage":0,"enemies":"downfall:FleeingMerchant","floor":25,"turns":4},{"damage":1,"enemies":"Chosen and Byrds","floor":27,"turns":3},{"damage":2,"enemies":"Replay:Snechameleon","floor":28,"turns":4},{"damage":26,"enemies":"Snake Plant","floor":29,"turns":3},{"damage":0,"enemies":"3 Cultists","floor":30,"turns":4},{"damage":39,"enemies":"Slavers","floor":31,"turns":4},{"damage":0,"enemies":"Cultist and Chosen","floor":32,"turns":4},{"damage":31,"enemies":"WA_ARCHETYPE_CALM","floor":33,"turns":8},{"damage":1,"enemies":"3 Darklings","floor":36,"turns":3},{"damage":7,"enemies":"3 Shapes","floor":37,"turns":2},{"damage":57,"enemies":"Spire Growth","floor":38,"turns":5},{"damage":16,"enemies":"downfall:FleeingMerchant","floor":42,"turns":4},{"damage":65,"enemies":"Nightmare","floor":45,"turns":3}],"seed_played":"6528785072446226913","potions_obtained":[{"floor":11,"key":"Slimebound:SlimedPotion"},{"floor":12,"key":"SpeedPotion"},{"floor":16,"key":"SkillPotion"},{"floor":27,"key":"Block Potion"},{"floor":28,"key":"Weak Potion"},{"floor":30,"key":"Weak Potion"},{"floor":32,"key":"infinitespire:BlackPotion"},{"floor":33,"key":"AttackPotion"}],"is_trial":false,"path_per_floor":["R","M","M","?","M","T","T","?","R","?","M","M","R","?","M","B",null,"R","M","M","M","?","M","T","$","?","M","E","M","M","E","M","B",null,"R","M","M","M","?","?","T","$","?","T","NM"],"character_chosen":"SLIMEBOUND","items_purchased":["Letter Opener","infinitespire:Lychee Nut","Pet Ghost","Slimebound:MassFeed"],"campfire_rested":0,"item_purchase_floors":[25,42,42,42],"current_hp_per_floor":[65,65,65,65,65,65,65,65,65,65,65,65,65,65,62,45,65,65,60,48,38,38,34,34,40,40,41,43,28,44,9,15,4,74,74,74,77,28,28,28,28,20,20,20,0,0,0],"gold":350,"neow_bonus":"THREE_ENEMY_KILL","is_daily":false,"chose_seed":false,"campfire_upgraded":5,"win_rate":0.0,"timestamp":1612962578,"path_taken":["R","M","M","?","?","?","T","?","R","?","?","M","R","?","M","BOSS","R","M","M","M","?","M","T","?","?","?","E","?","M","E","M","BOSS","R","M","M","M","?","?","T","$","?","?","NM"],"items_purchased_type":["Relic","Relic","Relic","Card"],"build_version":"2020-12-22","purchased_purges":0,"victory":false,"max_hp_per_floor":[65,65,65,65,65,65,65,65,65,65,65,65,65,65,65,65,65,65,65,65,65,65,65,65,65,65,65,65,68,74,74,74,74,74,74,74,77,77,77,77,77,57,57,57,57,57,57],"card_choices":[{"not_picked":["Slimebound:SamplingLick","Slimebound:LeechEnergy"],"picked":"Slimebound:Prepare","floor":2},{"not_picked":["Slimebound:LeechingTouch","Slimebound:SamplingLick"],"picked":"Slimebound:SlimeBarrage","floor":3},{"not_picked":["Slimebound:LeadByExample","Slimebound:Gluttony"],"picked":"Slimebound:GrowthPunch","floor":5},{"not_picked":["Slimebound:Dissolve","Slimebound:LeechingTouch"],"picked":"Slimebound:PressTheAttack","floor":11},{"not_picked":["Slimebound:ItLooksTasty","Slimebound:SlimeSpikes"],"picked":"Slimebound:Schlurp","floor":12},{"not_picked":["Slimebound:SlimeSpikes","Slimebound:LeechingTouch"],"picked":"Slimebound:PressTheAttack","floor":15},{"not_picked":["Slimebound:SelfFormingGoo","Slimebound:CheckThePlaybook"],"picked":"Slimebound:PrepareCrush","floor":16},{"not_picked":["Slimebound:GoopTackle+1","Slimebound:HauntingLick+1","Slimebound:ComboTackle"],"picked":"Slimebound:SplitAcid+1","floor":19},{"not_picked":["Slimebound:Prepare","Slimebound:SplitAcid+1","Slimebound:GoopTackle"],"picked":"Slimebound:SplitLeeching+1","floor":20},{"not_picked":["Slimebound:FinishingTackle","Slimebound:LeechingTouch+1","Slimebound:SlimeSpikes"],"picked":"Slimebound:Prepare+1","floor":21},{"not_picked":["Slimebound:Chomp","Slimebound:GoopTackle","Slimebound:HauntingLick"],"picked":"Slimebound:SlimeSlap","floor":23},{"not_picked":["Slimebound:ItLooksTasty","Slimebound:MegaLick","Slimebound:Grow"],"picked":"Slimebound:DisruptingSlam","floor":25},{"not_picked":["Slimebound:PressTheAttack","Slimebound:SlimeSpikes","Slimebound:HauntingLick"],"picked":"Slimebound:RainOfGoop","floor":27},{"not_picked":["Slimebound:Equalize","Slimebound:SlimeSpikes","Slimebound:SlimeBrawl+1"],"picked":"Slimebound:MassFeed","floor":28},{"not_picked":["Slimebound:WasteNot","Slimebound:FormOfPuddle","Slimebound:RollThrough"],"picked":"Slimebound:Nibble","floor":29},{"not_picked":["Slimebound:RejuvenatingLick","Slimebound:FinishingTackle","Slimebound:RainOfGoop"],"picked":"Slimebound:CheckThePlaybook","floor":30},{"not_picked":["Slimebound:LeechingTouch","Slimebound:ProtectTheBoss","Slimebound:DouseInSlime"],"picked":"Slimebound:MassRepurpose","floor":31},{"not_picked":["Slimebound:Chomp","Slimebound:TongueLash","Slimebound:ProtectTheBoss"],"picked":"Slimebound:LeadByExample+1","floor":32},{"not_picked":["Slimebound:WasteNot","Slimebound:Teamwork","Slimebound:RallyTheTroops"],"picked":"Slimebound:LeechLife","floor":33},{"not_picked":["Slimebound:PressTheAttack+1","Slimebound:GoopTackle+1","Slimebound:LeadByExample"],"picked":"Slimebound:SplitBruiser","floor":36},{"not_picked":["Slimebound:SplitLeeching","Slimebound:LeechingTouch","Slimebound:Repurpose"],"picked":"Slimebound:RejuvenatingLick+1","floor":37},{"not_picked":["Slimebound:FinishingTackle","Slimebound:SlimeBrawl","Slimebound:SplitBruiser"],"picked":"Slimebound:RejuvenatingLick+1","floor":38},{"not_picked":["Slimebound:SplitLeeching","Slimebound:RollThrough","Slimebound:HauntingLick"],"picked":"Slimebound:ItLooksTasty+1","floor":42},{"not_picked":["expansioncontent:Hexaburn","Replay:SS_fish_1"],"picked":"expansioncontent:PolyBeam","floor":43}],"player_experience":127162,"relics_obtained":[{"floor":6,"key":"ReplayTheSpireMod:TigerMarble"},{"floor":7,"key":"Blood Vial"},{"floor":24,"key":"Bronze Scales"},{"floor":28,"key":"MawBank"},{"floor":31,"key":"Eternal Feather"},{"floor":40,"key":"Juzu Bracelet"},{"floor":41,"key":"hubris:MedicalManual"},{"floor":44,"key":"CaptainsWheel"}],"event_choices":[{"cards_removed":["Slimebound:GrowthPunch"],"damage_healed":0,"gold_gain":0,"player_choice":"Offered Uncommon","damage_taken":0,"max_hp_gain":0,"max_hp_loss":0,"event_name":"Bonfire Elementals","floor":10,"gold_loss":0}],"is_beta":false,"boss_relics":[{"not_picked":["Replay:Fungal Core","Astrolabe"],"picked":"Honey Jar"},{"not_picked":["Coffee Dripper","Replay:Wanted Poster"],"picked":"ChewingGum"}],"items_purged_floors":[],"is_endless":false,"potions_floor_spawned":[11,12,16,27,28,30,32,33],"killed_by":"Nightmare","ascension_level":0}}