{"host":"m9osufisr3agwk96","time":1612996116,"event":{"mods":["AchievementEnabler","Aspiration","BaseMod","Colored Map","Colored Powertips","Downfall","Friendly Minions","Hermit","Highlight Path","Hubris","Minty Spire (QoL Compilation)","Rare Cards Sparkle","Reliquary","Replay The Spire","Shop Mod","StSLib"],"gold_per_floor":[99,115,132,147,161,161,185,185,185,21,31,31,44,58,76,76,76,76],"floor_reached":16,"language":"ENG","playtime":1103,"items_purged":[],"score":96,"play_id":"33eddcc8-e2a9-48a6-8b18-5b171ea1f6e5","local_time":"20210210142836","is_ascension_mode":false,"campfire_choices":[{"data":"sneckomod:Unknown","floor":1,"key":"SMITH"},{"floor":9,"key":"REST"}],"circlet_count":0,"master_deck":["sneckomod:Strike","sneckomod:Strike","sneckomod:Strike","sneckomod:Defend","sneckomod:Defend","sneckomod:Defend","sneckomod:TailWhip","sneckomod:SnekBite","sneckomod:Unknown+1","sneckomod:Unknown","sneckomod:IronFang","sneckomod:UnknownUncommonSkill","sneckomod:Unknown1Cost","sneckomod:RainOfDice","sneckomod:DiceBoulder","sneckomod:UnknownBoss","sneckomod:UnknownDraw","sneckomod:DiceCrush","sneckomod:UnknownBlock"],"relics":["Ring of Chaos","ReplayTheSpireMod:Lightbulb"],"acts_visited":["Exordium"],"potions_floor_usage":[5,11,16,16],"damage_taken":[{"damage":0,"enemies":"2 Louse","floor":2,"turns":3},{"damage":0,"enemies":"Jaw Worm","floor":3,"turns":2},{"damage":0,"enemies":"Small Slimes","floor":4,"turns":1},{"damage":20,"enemies":"Large Slime","floor":5,"turns":11},{"damage":10,"enemies":"downfall:FleeingMerchant","floor":10,"turns":4},{"damage":15,"enemies":"Exordium Wildlife","floor":11,"turns":6},{"damage":11,"enemies":"2 Fungi Beasts","floor":13,"turns":3},{"damage":1,"enemies":"Large Slime","floor":14,"turns":2},{"damage":4,"enemies":"Exordium Wildlife","floor":15,"turns":3},{"damage":83,"enemies":"IC_STATUS_ARCHETYPE","floor":16,"turns":13}],"seed_played":"-1540219948762603498","potions_obtained":[{"floor":4,"key":"Fruit Juice"},{"floor":5,"key":"Regen Potion"},{"floor":13,"key":"Explosive Potion"},{"floor":15,"key":"hexamod:SoulburnPotion"}],"is_trial":false,"path_per_floor":["R","M","M","M","M","?","T","?","R","$","M","?","M","M","M","B"],"character_chosen":"THE_SNECKO","items_purchased":["sneckomod:UnknownBoss"],"campfire_rested":1,"item_purchase_floors":[10],"current_hp_per_floor":[90,90,90,90,75,80,80,83,103,93,92,92,81,80,76,0,0,0],"gold":76,"neow_bonus":"BOSS_RELIC","is_daily":false,"chose_seed":false,"campfire_upgraded":1,"win_rate":0.0,"timestamp":1612996116,"path_taken":["R","M","M","M","M","?","T","?","R","?","M","?","M","M","M","BOSS"],"items_purchased_type":["Card"],"build_version":"2020-12-22","purchased_purges":0,"victory":false,"max_hp_per_floor":[90,90,90,90,95,100,100,103,103,103,103,103,103,103,103,103,103,103],"card_choices":[{"not_picked":["sneckomod:SoulCleanse","sneckomod:UnknownDraw"],"picked":"sneckomod:IronFang","floor":2},{"not_picked":["sneckomod:Memorize","sneckomod:ImprovisedGuard"],"picked":"sneckomod:UnknownUncommonSkill","floor":3},{"not_picked":["sneckomod:SoulRoll","sneckomod:SoulDraw"],"picked":"sneckomod:Unknown1Cost","floor":4},{"not_picked":["sneckomod:WideSting","sneckomod:SoulCleanse"],"picked":"sneckomod:RainOfDice","floor":5},{"not_picked":["sneckomod:WideSting","sneckomod:Mudshield"],"picked":"sneckomod:DiceBoulder","floor":10},{"not_picked":["sneckomod:Unknown1Cost","sneckomod:SnekBeam"],"picked":"sneckomod:UnknownDraw","floor":11},{"not_picked":["sneckomod:UnknownWeak","sneckomod:TrashToTreasure"],"picked":"sneckomod:DiceCrush","floor":13},{"not_picked":["sneckomod:QuickBite","sneckomod:DiceCrush","sneckomod:CheapStock"],"picked":"SKIP","floor":14},{"not_picked":["sneckomod:Memorize","sneckomod:UnknownCommonAttack"],"picked":"sneckomod:UnknownBlock","floor":15}],"player_experience":451361,"relics_obtained":[{"floor":7,"key":"ReplayTheSpireMod:Lightbulb"}],"event_choices":[{"damage_healed":0,"gold_gain":0,"player_choice":"Donut","damage_taken":0,"max_hp_gain":5,"max_hp_loss":0,"event_name":"Big Fish","floor":6,"gold_loss":0}],"is_beta":false,"boss_relics":[],"items_purged_floors":[],"is_endless":false,"potions_floor_spawned":[4,5,13,15],"killed_by":"IC_STATUS_ARCHETYPE","ascension_level":0}}