{"host":"bgyhjzqafgkxdxsh","time":1612954322,"event":{"mods":["BaseMod","Colored Map","Minty Spire (QoL Compilation)","Relic Stats","StSLib","everything is the same but u backflip on backflip"],"gold_per_floor":[110,125,125,125,32,57,57,89,112,112,128,128,155,155,155,226,226,245,245,245,258,258,258,258,258],"floor_reached":24,"language":"ENG","playtime":728,"items_purged":[],"score":388,"play_id":"0d622808-7769-4196-9660-2610739d234e","local_time":"20210210205202","is_ascension_mode":true,"campfire_choices":[{"data":"Crippling Poison","floor":7,"key":"SMITH"},{"data":"Bandage Up","floor":10,"key":"SMITH"},{"floor":15,"key":"REST"},{"data":"Acrobatics","floor":23,"key":"SMITH"}],"circlet_count":0,"master_deck":["AscendersBane","Strike_G+1","Defend_G","Defend_G","Defend_G+1","Defend_G","Defend_G","Survivor","Neutralize","Poisoned Stab","Catalyst+1","Bandage Up+1","Crippling Poison+1","Caltrops","Acrobatics+1","Tools of the Trade","Grand Finale","Outmaneuver+1","Calculated Gamble+1","Deflect+1","Well Laid Plans","Writhe","Dagger Throw"],"relics":["Ring of the Snake","NeowsBlessing","Anchor","Smiling Mask","Art of War","The Courier","Astrolabe","Regal Pillow"],"acts_visited":["Exordium","TheCity"],"potions_floor_usage":[13,16,24,24],"damage_taken":[{"damage":0,"enemies":"2 Louse","floor":1,"turns":1},{"damage":0,"enemies":"Jaw Worm","floor":2,"turns":1},{"damage":0,"enemies":"3 Sentries","floor":6,"turns":1},{"damage":14,"enemies":"Lagavulin","floor":8,"turns":6},{"damage":4,"enemies":"Small Slimes","floor":11,"turns":3},{"damage":31,"enemies":"3 Sentries","floor":13,"turns":11},{"damage":2,"enemies":"The Guardian","floor":16,"turns":9},{"damage":9,"enemies":"3 Byrds","floor":18,"turns":3},{"damage":39,"enemies":"2 Thieves","floor":21,"turns":4},{"damage":67,"enemies":"Book of Stabbing","floor":24,"turns":6}],"seed_played":"4249275717518747824","potions_obtained":[{"floor":2,"key":"BlessingOfTheForge"},{"floor":11,"key":"BlessingOfTheForge"},{"floor":13,"key":"ColorlessPotion"},{"floor":16,"key":"Regen Potion"},{"floor":18,"key":"LiquidBronze"}],"is_trial":false,"path_per_floor":["M","M","?","?","$","E","R","E","T","R","M","?","E","?","R","B",null,"M","?","?","M","?","R","E"],"character_chosen":"THE_SILENT","items_purchased":["Bandage Up"],"campfire_rested":1,"item_purchase_floors":[5],"current_hp_per_floor":[63,63,49,49,49,53,53,43,43,43,45,38,13,13,34,38,62,59,59,59,26,49,49,0,0],"gold":258,"neow_bonus":"THREE_ENEMY_KILL","is_daily":false,"chose_seed":false,"campfire_upgraded":3,"win_rate":0.0,"timestamp":1612954322,"path_taken":["M","M","?","?","$","E","R","E","T","R","M","?","E","?","R","BOSS","M","?","?","?","?","R","E"],"items_purchased_type":["Card"],"build_version":"2020-12-22","purchased_purges":0,"victory":false,"max_hp_per_floor":[70,70,70,70,70,70,70,70,70,70,70,70,70,70,70,70,70,70,70,70,70,70,70,70,70],"relic_stats":{"Regal Pillow":0,"counters":[10,45],"Astrolabe":["Outmaneuver","Calculated Gamble","Deflect"],"Art of War":[9],"Smiling Mask":0,"obtain_stats":[{"Anchor":6,"Regal Pillow":19,"NeowsBlessing":0,"Astrolabe":17,"The Courier":13,"Art of War":9,"Smiling Mask":8,"Ring of the Snake":0},{"Anchor":3,"Regal Pillow":8,"NeowsBlessing":0,"Astrolabe":7,"The Courier":6,"Art of War":4,"Smiling Mask":4,"Ring of the Snake":0},{"Anchor":3,"Regal Pillow":35,"NeowsBlessing":0,"Astrolabe":32,"The Courier":23,"Art of War":9,"Smiling Mask":9,"Ring of the Snake":0}],"Ring of the Snake":[20]},"card_choices":[{"not_picked":["Prepared","Finisher"],"picked":"Poisoned Stab","floor":1},{"not_picked":["Tactician","Deflect"],"picked":"Catalyst","floor":2},{"not_picked":["Dagger Throw","Slice"],"picked":"Crippling Poison","floor":6},{"not_picked":["Dagger Spray","Well Laid Plans"],"picked":"Caltrops","floor":8},{"not_picked":["Endless Agony","Dagger Throw"],"picked":"Acrobatics","floor":11},{"not_picked":["Predator","Well Laid Plans"],"picked":"Tools of the Trade","floor":13},{"not_picked":["After Image","Venomology"],"picked":"Grand Finale","floor":16},{"not_picked":["Blade Dance","Bane"],"picked":"Well Laid Plans","floor":18},{"not_picked":["Outmaneuver","Underhanded Strike"],"picked":"Dagger Throw","floor":21}],"player_experience":498722,"relics_obtained":[{"floor":6,"key":"Anchor"},{"floor":8,"key":"Smiling Mask"},{"floor":9,"key":"Art of War"},{"floor":13,"key":"The Courier"}],"event_choices":[{"damage_healed":0,"gold_gain":0,"player_choice":"Entered Light","damage_taken":14,"max_hp_gain":0,"max_hp_loss":0,"event_name":"Shining Light","floor":3,"gold_loss":0,"cards_upgraded":["Strike_G","Defend_G"]},{"damage_healed":0,"gold_gain":0,"player_choice":"Grow","damage_taken":0,"max_hp_gain":0,"max_hp_loss":0,"event_name":"Living Wall","floor":4,"gold_loss":0,"cards_upgraded":["Catalyst"]},{"cards_removed":["Strike_G"],"damage_healed":0,"gold_gain":0,"player_choice":"Card Removal","damage_taken":7,"max_hp_gain":0,"max_hp_loss":0,"event_name":"Golden Wing","floor":12,"gold_loss":0},{"damage_healed":0,"gold_gain":0,"player_choice":"Ignored","damage_taken":0,"max_hp_gain":0,"max_hp_loss":0,"event_name":"Liars Game","floor":14,"gold_loss":0},{"damage_healed":0,"gold_gain":0,"player_choice":"Opened","damage_taken":0,"relics_obtained":["Regal Pillow"],"max_hp_gain":0,"max_hp_loss":0,"event_name":"The Mausoleum","floor":19,"gold_loss":0,"cards_obtained":["Writhe"]},{"damage_healed":0,"gold_gain":0,"player_choice":"Bought 0 Potions","damage_taken":0,"max_hp_gain":0,"max_hp_loss":0,"event_name":"The Woman in Blue","floor":20,"gold_loss":0},{"damage_healed":23,"gold_gain":0,"player_choice":"Heal","damage_taken":0,"max_hp_gain":0,"max_hp_loss":0,"event_name":"The Library","floor":22,"gold_loss":0}],"is_beta":false,"boss_relics":[{"not_picked":["SlaversCollar","WristBlade"],"picked":"Astrolabe"}],"items_purged_floors":[],"is_endless":false,"potions_floor_spawned":[2,11,13,16,18],"killed_by":"Book of Stabbing","ascension_level":13}}