{"host":"minbhrtlkaoly5f0","time":1612927058,"event":{"mods":["Act Like it!","BaseMod","Colored Map","Minty Spire (QoL Compilation)","Quick Restart","StSLib"],"gold_per_floor":[110,120,136,61,74,99,99,109,109,109,121,131,144,174,174,270,270,281,281,28,63,63,63,78,78,78],"floor_reached":25,"language":"ZHS","playtime":988,"items_purged":["Strike_B","Scrape+1"],"score":215,"play_id":"27540e1d-5719-441e-bda7-3cea0fbbe753","local_time":"20210210111738","is_ascension_mode":false,"campfire_choices":[{"floor":7.0,"key":"REST"},{"floor":15.0,"key":"REST"},{"data":"Fusion","floor":23.0,"key":"SMITH"}],"circlet_count":0,"master_deck":["Strike_B","Strike_B","Defend_B","Defend_B","Zap","Dualcast","Sweeping Beam","Sunder","Hello World","Fusion+1","Sunder","Turbo","Machine Learning","Lockon+1","Conserve Battery+1","Doom and Gloom","White Noise","Ball Lightning+1","Genetic Algorithm+1","Blizzard+1","Tempest"],"relics":["Nuclear Battery","Meat on the Bone","Letter Opener","Astrolabe","Orrery","Red Mask"],"acts_visited":["Exordium","TheCity"],"potions_floor_usage":[],"damage_taken":[{"damage":6.0,"enemies":"Cultist","floor":1.0,"turns":4.0},{"damage":2.0,"enemies":"2 Louse","floor":2.0,"turns":3.0},{"damage":3.0,"enemies":"Jaw Worm","floor":3.0,"turns":3.0},{"damage":14.0,"enemies":"Blue Slaver","floor":5.0,"turns":4.0},{"damage":32.0,"enemies":"3 Sentries","floor":6.0,"turns":7.0},{"damage":6.0,"enemies":"Exordium Wildlife","floor":8.0,"turns":3.0},{"damage":10.0,"enemies":"Exordium Thugs","floor":11.0,"turns":5.0},{"damage":3.0,"enemies":"Red Slaver","floor":12.0,"turns":4.0},{"damage":12.0,"enemies":"Gremlin Gang","floor":13.0,"turns":4.0},{"damage":16.0,"enemies":"Gremlin Nob","floor":14.0,"turns":3.0},{"damage":54.0,"enemies":"Hexaghost","floor":16.0,"turns":8.0},{"damage":13.0,"enemies":"3 Byrds","floor":18.0,"turns":4.0},{"damage":10.0,"enemies":"Masked Bandits","floor":21.0,"turns":2.0},{"damage":4.0,"enemies":"Spheric Guardian","floor":24.0,"turns":3.0},{"damage":49,"enemies":"Gremlin Leader","floor":25,"turns":5}],"seed_played":"4148592685793433910","potions_obtained":[{"floor":1.0,"key":"Explosive Potion"},{"floor":3.0,"key":"DuplicationPotion"},{"floor":5.0,"key":"FocusPotion"},{"floor":16.0,"key":"FearPotion"}],"is_trial":false,"path_per_floor":["M","M","M","$","M","E","R","M","T","?","M","M","M","E","R","B",null,"M","?","$","?","$","R","M","E"],"character_chosen":"DEFECT","items_purchased":["Orrery"],"campfire_rested":2,"item_purchase_floors":[20],"current_hp_per_floor":[69,67,64,64,50,18,40,46,46,46,48,45,45,41,63,21,75,62,62,62,52,52,52,48,0,0],"gold":78,"neow_bonus":"BOSS_RELIC","is_daily":false,"chose_seed":false,"campfire_upgraded":1,"win_rate":0.0,"timestamp":1612927058,"path_taken":["M","M","M","$","?","E","R","M","T","?","M","M","?","E","R","BOSS","M","?","$","?","$","R","M","E"],"items_purchased_type":["Relic"],"build_version":"2020-12-22","purchased_purges":2,"victory":false,"max_hp_per_floor":[75,75,75,75,75,75,75,75,75,75,75,75,75,75,75,75,75,75,75,75,75,75,75,75,75,75],"card_choices":[{"not_picked":["Force Field","Go for the Eyes","Blizzard"],"picked":"SKIP","floor":1.0},{"not_picked":["Genetic Algorithm","Steam","Consume"],"picked":"SKIP","floor":2.0},{"not_picked":["Chaos","BootSequence","Conserve Battery"],"picked":"SKIP","floor":3.0},{"not_picked":["Hologram","Cold Snap"],"picked":"Sweeping Beam","floor":5.0},{"not_picked":["Amplify","Steam Power"],"picked":"Sunder","floor":6.0},{"not_picked":["Beam Cell","Coolheaded"],"picked":"Hello World","floor":8.0},{"not_picked":["Redo","Chill"],"picked":"Fusion","floor":11.0},{"not_picked":["Lockon","Self Repair"],"picked":"Sunder","floor":12.0},{"not_picked":["Beam Cell","Barrage","Ball Lightning"],"picked":"SKIP","floor":13.0},{"not_picked":["Creative AI","Self Repair"],"picked":"Turbo","floor":14.0},{"not_picked":["Biased Cognition","All For One"],"picked":"Machine Learning","floor":16.0},{"not_picked":["Undo","Conserve Battery","Coolheaded+1"],"picked":"SKIP","floor":18.0},{"not_picked":["Lockon+1","Compile Driver"],"picked":"White Noise","floor":20.0},{"not_picked":["Steam","Stack"],"picked":"Ball Lightning+1","floor":20.0},{"not_picked":["Compile Driver","Redo"],"picked":"Genetic Algorithm+1","floor":20.0},{"not_picked":["Genetic Algorithm","Coolheaded"],"picked":"Blizzard+1","floor":21.0},{"not_picked":["Sweeping Beam","Chill"],"picked":"Tempest","floor":24.0}],"player_experience":37778,"relics_obtained":[{"floor":6.0,"key":"Meat on the Bone"},{"floor":14.0,"key":"Letter Opener"},{"floor":21.0,"key":"Red Mask"}],"event_choices":[{"damage_healed":0.0,"max_hp_gain":0.0,"max_hp_loss":0.0,"gold_gain":0.0,"event_name":"The Woman in Blue","player_choice":"Bought 0 Potions","floor":10.0,"gold_loss":0.0,"damage_taken":0.0},{"damage_healed":0.0,"max_hp_gain":0.0,"max_hp_loss":0.0,"gold_gain":0.0,"event_name":"The Library","player_choice":"Read","floor":19.0,"gold_loss":0.0,"damage_taken":0.0,"cards_obtained":["Doom and Gloom"]},{"damage_healed":0.0,"max_hp_gain":0.0,"max_hp_loss":0.0,"gold_gain":0.0,"event_name":"Masked Bandits","player_choice":"Fought Bandits","floor":21.0,"gold_loss":0.0,"damage_taken":0.0}],"is_beta":false,"boss_relics":[{"not_picked":["SacredBark","Runic Dome"],"picked":"Astrolabe"}],"items_purged_floors":[4,20],"is_endless":false,"potions_floor_spawned":[1,3,5,6,13,16],"killed_by":"Gremlin Leader","ascension_level":0}}