{"host":"msmkw03x1o7nq45i","time":1612980943,"event":{"mods":["AchievementEnabler","BaseMod","Bestiary","Colored Powertips","GifTheSpireLib","Highlight Path","Minty Spire (QoL Compilation)","Random Character Button","StSLib","everything is the same but u backflip on backflip"],"gold_per_floor":[110,130,0,19,31,63,63,90,141,141,96,112,112,112],"floor_reached":13,"language":"ENG","playtime":1021,"items_purged":["Injury"],"score":189,"play_id":"4f671416-3f0a-4d49-911f-b3313e09fd97","local_time":"20210210201543","is_ascension_mode":true,"campfire_choices":[{"data":"Neutralize","floor":7,"key":"SMITH"},{"floor":10,"key":"REST"}],"circlet_count":0,"master_deck":["AscendersBane","Strike_G","Strike_G","Strike_G","Strike_G","Strike_G","Defend_G","Defend_G","Defend_G","Defend_G","Defend_G","Survivor","Neutralize+1","Malaise","Dagger Throw","Cloak And Dagger","Dagger Spray","Quick Slash","Backflip","Deflect"],"relics":["Ring of the Snake","Bottled Flame","Pantograph","Tiny Chest"],"acts_visited":["Exordium"],"potions_floor_usage":[6,6,13],"damage_taken":[{"damage":0,"enemies":"2 Louse","floor":1,"turns":5},{"damage":10,"enemies":"Jaw Worm","floor":2,"turns":8},{"damage":2,"enemies":"Small Slimes","floor":4,"turns":4},{"damage":2,"enemies":"Red Slaver","floor":5,"turns":5},{"damage":2,"enemies":"3 Sentries","floor":6,"turns":6},{"damage":41,"enemies":"Gremlin Nob","floor":8,"turns":5},{"damage":18,"enemies":"Exordium Thugs","floor":11,"turns":5},{"damage":0,"enemies":"Looter","floor":12,"turns":4},{"damage":7,"enemies":"Lagavulin","floor":13,"turns":6}],"seed_played":"-6907645623054829320","potions_obtained":[{"floor":4,"key":"CunningPotion"},{"floor":5,"key":"SkillPotion"},{"floor":11,"key":"LiquidBronze"},{"floor":12,"key":"CunningPotion"}],"is_trial":false,"path_per_floor":["M","M","$","M","M","E","R","E","T","R","M","M","E"],"character_chosen":"THE_SILENT","items_purchased":["Dagger Spray"],"campfire_rested":1,"item_purchase_floors":[3],"current_hp_per_floor":[59,49,49,47,45,43,43,2,2,21,3,3,0,0],"gold":112,"neow_bonus":"THREE_RARE_CARDS","is_daily":false,"chose_seed":false,"campfire_upgraded":1,"win_rate":0.0,"timestamp":1612980943,"path_taken":["M","M","$","M","M","E","R","E","T","R","M","M","E"],"items_purchased_type":["Card"],"build_version":"2020-12-22","purchased_purges":1,"victory":false,"max_hp_per_floor":[66,66,66,66,66,66,66,66,66,66,66,66,66,66],"card_choices":[{"not_picked":["Burst","Envenom"],"picked":"Malaise","floor":0},{"not_picked":["Footwork","Quick Slash"],"picked":"Dagger Throw","floor":1},{"not_picked":["Slice","Acrobatics"],"picked":"Cloak And Dagger","floor":2},{"not_picked":["Underhanded Strike","Dodge and Roll","Slice"],"picked":"SKIP","floor":4},{"not_picked":["Catalyst","Malaise"],"picked":"Quick Slash","floor":5},{"not_picked":["Slice","Flying Knee"],"picked":"Backflip","floor":6},{"not_picked":["Dagger Spray","Night Terror","Masterful Stab"],"picked":"SKIP","floor":8},{"not_picked":["Underhanded Strike","Dodge and Roll"],"picked":"Deflect","floor":11},{"not_picked":["Deflect","Flying Knee","Noxious Fumes"],"picked":"SKIP","floor":12}],"player_experience":517833,"relics_obtained":[{"floor":6,"key":"Bottled Flame"},{"floor":8,"key":"Pantograph"},{"floor":9,"key":"Tiny Chest"}],"event_choices":[],"is_beta":false,"boss_relics":[],"items_purged_floors":[3],"is_endless":false,"potions_floor_spawned":[4,5,11,12],"killed_by":"Lagavulin","ascension_level":19}}