{"host":"t9vqxmgmtrdkt9v9","time":1612949397,"event":{"mods":["AchievementEnabler","BaseMod","Colored Map","Minty Spire (QoL Compilation)","Permanent Neow","Relic Stats","StSLib"],"gold_per_floor":[109,109,128,128,143,172,132,132,155,14,31,61,80,112,112,186,186,198,84,84,102,17,17,17],"floor_reached":23,"language":"ENG","playtime":1243,"items_purged":["Regret"],"score":397,"play_id":"d51a09c3-a6b7-483e-8a57-bc0d83a26cb3","local_time":"20210210192957","is_ascension_mode":true,"campfire_choices":[{"floor":8.0,"key":"REST"},{"floor":15.0,"key":"REST"}],"circlet_count":0,"master_deck":["AscendersBane","Strike_R","Strike_R+1","Strike_R","Strike_R","Strike_R","Defend_R","Defend_R","Defend_R+1","Defend_R","Bash","Fire Breathing","Pommel Strike","True Grit","Inflame","Pommel Strike","Shockwave","Rupture","Wild Strike","Shrug It Off","Immolate","Disarm","Feel No Pain"],"relics":["SlaversCollar","Bronze Scales","Tiny Chest","Red Skull","Ornamental Fan","Dead Branch","SacredBark","Pear"],"acts_visited":["Exordium","TheCity"],"potions_floor_usage":[],"damage_taken":[{"damage":14.0,"enemies":"Jaw Worm","floor":1.0,"turns":4.0},{"damage":8.0,"enemies":"Small Slimes","floor":3.0,"turns":3.0},{"damage":12.0,"enemies":"Cultist","floor":5.0,"turns":4.0},{"damage":7.0,"enemies":"3 Sentries","floor":6.0,"turns":5.0},{"damage":14.0,"enemies":"Looter","floor":7.0,"turns":4.0},{"damage":10.0,"enemies":"Exordium Thugs","floor":11.0,"turns":5.0},{"damage":13.0,"enemies":"Lagavulin","floor":12.0,"turns":5.0},{"damage":3.0,"enemies":"Lots of Slimes","floor":13.0,"turns":4.0},{"damage":8.0,"enemies":"3 Sentries","floor":14.0,"turns":5.0},{"damage":12.0,"enemies":"The Guardian","floor":16.0,"turns":7.0},{"damage":18.0,"enemies":"Chosen","floor":18.0,"turns":5.0},{"damage":0.0,"enemies":"Spheric Guardian","floor":21.0,"turns":1.0},{"damage":44,"enemies":"Slavers","floor":23,"turns":4}],"seed_played":"1664670731251144409","potions_obtained":[{"floor":3.0,"key":"Regen Potion"},{"floor":5.0,"key":"Fire Potion"},{"floor":6.0,"key":"LiquidMemories"},{"floor":11.0,"key":"EssenceOfSteel"}],"is_trial":false,"path_per_floor":["M","?","M","?","M","E","M","R","T","$","M","E","M","E","R","B",null,"M","$","?","M","?","E"],"character_chosen":"IRONCLAD","items_purchased":["BloodPotion","Shockwave","Feel No Pain"],"campfire_rested":2,"item_purchase_floors":[10,10,19],"current_hp_per_floor":[54,54,46,23,23,16,2,24,24,24,29,16,13,5,27,15,60,42,42,30,30,40,0,0],"gold":17,"neow_bonus":"BOSS_RELIC","is_daily":false,"chose_seed":false,"campfire_upgraded":0,"win_rate":0.0,"timestamp":1612949397,"path_taken":["M","?","M","?","M","E","M","R","T","$","M","E","M","E","R","BOSS","M","$","?","?","?","E"],"items_purchased_type":["Potion","Card","Card"],"build_version":"2020-12-22","purchased_purges":1,"victory":false,"max_hp_per_floor":[75,75,75,75,75,75,75,75,75,75,75,75,75,75,75,75,75,75,75,75,75,85,85,85],"relic_stats":{"counters":[13,56],"Ornamental Fan":[16],"Bronze Scales":[126],"Dead Branch":[15],"Tiny Chest":0,"obtain_stats":[{"SlaversCollar":0,"Pear":22,"Ornamental Fan":12,"Bronze Scales":2,"Dead Branch":14,"SacredBark":17,"Tiny Chest":6,"Burning Blood":0,"Red Skull":9},{"SlaversCollar":0,"Pear":12,"Ornamental Fan":7,"Bronze Scales":1,"Dead Branch":9,"SacredBark":10,"Tiny Chest":4,"Burning Blood":0,"Red Skull":5},{"SlaversCollar":0,"Pear":52,"Ornamental Fan":30,"Bronze Scales":4,"Dead Branch":39,"SacredBark":46,"Tiny Chest":16,"Burning Blood":0,"Red Skull":20}]},"card_choices":[{"not_picked":["Warcry","Twin Strike"],"picked":"Fire Breathing","floor":1.0},{"not_picked":["Twin Strike","Rage"],"picked":"Pommel Strike","floor":3.0},{"not_picked":["Evolve","Iron Wave"],"picked":"True Grit","floor":5.0},{"not_picked":["Heavy Blade","Rampage"],"picked":"Inflame","floor":6.0},{"not_picked":["Cleave","Headbutt"],"picked":"Pommel Strike","floor":7.0},{"not_picked":["Infernal Blade","Body Slam"],"picked":"Rupture","floor":11.0},{"not_picked":["Spot Weakness","Shrug It Off"],"picked":"Wild Strike","floor":12.0},{"not_picked":["Clothesline","Reckless Charge"],"picked":"Shrug It Off","floor":13.0},{"not_picked":["Dropkick","Wild Strike"],"picked":"Immolate","floor":14.0},{"not_picked":["Whirlwind","True Grit"],"picked":"Disarm","floor":18.0},{"not_picked":["Searing Blow","Pommel Strike","Iron Wave"],"picked":"SKIP","floor":21.0}],"player_experience":399931,"relics_obtained":[{"floor":6.0,"key":"Tiny Chest"},{"floor":9.0,"key":"Red Skull"},{"floor":12.0,"key":"Ornamental Fan"},{"floor":14.0,"key":"Dead Branch"}],"event_choices":[{"damage_healed":0.0,"max_hp_gain":0.0,"max_hp_loss":0.0,"gold_gain":0.0,"event_name":"Big Fish","player_choice":"Box","floor":2.0,"gold_loss":0.0,"damage_taken":0.0,"relics_obtained":["Bronze Scales"],"cards_obtained":["Regret"]},{"damage_healed":0.0,"max_hp_gain":0.0,"max_hp_loss":0.0,"gold_gain":0.0,"event_name":"Shining Light","player_choice":"Entered Light","floor":4.0,"gold_loss":0.0,"damage_taken":23.0,"cards_upgraded":["Strike_R","Defend_R"]},{"damage_healed":0.0,"max_hp_gain":0.0,"max_hp_loss":0.0,"gold_gain":0.0,"event_name":"Knowing Skull","player_choice":"POTION ","floor":20.0,"potions_obtained":["AttackPotion"],"gold_loss":0.0,"damage_taken":12.0,"cards_obtained":[]},{"damage_healed":0.0,"max_hp_gain":0.0,"max_hp_loss":0.0,"gold_gain":0.0,"event_name":"Addict","player_choice":"Obtained Relic","floor":22.0,"gold_loss":85.0,"damage_taken":0.0,"relics_obtained":["Pear"]}],"is_beta":false,"boss_relics":[{"not_picked":["Busted Crown","Sozu"],"picked":"SacredBark"}],"items_purged_floors":[19],"is_endless":false,"potions_floor_spawned":[3,5,6,11],"killed_by":"Slavers","ascension_level":18}}