{"host":"b7dyfc527bmrkvbm","time":1612989611,"event":{"mods":["2.2 Compatiblity","Act Like it!","BaseMod","BetterRewards","Conspire","Downfall","Hubris","Infinite Spire","Mimic Mod","Minty Spire (QoL Compilation)","Replay The Spire","Shop Mod","StSLib","The Jungle"],"gold_per_floor":[99,136,86,86,131,131,158,236,298,150,200,284,184,249,328,466,466,466,487,487,506,506,582,651,651,708,728,869,916,177,177,219,347,347,347,364,383,383,383,409,409,409],"floor_reached":40,"language":"ENG","playtime":6004,"items_purged":["Slimebound:CorrosiveSpit","infinitespire:Pacifist","Delirium"],"score":485,"play_id":"489da917-2374-4362-a9f4-e6806959e5c9","local_time":"20210210154011","is_ascension_mode":false,"campfire_choices":[{"data":"HandOfGreed","floor":1,"key":"SMITH"},{"floor":13,"key":"REST"},{"data":"Slimebound:TagTeam","floor":18,"key":"SMITH"},{"data":"Slimebound:SlimeBrawl","floor":25,"key":"SMITH"}],"circlet_count":0,"master_deck":["Slimebound:Strike_Slimebound","Slimebound:Strike_Slimebound","Slimebound:Strike_Slimebound","Slimebound:Tackle","Slimebound:Defend_Slimebound","Slimebound:Defend_Slimebound","Slimebound:Defend_Slimebound","Slimebound:Split","HandOfGreed+1","Slimebound:SplitAcid","conspire:SpireCoStock","Slimebound:LeadByExample","Slimebound:LeadByExample","Hemogenesis","Slimebound:RejuvenatingLick","Slimebound:Prepare","Slimebound:SplitLeeching","Slimebound:MegaLick","Slimebound:SlimeTap","Slimebound:SplitBruiser","Slimebound:TagTeam+1","Slimebound:SlimeBrawl+1","Slimebound:PressTheAttack","Slimebound:LevelUp+1","Slimebound:SlimeBarrage","Slimebound:Split","Slimebound:FinishingTackle","Slimebound:DisruptingSlam","Slimebound:WasteNot","hubris:Insight","Slimebound:Nibble","Slimebound:Nibble","Slimebound:OozeBath+1","Slimebound:Prepare+1","hubris:InfiniteBlow+4"],"relics":["hubris:FunFungus","m_BurningSludge","downfall:HeartBlessingBlue","Darkstone Periapt","Ring of Chaos","Dream Catcher","Replay:Bottled Snecko","Potion Belt","downfall:GremlinSack","MerchantsRug","Golden Egg","Question Card","Ring of Searing","ReplayTheSpireMod:Ring of Sloth","hubris:TerracottaHorce","Lee\u0027s Waffle"],"acts_visited":["Exordium","TheCity","TheBeyond"],"potions_floor_usage":[23,33,33,33,40,40],"damage_taken":[{"damage":9,"enemies":"Jaw Worm","floor":2,"turns":4},{"damage":5,"enemies":"2 Louse","floor":5,"turns":3},{"damage":6,"enemies":"Small Slimes","floor":8,"turns":4},{"damage":11,"enemies":"Blue Slaver","floor":9,"turns":4},{"damage":5,"enemies":"downfall:FleeingMerchant","floor":10,"turns":4},{"damage":10,"enemies":"2 Fungi Beasts","floor":11,"turns":4},{"damage":9,"enemies":"Exordium Thugs","floor":12,"turns":5},{"damage":21,"enemies":"Gremlin Nob","floor":14,"turns":4},{"damage":3,"enemies":"3 Louse","floor":15,"turns":6},{"damage":4,"enemies":"SI_SHIV_ARCHETYPE","floor":16,"turns":9},{"damage":0,"enemies":"3 Byrds","floor":19,"turns":3},{"damage":21,"enemies":"Snake Plant","floor":21,"turns":3},{"damage":9,"enemies":"Shelled Parasite and Fungi","floor":23,"turns":8},{"damage":0,"enemies":"3 Cultists","floor":24,"turns":5},{"damage":34,"enemies":"Book of Stabbing","floor":26,"turns":5},{"damage":14,"enemies":"3 Cultists","floor":27,"turns":5},{"damage":7,"enemies":"3 Cultists","floor":28,"turns":3},{"damage":17,"enemies":"Cultist and Chosen","floor":29,"turns":4},{"damage":13,"enemies":"downfall:FleeingMerchant","floor":30,"turns":4},{"damage":15,"enemies":"Centurion and Healer","floor":32,"turns":6},{"damage":30,"enemies":"DF_ARCHETYPE_CLAW","floor":33,"turns":5},{"damage":30,"enemies":"3 Darklings","floor":36,"turns":5},{"damage":1,"enemies":"Orb Walker","floor":37,"turns":4},{"damage":49,"enemies":"infinitespire:Three Voidlings","floor":40,"turns":3},{"damage":54,"enemies":"Nightmare_Alpha","floor":40,"turns":3}],"seed_played":"4315576051423396474","potions_obtained":[{"floor":8,"key":"PowerPotion"},{"floor":12,"key":"SteroidPotion"},{"floor":15,"key":"Reflective Coating"},{"floor":16,"key":"Block Potion"},{"floor":23,"key":"CultistPotion"},{"floor":27,"key":"Adrenaline Potion"},{"floor":29,"key":"GamblersBrew"},{"floor":32,"key":"Elixir"},{"floor":33,"key":"Dexterity Potion"},{"floor":36,"key":"LiquidBronze"},{"floor":37,"key":"Weak Potion"}],"is_trial":false,"path_per_floor":["R","M","?","?","M","?","T","M","M","$","M","M","R","E","M","B",null,"R","M","?","M","?","M","MIM","R","E","M","?","M","$","?","M","B",null,"R","M","M","AVR","?","?"],"character_chosen":"SLIMEBOUND","items_purchased":["Slimebound:Prepare","Slimebound:SplitLeeching","MerchantsRug","Golden Egg","Question Card"],"campfire_rested":1,"item_purchase_floors":[10,10,30,30,30],"current_hp_per_floor":[47,42,42,30,27,27,27,23,14,16,13,13,45,34,43,50,75,75,75,75,56,56,60,71,71,48,42,45,37,32,38,29,11,68,68,51,58,94,94,0,0,0],"gold":409,"neow_bonus":"RANDOM_COLORLESS_2","is_daily":false,"chose_seed":false,"campfire_upgraded":3,"win_rate":0.0,"timestamp":1612989611,"path_taken":["R","M","?","?","M","?","T","M","M","?","M","?","R","E","M","BOSS","R","M","?","M","?","M","MIM","R","E","M","?","?","$","?","M","BOSS","R","M","M","AVR","?","?"],"items_purchased_type":["Card","Card","Relic","Relic","Relic"],"build_version":"2020-12-22","purchased_purges":3,"victory":false,"max_hp_per_floor":[65,65,65,65,65,65,65,65,65,65,65,65,75,75,75,75,75,75,75,75,75,75,75,75,75,75,75,81,81,81,87,87,87,87,87,87,87,94,94,94,94,94],"card_choices":[{"not_picked":["Midas Touch","Chrysalis"],"picked":"HandOfGreed","floor":0},{"not_picked":["Slimebound:LeechingTouch","Slimebound:FlameTackle"],"picked":"Slimebound:SplitAcid","floor":2},{"not_picked":["Slimebound:LeechingTouch","Slimebound:ItLooksTasty"],"picked":"Slimebound:LeadByExample","floor":5},{"not_picked":["Slimebound:GoopTackle","Slimebound:Repurpose"],"picked":"Slimebound:LeadByExample","floor":8},{"not_picked":["Slimebound:ItLooksTasty","Sword Boomerang"],"picked":"Hemogenesis","floor":9},{"not_picked":["Slimebound:SplitBruiser","Slimebound:SplitMire"],"picked":"Slimebound:RejuvenatingLick","floor":10},{"not_picked":["Slimebound:SamplingLick","Slimebound:RollThrough"],"picked":"Slimebound:MegaLick","floor":11},{"not_picked":["Slimebound:Schlurp","Slimebound:LeechEnergy"],"picked":"Slimebound:SlimeTap","floor":12},{"not_picked":["Slimebound:ComboTackle","Slimebound:FinishingTackle"],"picked":"Slimebound:SplitBruiser","floor":14},{"not_picked":["Sword Boomerang","Slimebound:RainOfGoop","Slimebound:AcidTongue"],"picked":"SKIP","floor":15},{"not_picked":["Slimebound:Overexert","Slimebound:DuplicatedForm"],"picked":"Slimebound:TagTeam","floor":16},{"not_picked":["Slimebound:RollThrough","Slimebound:ForwardTackle"],"picked":"Slimebound:SlimeBrawl","floor":19},{"not_picked":["Slimebound:SlimeSpikes","Slimebound:Nibble+1"],"picked":"Slimebound:PressTheAttack","floor":21},{"not_picked":["Slimebound:AcidTongue","Slimebound:SamplingLick"],"picked":"Slimebound:LevelUp+1","floor":23},{"not_picked":["Slimebound:ComboTackle+1","Slimebound:Dissolve"],"picked":"Slimebound:SlimeBarrage","floor":26},{"not_picked":["Slimebound:SamplingLick+1","Slimebound:Schlurp+1","Slimebound:RollThrough"],"picked":"SKIP","floor":27},{"not_picked":["Slimebound:RollThrough","Slimebound:FinishingTackle"],"picked":"Slimebound:Nibble","floor":28},{"not_picked":["Slimebound:SplitBruiser","Slimebound:DivideAndConquer","Slimebound:LeechEnergy"],"picked":"SKIP","floor":29},{"not_picked":["Slimebound:GrowthPunch","Slimebound:MegaLick"],"picked":"Slimebound:Nibble","floor":30},{"not_picked":["Slimebound:LeadByExample","Slimebound:SplitMire","Slimebound:PressTheAttack","Slimebound:HauntingLick"],"picked":"SKIP","floor":32},{"not_picked":["Slimebound:Schlurp+1","Slimebound:SamplingLick","Slimebound:ComboTackle+1"],"picked":"Slimebound:Prepare+1","floor":36},{"not_picked":["Slimebound:GoopSpray+1","Slimebound:SplitBruiser","Slimebound:SlimeSpikes+1","Slimebound:ItLooksTasty"],"picked":"SKIP","floor":37}],"player_experience":434668,"relics_obtained":[{"floor":14,"key":"Darkstone Periapt"},{"floor":24,"key":"Replay:Bottled Snecko"},{"floor":26,"key":"Potion Belt"},{"floor":28,"key":"downfall:GremlinSack"},{"floor":31,"key":"Ring of Searing"},{"floor":31,"key":"ReplayTheSpireMod:Ring of Sloth"}],"event_choices":[{"damage_healed":0,"gold_gain":0,"player_choice":"Invest 1","damage_taken":0,"max_hp_gain":0,"max_hp_loss":0,"event_name":"conspire:Investor","floor":3,"gold_loss":0},{"damage_healed":0,"gold_gain":0,"player_choice":"Success","damage_taken":12,"relics_obtained":["hubris:FunFungus"],"max_hp_gain":0,"max_hp_loss":0,"event_name":"Scrap Ooze","floor":4,"gold_loss":0},{"damage_healed":0,"gold_gain":0,"player_choice":"Ignored","damage_taken":0,"max_hp_gain":0,"max_hp_loss":0,"event_name":"Vampires","floor":22,"gold_loss":0}],"is_beta":false,"boss_relics":[{"not_picked":["Runic Pyramid","hubris:Stopwatch"],"picked":"Ring of Chaos"},{"not_picked":["bronze:MakeshiftBattery","hubris:RunicObelisk"],"picked":"hubris:TerracottaHorce"}],"items_purged_floors":[10,30,38],"is_endless":false,"potions_floor_spawned":[8,12,15,16,23,27,29,32,33,36,37,40],"killed_by":"Nightmare_Alpha","ascension_level":0}}