{"host":"sav7uxregyirlf69","time":1612945619,"event":{"mods":["AchievementEnabler","BaseMod","Colored Map","DeckTracker","Keyboard Shortcuts","Minty Spire (QoL Compilation)","READ ME - Guardian Mod","StSLib","SuperFastMode"],"gold_per_floor":[118,118,133,147,163,163,183,183,183,183,199,209,235,251,251,251,251],"floor_reached":16,"language":"KOR","playtime":319,"items_purged":[],"score":212,"play_id":"4d38e427-76e0-48ab-bac1-a0f068f9df26","local_time":"20210210172659","is_ascension_mode":true,"campfire_choices":[{"data":"Neutralize","floor":6.0,"key":"SMITH"},{"data":"Blade Dance","floor":10.0,"key":"SMITH"},{"data":"Envenom","floor":15,"key":"SMITH"}],"circlet_count":0,"master_deck":["AscendersBane","Strike_G","Strike_G","Strike_G","Strike_G","Defend_G","Defend_G","Defend_G","Defend_G","Defend_G","Survivor","Neutralize+1","Blade Dance+1","Footwork","Backstab","Dodge and Roll","Malaise","Reflex","Envenom+1"],"relics":["Ring of the Snake","NeowsBlessing","Lantern","Bag of Marbles","Bottled Flame"],"acts_visited":["Exordium"],"potions_floor_usage":[16],"damage_taken":[{"damage":0.0,"enemies":"Jaw Worm","floor":1.0,"turns":1.0},{"damage":0.0,"enemies":"Small Slimes","floor":3.0,"turns":1.0},{"damage":0.0,"enemies":"Cultist","floor":4.0,"turns":1.0},{"damage":9.0,"enemies":"2 Fungi Beasts","floor":5.0,"turns":3.0},{"damage":2.0,"enemies":"Exordium Thugs","floor":7.0,"turns":5.0},{"damage":2.0,"enemies":"Exordium Wildlife","floor":11.0,"turns":5.0},{"damage":0.0,"enemies":"3 Louse","floor":12.0,"turns":3.0},{"damage":9.0,"enemies":"3 Sentries","floor":13.0,"turns":11.0},{"damage":10,"enemies":"Large Slime","floor":14,"turns":8},{"damage":9,"enemies":"Hexaghost","floor":16,"turns":9}],"seed_played":"-5902550230082405717","potions_obtained":[{"floor":4.0,"key":"CunningPotion"},{"floor":5.0,"key":"Dexterity Potion"},{"floor":11.0,"key":"Fire Potion"}],"is_trial":false,"path_per_floor":["M","?","M","M","M","R","M","?","T","R","M","M","E","M","R","B"],"character_chosen":"THE_SILENT","items_purchased":[],"campfire_rested":0,"item_purchase_floors":[],"current_hp_per_floor":[59,41,41,41,32,32,30,30,30,30,28,28,19,9,9,0,0],"gold":251,"neow_bonus":"THREE_ENEMY_KILL","is_daily":false,"chose_seed":false,"campfire_upgraded":3,"win_rate":0.0,"timestamp":1612945619,"path_taken":["M","?","M","M","M","R","M","?","T","R","M","?","E","?","R","BOSS"],"items_purchased_type":[],"build_version":"2020-12-22","purchased_purges":0,"victory":false,"max_hp_per_floor":[66,66,66,66,66,66,66,66,66,66,66,66,66,66,66,66,66],"card_choices":[{"not_picked":["Accuracy","Cloak And Dagger"],"picked":"Blade Dance","floor":1.0},{"not_picked":["Caltrops","Dagger Spray"],"picked":"Footwork","floor":3.0},{"not_picked":["Blade Dance","Cloak And Dagger"],"picked":"Backstab","floor":4.0},{"not_picked":["Quick Slash","Flechettes","Deflect"],"picked":"SKIP","floor":5.0},{"not_picked":["Predator","Prepared","Masterful Stab"],"picked":"SKIP","floor":7.0},{"not_picked":["Flying Knee","Blade Dance","Prepared"],"picked":"SKIP","floor":11.0},{"not_picked":["Sucker Punch","Dagger Spray"],"picked":"Malaise","floor":12.0},{"not_picked":["Poisoned Stab","Bane"],"picked":"Reflex","floor":13},{"not_picked":["Flechettes","PiercingWail"],"picked":"Envenom","floor":14}],"player_experience":1551551,"relics_obtained":[{"floor":9.0,"key":"Bag of Marbles"},{"floor":13,"key":"Bottled Flame"}],"event_choices":[{"damage_healed":0.0,"max_hp_gain":0.0,"max_hp_loss":0.0,"gold_gain":0.0,"event_name":"Scrap Ooze","player_choice":"Success","floor":2.0,"gold_loss":0.0,"damage_taken":18.0,"relics_obtained":["Lantern"]},{"damage_healed":0.0,"max_hp_gain":0.0,"max_hp_loss":0.0,"gold_gain":0.0,"cards_transformed":["Strike_G"],"event_name":"Living Wall","player_choice":"Change","floor":8.0,"gold_loss":0.0,"damage_taken":0.0,"cards_obtained":["Dodge and Roll"]}],"is_beta":false,"boss_relics":[],"items_purged_floors":[],"is_endless":false,"potions_floor_spawned":[4,5,11],"killed_by":"Hexaghost","ascension_level":20}}