{"host":"ul3z8ex5o8l5j7mh","time":1612982949,"event":{"mods":["AchievementEnabler","BaseMod","Bestiary","Colored Map","Colored Powertips","DeckTracker","Keyboard Shortcuts","Minty Spire (QoL Compilation)","Relic Sorter","Relic Stats","SuperFastMode"],"gold_per_floor":[115,125,300,313,330,330,7,107,131,145,145,145,161,195,195,321,321,345,270,270,291,34,74,74,99,125,143,18,18,50,72,72,72,72],"floor_reached":33,"language":"ENG","playtime":1744,"items_purged":["Doubt","Defend_G","Strike_G"],"score":296,"play_id":"bfbab58f-ccc0-47e4-a910-4d9c8d9991fd","local_time":"20210210194909","is_ascension_mode":true,"campfire_choices":[{"data":"Poisoned Stab","floor":6,"key":"SMITH"},{"data":"Noxious Fumes","floor":12,"key":"SMITH"},{"floor":15,"key":"REST"},{"floor":24,"key":"REST"},{"floor":29,"key":"REST"},{"floor":32,"key":"REST"}],"circlet_count":0,"master_deck":["Strike_G","Strike_G","Strike_G","Defend_G","Defend_G","Defend_G","Defend_G","Survivor","Neutralize","All Out Attack","Sucker Punch","Poisoned Stab+1","Poisoned Stab","Noxious Fumes+1","Crippling Poison","Deadly Poison","A Thousand Cuts","Poisoned Stab","Die Die Die","Bane","Crippling Poison","Backstab"],"relics":["Ring of the Snake","Oddly Smooth Stone","PreservedInsect","Golden Idol","Bag of Marbles","HoveringKite","Darkstone Periapt","ClockworkSouvenir","HornCleat","CeramicFish"],"acts_visited":["Exordium","TheCity"],"potions_floor_usage":[0,4,5,10,18,23,27,33],"damage_taken":[{"damage":0,"enemies":"Cultist","floor":1,"turns":4},{"damage":0,"enemies":"Jaw Worm","floor":2,"turns":5},{"damage":0,"enemies":"2 Louse","floor":4,"turns":2},{"damage":4,"enemies":"Blue Slaver","floor":5,"turns":4},{"damage":11,"enemies":"Exordium Thugs","floor":10,"turns":4},{"damage":12,"enemies":"3 Louse","floor":13,"turns":2},{"damage":8,"enemies":"Lagavulin","floor":14,"turns":5},{"damage":22,"enemies":"The Guardian","floor":16,"turns":9},{"damage":21,"enemies":"Spheric Guardian","floor":18,"turns":4},{"damage":14,"enemies":"3 Byrds","floor":21,"turns":5},{"damage":28,"enemies":"Slavers","floor":23,"turns":4},{"damage":0,"enemies":"Sentry and Sphere","floor":25,"turns":4},{"damage":10,"enemies":"Centurion and Healer","floor":27,"turns":4},{"damage":14,"enemies":"Chosen and Byrds","floor":30,"turns":5},{"damage":0,"enemies":"3 Cultists","floor":31,"turns":3},{"damage":55,"enemies":"Automaton","floor":33,"turns":8}],"seed_played":"-5562214252045637194","potions_obtained":[{"floor":0,"key":"Fruit Juice"},{"floor":0,"key":"FearPotion"},{"floor":0,"key":"DistilledChaos"},{"floor":4,"key":"ColorlessPotion"},{"floor":16,"key":"ColorlessPotion"},{"floor":21,"key":"Ancient Potion"},{"floor":25,"key":"SteroidPotion"},{"floor":31,"key":"Block Potion"}],"is_trial":false,"path_per_floor":["M","M","?","M","M","R","$","?","T","M","?","R","M","E","R","B",null,"M","?","T","M","$","E","R","M","T","M","$","R","M","M","R","B"],"character_chosen":"THE_SILENT","items_purchased":["Noxious Fumes","Crippling Poison","Oddly Smooth Stone","ClockworkSouvenir"],"campfire_rested":4,"item_purchase_floors":[7,7,7,22],"current_hp_per_floor":[75,75,75,75,71,71,71,71,71,60,42,42,30,22,44,22,75,54,54,54,40,40,12,34,34,34,24,24,46,32,32,54,0,0],"gold":72,"neow_bonus":"THREE_SMALL_POTIONS","is_daily":false,"chose_seed":false,"campfire_upgraded":2,"win_rate":0.0,"timestamp":1612982949,"path_taken":["M","?","?","M","M","R","$","?","T","?","?","R","M","E","R","BOSS","M","?","?","M","$","E","R","M","T","M","$","R","M","M","R","BOSS"],"items_purchased_type":["Card","Card","Relic","Relic"],"build_version":"2020-12-22","purchased_purges":3,"victory":false,"max_hp_per_floor":[75,75,75,75,75,75,75,75,75,75,75,75,75,75,75,75,75,75,75,75,75,75,75,75,75,75,75,75,75,75,75,75,75,75],"relic_stats":{"Darkstone Periapt":0,"counters":[16,72],"Golden Idol":69,"CeramicFish":18,"HoveringKite":[13],"PreservedInsect":77,"obtain_stats":[{"Darkstone Periapt":20,"HornCleat":23,"Golden Idol":11,"CeramicFish":26,"Oddly Smooth Stone":7,"HoveringKite":17,"PreservedInsect":9,"Bag of Marbles":14,"Ring of the Snake":0,"ClockworkSouvenir":22},{"Darkstone Periapt":9,"HornCleat":11,"Golden Idol":5,"CeramicFish":12,"Oddly Smooth Stone":4,"HoveringKite":8,"PreservedInsect":4,"Bag of Marbles":7,"Ring of the Snake":0,"ClockworkSouvenir":10},{"Darkstone Periapt":39,"HornCleat":48,"Golden Idol":19,"CeramicFish":52,"Oddly Smooth Stone":15,"HoveringKite":35,"PreservedInsect":15,"Bag of Marbles":26,"Ring of the Snake":0,"ClockworkSouvenir":44}],"Ring of the Snake":[32]},"card_choices":[{"not_picked":["Cloak And Dagger","Underhanded Strike"],"picked":"All Out Attack","floor":1},{"not_picked":["Bane","Backflip"],"picked":"Sucker Punch","floor":2},{"not_picked":["PiercingWail","Predator"],"picked":"Poisoned Stab","floor":4},{"not_picked":["Flying Knee","Deflect"],"picked":"Poisoned Stab","floor":5},{"not_picked":["Blade Dance","Flechettes","PiercingWail"],"picked":"SKIP","floor":10},{"not_picked":["Backflip","Doppelganger"],"picked":"Deadly Poison","floor":13},{"not_picked":["Prepared","Dagger Throw","Tactician"],"picked":"SKIP","floor":14},{"not_picked":["Tools of the Trade","Venomology"],"picked":"A Thousand Cuts","floor":16},{"not_picked":["Deflect","Dodge and Roll+1"],"picked":"Poisoned Stab","floor":18},{"not_picked":["Bane","Prepared"],"picked":"Die Die Die","floor":21},{"not_picked":["Prepared+1","Finisher","Outmaneuver"],"picked":"SKIP","floor":23},{"not_picked":["Distraction+1","Footwork"],"picked":"Bane","floor":25},{"not_picked":["Flying Knee","Dodge and Roll","Finisher"],"picked":"SKIP","floor":27},{"not_picked":["Deflect","Dagger Throw"],"picked":"Crippling Poison","floor":30},{"not_picked":["Skewer","Outmaneuver"],"picked":"Backstab","floor":31}],"player_experience":344219,"relics_obtained":[{"floor":9,"key":"PreservedInsect"},{"floor":14,"key":"Bag of Marbles"},{"floor":20,"key":"Darkstone Periapt"},{"floor":23,"key":"HornCleat"},{"floor":26,"key":"CeramicFish"}],"event_choices":[{"damage_healed":0,"gold_gain":175,"player_choice":"AGREE","damage_taken":0,"max_hp_gain":0,"max_hp_loss":0,"event_name":"Liars Game","floor":3,"gold_loss":0,"cards_obtained":["Doubt"]},{"damage_healed":0,"gold_gain":100,"player_choice":"Pray","damage_taken":0,"max_hp_gain":0,"max_hp_loss":0,"event_name":"Golden Shrine","floor":8,"gold_loss":0},{"damage_healed":0,"gold_gain":0,"player_choice":"Take Damage","damage_taken":18,"relics_obtained":["Golden Idol"],"max_hp_gain":0,"max_hp_loss":0,"event_name":"Golden Idol","floor":11,"gold_loss":0},{"cards_removed":["Strike_G"],"damage_healed":0,"gold_gain":0,"player_choice":"Gave Gold","damage_taken":0,"max_hp_gain":0,"max_hp_loss":0,"event_name":"Beggar","floor":19,"gold_loss":75}],"is_beta":false,"boss_relics":[{"not_picked":["Runic Pyramid","WristBlade"],"picked":"HoveringKite"}],"items_purged_floors":[7,22,28],"is_endless":false,"potions_floor_spawned":[1,4,16,21,25,31],"killed_by":"Automaton","ascension_level":2}}