{"host":"92ge7uk92o4z80va","time":1612927269,"event":{"mods":["AchievementEnabler","Act Like it!","Aspiration","BaseMod","Beaked The Cultist","Better Third Choice","BetterRewards","Conspire","Curses Come First","Hermit","Hubris","Infinite Spire","Koishi","Lobotomy","LobotomyExtend","Marisa????????","Minty Spire (QoL Compilation)","Quick Restart","Reliquary","Replay The Spire","Robot Space Explorer","Spire Arcade","StSLib","The Blue Laboratory","The Bug Knight","The Runesmith","The Saiyan"],"gold_per_floor":[112,112,124,142,93,93,105,105,105,105,105,105,105],"floor_reached":12,"language":"ENG","playtime":463,"items_purged":[],"score":68,"play_id":"70dc5938-8da3-4b25-9860-920c626d7be9","local_time":"20210209222109","is_ascension_mode":false,"campfire_choices":[{"data":"beaked:Ceremony","floor":6.0,"key":"SMITH"},{"data":"beaked:Ceremony","floor":8.0,"key":"SMITH"},{"data":"beaked:Ceremony","floor":10.0,"key":"SMITH"}],"circlet_count":0,"master_deck":["beaked:Strike_Y","beaked:Strike_Y","beaked:Strike_Y","beaked:Strike_Y","beaked:Strike_Y","beaked:Strike_Y","beaked:Defend_Y","beaked:Defend_Y","beaked:Defend_Y","beaked:Defend_Y","beaked:Ceremony+1","beaked:Ceremony+1","beaked:Ceremony+1","beaked:DigDeep","beaked:DigDeep+1","beaked:Insight","beaked:DigDeep","beaked:BloodForTheGods+1","beaked:RuinSticks","beaked:Overpower","beaked:Overpower","beaked:MimicHuntress"],"relics":["beaked:MendingPlumage","Replay:Kaleidoscope","conspire:Flyswatter","Lantern","LetterFromLob","hubris:SphereOfDissonance","Moonlight_r"],"acts_visited":["Exordium"],"potions_floor_usage":[],"damage_taken":[{"damage":15.0,"enemies":"Jaw Worm","floor":1.0,"turns":7.0},{"damage":8.0,"enemies":"Cultist","floor":3.0,"turns":5.0},{"damage":15.0,"enemies":"Small Slimes","floor":4.0,"turns":5.0},{"damage":58.0,"enemies":"Exordium Thugs","floor":7.0,"turns":6.0},{"damage":15,"enemies":"3 Sentries","floor":12,"turns":1}],"seed_played":"-6408814809059158742","potions_obtained":[{"floor":3.0,"key":"blueLaboratory:BottledHope"},{"floor":7.0,"key":"blueLaboratory:RecallPotion"}],"is_trial":false,"path_per_floor":["M","?","M","M","$","R","M","R","T","R","M","E"],"character_chosen":"BEAKED_THE_CULTIST","items_purchased":["beaked:DigDeep","beaked:Insight","conspire:Flyswatter","Lantern","beaked:DigDeep","beaked:Insight","beaked:Overpower"],"campfire_rested":0,"item_purchase_floors":[0,0,0,0,0,0,5],"current_hp_per_floor":[47,50,50,50,50,50,33,33,33,33,13,0,0],"gold":105,"neow_bonus":"","is_daily":false,"chose_seed":false,"campfire_upgraded":3,"win_rate":0.0,"timestamp":1612927269,"path_taken":["M","?","M","M","$","R","M","R","T","R","M","E"],"items_purchased_type":["Card","Card","Relic","Card","Card","Card","Card"],"build_version":"2020-12-22","purchased_purges":0,"victory":false,"max_hp_per_floor":[50,50,50,50,50,50,50,50,50,50,50,50,50],"card_choices":[{"not_picked":["beaked:Windmill","ReplayTheSpireMod:Wings of Steel"],"picked":"beaked:DigDeep","floor":1.0},{"not_picked":["beaked:Foresight","beaked:CursingBlood"],"picked":"beaked:BloodForTheGods","floor":3.0},{"not_picked":["beaked:Redirect","beaked:Resilience"],"picked":"beaked:RuinSticks","floor":4.0},{"not_picked":["beaked:CursingBlood","beaked:WarriorEssence"],"picked":"beaked:MimicHuntress","floor":7.0}],"player_experience":56723,"relics_obtained":[{"floor":1.0,"key":"LetterFromLob"},{"floor":9.0,"key":"hubris:SphereOfDissonance"}],"event_choices":[{"cards_removed":["beaked:Insight"],"damage_healed":5.0,"max_hp_gain":0.0,"max_hp_loss":0.0,"gold_gain":0.0,"event_name":"Bonfire Elementals","player_choice":"Offered Common","floor":2.0,"gold_loss":0.0,"damage_taken":0.0},{"cards_removed":["beaked:Insight"],"damage_healed":5.0,"max_hp_gain":0.0,"max_hp_loss":0.0,"gold_gain":0.0,"event_name":"Bonfire Elementals","player_choice":"Offered Special","floor":2.0,"gold_loss":0.0,"damage_taken":0.0}],"is_beta":false,"boss_relics":[],"items_purged_floors":[],"is_endless":false,"potions_floor_spawned":[3,7],"killed_by":"3 Sentries","ascension_level":0}}