{"host":"dvpvhz1t6etneyb3","time":1612922636,"event":{"mods":["AchievementEnabler","BaseMod","Colored Map","Highlight Path","Minty Spire (QoL Compilation)","Permanent Neow","Quick Restart"],"gold_per_floor":[119,131,142,292,292,37,37,56,56,84,104,104,159,175,175,249,249,268,318,318,318,337,337,363,379,379,7,7,37,37,49,49,123,123,138,163,163,181,181,210,210,236,236,236,280,305,29,29,29,29,29,29,29,29,64,64,64],"floor_reached":56,"language":"ENG","playtime":3487,"items_purged":["Doubt"],"score":2117,"play_id":"67767e60-5188-46fc-80d8-8bc00e5c1936","local_time":"20210209210356","is_ascension_mode":true,"campfire_choices":[{"data":"Burst","floor":7.0,"key":"SMITH"},{"data":"Blade Dance","floor":12.0,"key":"SMITH"},{"floor":15.0,"key":"REST"},{"floor":23.0,"key":"REST"},{"floor":28.0,"key":"REST"},{"floor":32.0,"key":"REST"},{"floor":44.0,"key":"RECALL"},{"floor":49,"key":"REST"},{"floor":53,"key":"REST"}],"circlet_count":0,"master_deck":["AscendersBane","Survivor+1","Neutralize","Burst+1","Predator","Blade Dance+1","Dagger Spray","Master of Strategy","Crippling Poison","Escape Plan","Endless Agony","Bouncing Flask","Flechettes","After Image","Tools of the Trade","Sucker Punch","Blade Dance","Riddle With Holes","Tactician","Bullet Time","Backflip","Finisher","Accuracy","Noxious Fumes","Blade Dance+1","Well Laid Plans","Noxious Fumes","PiercingWail+1","Blur+1","A Thousand Cuts","Tactician+1","Dodge and Roll+1","Deflect+1","Doppelganger+1","Skewer+1","Well Laid Plans","Expertise+1","Acrobatics+1"],"relics":["Ring of the Snake","Shuriken","Ice Cream","StrikeDummy","Pandora\u0027s Box","Enchiridion","Mummified Hand","Toxic Egg 2","Potion Belt","Orichalcum","Sozu","CaptainsWheel","Regal Pillow","Bottled Tornado","Happy Flower","CeramicFish","Paper Crane","Strawberry","Pantograph"],"acts_visited":["Exordium","TheCity","TheBeyond","TheEnding"],"potions_floor_usage":[55,55,56,56],"damage_taken":[{"damage":0.0,"enemies":"2 Louse","floor":1.0,"turns":3.0},{"damage":0.0,"enemies":"Jaw Worm","floor":2.0,"turns":4.0},{"damage":0.0,"enemies":"Cultist","floor":3.0,"turns":3.0},{"damage":0.0,"enemies":"Red Slaver","floor":8.0,"turns":4.0},{"damage":22.0,"enemies":"Lagavulin","floor":10.0,"turns":5.0},{"damage":0.0,"enemies":"3 Louse","floor":11.0,"turns":3.0},{"damage":14.0,"enemies":"Lagavulin Event","floor":13.0,"turns":5.0},{"damage":0.0,"enemies":"Large Slime","floor":14.0,"turns":3.0},{"damage":17.0,"enemies":"The Guardian","floor":16.0,"turns":9.0},{"damage":16.0,"enemies":"Shell Parasite","floor":18.0,"turns":4.0},{"damage":0.0,"enemies":"2 Thieves","floor":22.0,"turns":1.0},{"damage":17.0,"enemies":"Slavers","floor":24.0,"turns":3.0},{"damage":0.0,"enemies":"3 Cultists","floor":25.0,"turns":3.0},{"damage":6.0,"enemies":"Gremlin Leader","floor":29.0,"turns":4.0},{"damage":13.0,"enemies":"Centurion and Healer","floor":31.0,"turns":3.0},{"damage":6.0,"enemies":"Champ","floor":33.0,"turns":7.0},{"damage":24.0,"enemies":"3 Darklings","floor":35.0,"turns":3.0},{"damage":0.0,"enemies":"Mind Bloom Boss Battle","floor":36.0,"turns":4.0},{"damage":0.0,"enemies":"Orb Walker","floor":38.0,"turns":2.0},{"damage":0.0,"enemies":"Nemesis","floor":40.0,"turns":5.0},{"damage":0.0,"enemies":"Reptomancer","floor":42.0,"turns":5.0},{"damage":0.0,"enemies":"Giant Head","floor":45.0,"turns":5.0},{"damage":0,"enemies":"4 Shapes","floor":46,"turns":3},{"damage":38,"enemies":"Donu and Deca","floor":50,"turns":6},{"damage":13,"enemies":"Time Eater","floor":51,"turns":7},{"damage":28,"enemies":"Shield and Spear","floor":55,"turns":4},{"damage":87,"enemies":"The Heart","floor":56,"turns":5}],"seed_played":"622030095331130189","potions_obtained":[{"floor":8.0,"key":"EssenceOfSteel"},{"floor":11.0,"key":"DuplicationPotion"},{"floor":13.0,"key":"CunningPotion"},{"floor":14.0,"key":"SpeedPotion"},{"floor":16.0,"key":"ColorlessPotion"},{"floor":22.0,"key":"SkillPotion"},{"floor":31.0,"key":"Explosive Potion"},{"floor":33.0,"key":"SneckoOil"}],"is_trial":false,"path_per_floor":["M","M","M","?","?","$","R","M","T","E","M","R","?","M","R","B",null,"M","?","?","T","M","R","E","M","T","$","R","E","$","M","R","B",null,"M","?","?","M","?","E","?","E","T","R","E","M","$","T","R","B","B",null,"R","$","E","B"],"character_chosen":"THE_SILENT","items_purchased":["Master of Strategy","Noxious Fumes","PiercingWail+1","BlessingOfTheForge","Potion Belt","Poison Potion","Paper Crane"],"campfire_rested":6,"item_purchase_floors":[6,27,27,27,27,27,47],"current_hp_per_floor":[59,59,59,59,39,39,39,39,39,17,17,17,3,3,22,5,51,35,35,14,14,14,33,16,16,16,16,35,29,29,16,35,29,57,33,33,33,33,33,33,33,33,33,33,33,33,33,40,70,32,19,57,70,70,42,0,0],"gold":64,"neow_bonus":"ONE_RANDOM_RARE_CARD","is_daily":false,"chose_seed":false,"campfire_upgraded":2,"win_rate":0.0,"timestamp":1612922636,"path_taken":["M","M","M","?","?","$","R","M","T","E","M","R","?","M","R","BOSS","M","?","?","?","M","R","E","?","T","$","R","E","?","M","R","BOSS","M","?","?","M","?","E","?","E","T","R","E","M","$","?","R","BOSS","BOSS","R","$","E","BOSS"],"items_purchased_type":["Card","Card","Card","Potion","Relic","Potion","Relic"],"build_version":"2020-12-22","purchased_purges":1,"victory":false,"max_hp_per_floor":[66,66,66,66,66,66,66,66,66,66,66,66,66,66,66,66,66,66,66,66,66,66,66,66,66,66,66,66,66,66,66,66,66,66,66,66,66,66,63,63,63,63,63,63,63,63,63,70,70,70,70,70,70,70,70,70,70],"card_choices":[{"not_picked":["Flying Knee","Dagger Spray"],"picked":"Predator","floor":1.0},{"not_picked":["Caltrops","Sucker Punch"],"picked":"Blade Dance","floor":2.0},{"not_picked":["Terror","Predator"],"picked":"Dagger Spray","floor":3.0},{"not_picked":["PiercingWail","Dagger Throw"],"picked":"Crippling Poison","floor":8.0},{"not_picked":["Storm of Steel","Underhanded Strike"],"picked":"Escape Plan","floor":10.0},{"not_picked":["Setup","Riddle With Holes"],"picked":"Endless Agony","floor":11.0},{"not_picked":["Deadly Poison","Blade Dance"],"picked":"Bouncing Flask","floor":13.0},{"not_picked":["Underhanded Strike","Finisher"],"picked":"Flechettes","floor":14.0},{"not_picked":["Bullet Time","A Thousand Cuts"],"picked":"After Image","floor":16.0},{"not_picked":["Leg Sweep","Sucker Punch"],"picked":"Noxious Fumes","floor":18.0},{"not_picked":["Outmaneuver","Dagger Spray+1","Poisoned Stab"],"picked":"SKIP","floor":22.0},{"not_picked":["Outmaneuver","Dagger Spray+1","Poisoned Stab"],"picked":"SKIP","floor":22.0},{"not_picked":["Storm of Steel+1","Quick Slash"],"picked":"Blade Dance+1","floor":24.0},{"not_picked":["Reflex+1","Outmaneuver+1"],"picked":"Well Laid Plans","floor":25.0},{"not_picked":["Underhanded Strike","Accuracy"],"picked":"Blur+1","floor":29.0},{"not_picked":["All Out Attack","Finisher","Eviscerate"],"picked":"SKIP","floor":31.0},{"not_picked":["Unload","After Image"],"picked":"A Thousand Cuts","floor":33.0},{"not_picked":["Reflex+1","Dagger Spray"],"picked":"Tactician+1","floor":35.0},{"not_picked":["Quick Slash","Acrobatics+1"],"picked":"Dodge and Roll+1","floor":36.0},{"not_picked":["Skewer","Reflex+1"],"picked":"Deflect+1","floor":38.0},{"not_picked":["PiercingWail+1","Bane"],"picked":"Doppelganger+1","floor":40.0},{"not_picked":["Noxious Fumes","Poisoned Stab"],"picked":"Skewer+1","floor":42.0},{"not_picked":["Blade Dance+1","Unload"],"picked":"Well Laid Plans","floor":45},{"not_picked":["Flying Knee+1","Eviscerate"],"picked":"Expertise+1","floor":46},{"not_picked":["Dagger Throw+1","Endless Agony"],"picked":"Acrobatics+1","floor":55}],"player_experience":2178046,"relics_obtained":[{"floor":9.0,"key":"Shuriken"},{"floor":10.0,"key":"Ice Cream"},{"floor":13.0,"key":"StrikeDummy"},{"floor":20.0,"key":"Enchiridion"},{"floor":21.0,"key":"Mummified Hand"},{"floor":24.0,"key":"Toxic Egg 2"},{"floor":29.0,"key":"Orichalcum"},{"floor":36.0,"key":"CaptainsWheel"},{"floor":40.0,"key":"Regal Pillow"},{"floor":42.0,"key":"Bottled Tornado"},{"floor":43.0,"key":"Happy Flower"},{"floor":45,"key":"CeramicFish"},{"floor":48,"key":"Strawberry"},{"floor":55,"key":"Pantograph"}],"event_choices":[{"damage_healed":0.0,"max_hp_gain":0.0,"max_hp_loss":0.0,"gold_gain":150.0,"event_name":"Liars Game","player_choice":"AGREE","floor":4.0,"gold_loss":0.0,"damage_taken":0.0,"cards_obtained":["Doubt"]},{"damage_healed":0.0,"max_hp_gain":0.0,"max_hp_loss":0.0,"gold_gain":0.0,"event_name":"Shining Light","player_choice":"Entered Light","floor":5.0,"gold_loss":0.0,"damage_taken":20.0,"cards_upgraded":["Defend_G","Survivor"]},{"damage_healed":0.0,"max_hp_gain":0.0,"max_hp_loss":0.0,"gold_gain":0.0,"event_name":"Dead Adventurer","player_choice":"Searched \u00271\u0027 times","floor":13.0,"gold_loss":0.0,"damage_taken":0.0},{"damage_healed":0.0,"max_hp_gain":0.0,"max_hp_loss":0.0,"gold_gain":50.0,"event_name":"Nest","player_choice":"Stole From Cult","floor":19.0,"gold_loss":0.0,"damage_taken":0.0},{"damage_healed":0.0,"max_hp_gain":0.0,"max_hp_loss":0.0,"gold_gain":0.0,"event_name":"Cursed Tome","player_choice":"Obtained Book","floor":20.0,"gold_loss":0.0,"damage_taken":21.0},{"damage_healed":0.0,"max_hp_gain":0.0,"max_hp_loss":0.0,"gold_gain":0.0,"event_name":"MindBloom","player_choice":"Fight","floor":36.0,"gold_loss":0.0,"damage_taken":0.0},{"cards_removed":["Deflect"],"damage_healed":0.0,"max_hp_gain":0.0,"max_hp_loss":0.0,"gold_gain":0.0,"event_name":"Falling","player_choice":"Removed Skill","floor":37.0,"gold_loss":0.0,"damage_taken":0.0},{"damage_healed":0.0,"max_hp_gain":0.0,"max_hp_loss":3.0,"gold_gain":0.0,"event_name":"Winding Halls","player_choice":"Max HP","floor":39.0,"gold_loss":0.0,"damage_taken":0.0},{"damage_healed":0.0,"max_hp_gain":0.0,"max_hp_loss":0.0,"gold_gain":0.0,"event_name":"Tomb of Lord Red Mask","player_choice":"Ignored","floor":41.0,"gold_loss":0.0,"damage_taken":0.0}],"is_beta":false,"boss_relics":[{"not_picked":["WristBlade","HoveringKite"],"picked":"Pandora\u0027s Box"},{"not_picked":["Velvet Choker","Busted Crown"],"picked":"Sozu"}],"items_purged_floors":[6],"is_endless":false,"potions_floor_spawned":[8,11,13,14,16,22,31,33,35,38,40,42],"killed_by":"The Heart","ascension_level":20}}