{"host":"1qhzi8r9ejho5yph","time":1612983244,"event":{"mods":["AchievementEnabler","BaseMod","Colored Map","Colored Powertips","Highlight Path","Minty Spire (QoL Compilation)","Permanent Neow","Quick Restart","Random Character Button","StSLib","SuperFastMode","Synergy Search"],"gold_per_floor":[115,2,20,39,52,52,79,179,179,206,219,219,59,121,121,219,219,229,144,144,156,182,217,229,241,241],"floor_reached":25,"language":"ENG","playtime":612,"items_purged":["Defend_R"],"score":229,"play_id":"f7c90844-039f-450c-9c4f-57e6e154cfc6","local_time":"20210211025404","is_ascension_mode":false,"campfire_choices":[{"data":"True Grit","floor":6,"key":"SMITH"},{"data":"Perfected Strike","floor":12,"key":"SMITH"},{"data":"Double Tap","floor":15,"key":"SMITH"},{"floor":24,"key":"REST"}],"circlet_count":0,"master_deck":["Strike_R","Strike_R","Strike_R","Strike_R","Strike_R","Defend_R","Defend_R","Defend_R","Bash","Pummel","Perfected Strike+1","Deep Breath","Thunderclap","Shrug It Off","True Grit+1","Perfected Strike","Double Tap+1","Blind","Pummel","Impervious","Writhe","Dual Wield+1","Battle Trance+1","Twin Strike"],"relics":["Burning Blood","Lantern","Pantograph","Meat on the Bone","Mercury Hourglass","Mummified Hand","SacredBark","The Courier","Matryoshka","Red Mask","MawBank"],"acts_visited":["Exordium","TheCity"],"potions_floor_usage":[10,16,23,23],"damage_taken":[{"damage":0,"enemies":"2 Louse","floor":1,"turns":3},{"damage":0,"enemies":"Cultist","floor":3,"turns":2},{"damage":7,"enemies":"Small Slimes","floor":4,"turns":2},{"damage":10,"enemies":"Looter","floor":5,"turns":2},{"damage":32,"enemies":"Lagavulin","floor":7,"turns":7},{"damage":16,"enemies":"Gremlin Nob","floor":10,"turns":3},{"damage":5,"enemies":"Large Slime","floor":11,"turns":4},{"damage":6,"enemies":"Gremlin Nob","floor":14,"turns":3},{"damage":39,"enemies":"Hexaghost","floor":16,"turns":7},{"damage":13,"enemies":"Shell Parasite","floor":18,"turns":6},{"damage":17,"enemies":"3 Byrds","floor":21,"turns":5},{"damage":41,"enemies":"Masked Bandits","floor":22,"turns":6},{"damage":24,"enemies":"Gremlin Leader","floor":23,"turns":5},{"damage":57,"enemies":"Book of Stabbing","floor":25,"turns":5}],"seed_played":"-3523177181832597752","potions_obtained":[{"floor":1,"key":"Swift Potion"},{"floor":3,"key":"EssenceOfSteel"},{"floor":7,"key":"Energy Potion"},{"floor":11,"key":"LiquidBronze"},{"floor":14,"key":"EssenceOfSteel"},{"floor":22,"key":"ColorlessPotion"}],"is_trial":false,"path_per_floor":["M","$","M","M","M","R","E","?","T","E","M","R","$","?","R","B",null,"M","?","?","M","?","E","R","E"],"character_chosen":"IRONCLAD","items_purchased":["Perfected Strike","Deep Breath","Blind"],"campfire_rested":1,"item_purchase_floors":[2,2,13],"current_hp_per_floor":[80,80,80,79,75,75,49,49,49,51,52,52,52,52,52,56,80,73,73,73,62,39,33,57,0,0],"gold":241,"neow_bonus":"RANDOM_COMMON_RELIC","is_daily":false,"chose_seed":false,"campfire_upgraded":3,"win_rate":0.0,"timestamp":1612983244,"path_taken":["M","$","M","M","M","R","E","?","T","E","?","R","$","?","R","BOSS","M","?","?","M","?","E","R","E"],"items_purchased_type":["Card","Card","Card"],"build_version":"2020-12-22","purchased_purges":1,"victory":false,"max_hp_per_floor":[80,80,80,80,80,80,80,80,80,80,80,80,80,80,80,80,80,80,80,80,80,80,80,80,80,80],"card_choices":[{"not_picked":["Dark Embrace","Spot Weakness"],"picked":"Pummel","floor":1},{"not_picked":["Bloodletting","Heavy Blade"],"picked":"Thunderclap","floor":3},{"not_picked":["Thunderclap","Sword Boomerang"],"picked":"Shrug It Off","floor":4},{"not_picked":["Flex","Burning Pact"],"picked":"True Grit","floor":5},{"not_picked":["Sever Soul","Havoc"],"picked":"Perfected Strike","floor":7},{"not_picked":["Havoc","Berserk"],"picked":"Double Tap","floor":10},{"not_picked":["Wild Strike","Sword Boomerang","Reckless Charge"],"picked":"SKIP","floor":11},{"not_picked":["Clothesline","Wild Strike"],"picked":"Pummel","floor":14},{"not_picked":["Corruption","Limit Break"],"picked":"Impervious","floor":16},{"not_picked":["True Grit","Havoc+1","Warcry"],"picked":"SKIP","floor":18},{"not_picked":["Warcry+1","Flame Barrier"],"picked":"Dual Wield+1","floor":21},{"not_picked":["Rage+1","Armaments"],"picked":"Battle Trance+1","floor":22},{"not_picked":["Sentinel","Fire Breathing"],"picked":"Twin Strike","floor":23}],"player_experience":377021,"relics_obtained":[{"floor":7,"key":"Pantograph"},{"floor":9,"key":"Meat on the Bone"},{"floor":10,"key":"Mercury Hourglass"},{"floor":22,"key":"Red Mask"},{"floor":23,"key":"MawBank"}],"event_choices":[{"damage_healed":0,"gold_gain":100,"player_choice":"Pray","damage_taken":0,"max_hp_gain":0,"max_hp_loss":0,"event_name":"Golden Shrine","floor":8,"gold_loss":0},{"damage_healed":0,"gold_gain":30,"player_choice":"Searched \u00273\u0027 times","damage_taken":0,"relics_obtained":["Mummified Hand"],"max_hp_gain":0,"max_hp_loss":0,"event_name":"Dead Adventurer","floor":14,"gold_loss":0},{"damage_healed":0,"gold_gain":0,"player_choice":"Obtained Relic","damage_taken":0,"relics_obtained":["The Courier"],"max_hp_gain":0,"max_hp_loss":0,"event_name":"Addict","floor":19,"gold_loss":85},{"damage_healed":0,"gold_gain":0,"player_choice":"Opened","damage_taken":0,"relics_obtained":["Matryoshka"],"max_hp_gain":0,"max_hp_loss":0,"event_name":"The Mausoleum","floor":20,"gold_loss":0,"cards_obtained":["Writhe"]},{"damage_healed":0,"gold_gain":0,"player_choice":"Fought Bandits","damage_taken":0,"max_hp_gain":0,"max_hp_loss":0,"event_name":"Masked Bandits","floor":22,"gold_loss":0}],"is_beta":false,"boss_relics":[{"not_picked":["Busted Crown","Pandora\u0027s Box"],"picked":"SacredBark"}],"items_purged_floors":[13],"is_endless":false,"potions_floor_spawned":[1,3,7,11,14,22],"killed_by":"Book of Stabbing","ascension_level":0}}