{"host":"prxrhpgaxnj4om9r","time":1612934345,"event":{"mods":["AchievementEnabler","BaseMod","DeckTracker","Keyboard Shortcuts","Minty Spire (QoL Compilation)"],"gold_per_floor":[111,123,123,137,137,176,176,209,232,255,276,289,289,269,269,269,269],"floor_reached":16,"language":"KOR","playtime":618,"items_purged":[],"score":112,"play_id":"00b96dad-a50b-4c9c-b67c-becd041443eb","local_time":"20210210141905","is_ascension_mode":false,"campfire_choices":[{"floor":7,"key":"REST"},{"floor":15,"key":"RECALL"}],"circlet_count":0,"master_deck":["Strike_R","Strike_R","Strike_R","Strike_R","Defend_R","Defend_R","Defend_R","Defend_R","Bash","Cleave","Iron Wave","Flex","Shrug It Off","Clash","Wild Strike","Seeing Red","Ghostly Armor"],"relics":["Burning Blood","MealTicket","Golden Idol","Toy Ornithopter","Juzu Bracelet","Vajra","Mercury Hourglass"],"acts_visited":["Exordium"],"potions_floor_usage":[6,8,11,16,16],"damage_taken":[{"damage":6,"enemies":"Cultist","floor":1,"turns":3},{"damage":0,"enemies":"2 Louse","floor":2,"turns":3},{"damage":11,"enemies":"Jaw Worm","floor":4,"turns":3},{"damage":39,"enemies":"Lagavulin","floor":6,"turns":7},{"damage":15,"enemies":"Gremlin Nob","floor":8,"turns":4},{"damage":7,"enemies":"Blue Slaver","floor":10,"turns":2},{"damage":4,"enemies":"Red Slaver","floor":11,"turns":4},{"damage":4,"enemies":"Gremlin Gang","floor":12,"turns":3},{"damage":79,"enemies":"Hexaghost","floor":16,"turns":9}],"seed_played":"-8795687631508210639","potions_obtained":[{"floor":2,"key":"EssenceOfSteel"},{"floor":4,"key":"Weak Potion"},{"floor":6,"key":"DuplicationPotion"},{"floor":11,"key":"BloodPotion"},{"floor":14,"key":"ColorlessPotion"}],"is_trial":false,"path_per_floor":["M","M","?","M","?","E","R","E","T","M","M","M","T","?","R","B"],"character_chosen":"IRONCLAD","items_purchased":[],"campfire_rested":1,"item_purchase_floors":[],"current_hp_per_floor":[80,80,80,75,55,22,46,42,42,41,48,50,50,50,50,0,0],"gold":269,"neow_bonus":"RANDOM_COMMON_RELIC","is_daily":false,"chose_seed":false,"campfire_upgraded":0,"win_rate":0.0,"timestamp":1612934345,"path_taken":["M","?","?","M","?","E","R","E","T","M","M","M","?","?","R","BOSS"],"items_purchased_type":[],"build_version":"2020-12-22","purchased_purges":0,"victory":false,"max_hp_per_floor":[80,80,80,80,80,80,80,80,80,80,80,80,80,80,80,80,80],"card_choices":[{"not_picked":["Havoc","Warcry"],"picked":"Cleave","floor":1},{"not_picked":["Clash","Havoc"],"picked":"Iron Wave","floor":2},{"not_picked":["Rupture","Rage"],"picked":"Shrug It Off","floor":4},{"not_picked":["Iron Wave","Brutality","Rupture"],"picked":"SKIP","floor":6},{"not_picked":["Cleave","Flex"],"picked":"Clash","floor":8},{"not_picked":["Pommel Strike","Battle Trance"],"picked":"Wild Strike","floor":10},{"not_picked":["Warcry","True Grit"],"picked":"Seeing Red","floor":11},{"not_picked":["Sword Boomerang","Thunderclap"],"picked":"Ghostly Armor","floor":12}],"player_experience":355477,"relics_obtained":[{"floor":6,"key":"Toy Ornithopter"},{"floor":8,"key":"Juzu Bracelet"},{"floor":9,"key":"Vajra"},{"floor":13,"key":"Mercury Hourglass"}],"event_choices":[{"damage_healed":0,"gold_gain":0,"cards_transformed":["Strike_R"],"player_choice":"Change","damage_taken":0,"max_hp_gain":0,"max_hp_loss":0,"event_name":"Living Wall","floor":3,"gold_loss":0,"cards_obtained":["Flex"]},{"damage_healed":0,"gold_gain":0,"player_choice":"Take Damage","damage_taken":20,"relics_obtained":["Golden Idol"],"max_hp_gain":0,"max_hp_loss":0,"event_name":"Golden Idol","floor":5,"gold_loss":0},{"damage_healed":0,"gold_gain":0,"player_choice":"Bought 1 Potion","damage_taken":0,"max_hp_gain":0,"max_hp_loss":0,"event_name":"The Woman in Blue","floor":14,"gold_loss":0}],"is_beta":false,"boss_relics":[],"items_purged_floors":[],"is_endless":false,"potions_floor_spawned":[2,4,6,11],"killed_by":"Hexaghost","ascension_level":0}}