{"host":"m9osufisr3agwk96","time":1612994996,"event":{"mods":["AchievementEnabler","Aspiration","BaseMod","Colored Map","Colored Powertips","Downfall","Friendly Minions","Hermit","Highlight Path","Hubris","Minty Spire (QoL Compilation)","Rare Cards Sparkle","Reliquary","Replay The Spire","Shop Mod","StSLib"],"gold_per_floor":[112,112,123,298,298,298,298,308,308,327,339,356,415,426,426,524,524,544,544,544,554,554,554],"floor_reached":22,"language":"ENG","playtime":1525,"items_purged":[],"score":178,"play_id":"09a0f040-ef8d-4da1-9b35-662863439377","local_time":"20210210140956","is_ascension_mode":false,"campfire_choices":[{"floor":6,"key":"REST"},{"floor":15,"key":"REST"}],"circlet_count":0,"master_deck":["hermit:Strike_Hermit+1","hermit:Strike_Hermit","hermit:Strike_Hermit","hermit:Strike_Hermit","hermit:Defend_Hermit","hermit:Defend_Hermit","hermit:Defend_Hermit+1","hermit:Defend_Hermit","hermit:Snapshot","hermit:Covet","hermit:Headshot","hermit:Vantage","Doubt","hermit:LowProfile","hermit:CalledShot+1","hermit:Coalescence","hermit:GhostlyPresence","hermit:Feint","hermit:Quickdraw+1","hermit:Magnum+1","hermit:Coalescence+1","hermit:Ricochet+1"],"relics":["hermit:Momento","Molten Egg 2","Letter Opener","hubris:Icosahedron"],"acts_visited":["Exordium","TheCity"],"potions_floor_usage":[13,16,16,21],"damage_taken":[{"damage":0,"enemies":"2 Louse","floor":1,"turns":2},{"damage":0,"enemies":"Jaw Worm","floor":3,"turns":3},{"damage":0,"enemies":"Small Slimes","floor":8,"turns":4},{"damage":5,"enemies":"Looter","floor":10,"turns":3},{"damage":7,"enemies":"Blue Slaver","floor":11,"turns":4},{"damage":1,"enemies":"3 Louse","floor":12,"turns":4},{"damage":29,"enemies":"3 Sentries","floor":13,"turns":12},{"damage":0,"enemies":"Large Slime","floor":14,"turns":6},{"damage":38,"enemies":"Hexaghost","floor":16,"turns":16},{"damage":11,"enemies":"2 Thieves","floor":18,"turns":4},{"damage":41,"enemies":"Chosen","floor":21,"turns":8},{"damage":40,"enemies":"Snecko","floor":22,"turns":4}],"seed_played":"5280764053806338090","potions_obtained":[{"floor":1,"key":"SpeedPotion"},{"floor":11,"key":"hexamod:SoulburnPotion"},{"floor":13,"key":"Adrenaline Potion"},{"floor":18,"key":"ColorlessPotion"}],"is_trial":false,"path_per_floor":["M","?","M","?","?","R","?","M","T","M","M","M","?","M","R","B",null,"M","?","?","M","M"],"character_chosen":"HERMIT","items_purchased":[],"campfire_rested":2,"item_purchase_floors":[],"current_hp_per_floor":[82,66,66,66,71,87,87,87,87,82,75,74,45,45,71,33,87,76,76,76,35,0,0],"gold":554,"neow_bonus":"TEN_PERCENT_HP_BONUS","is_daily":false,"chose_seed":false,"campfire_upgraded":0,"win_rate":0.0,"timestamp":1612994996,"path_taken":["M","?","M","?","?","R","?","M","T","M","M","?","?","M","R","BOSS","M","?","?","M","M"],"items_purchased_type":[],"build_version":"2020-12-22","purchased_purges":0,"victory":false,"max_hp_per_floor":[82,82,82,82,87,87,87,87,87,87,87,87,87,87,87,87,87,87,87,87,87,87,87],"card_choices":[{"not_picked":["hermit:Spite","hermit:Snipe"],"picked":"hermit:Headshot","floor":1},{"not_picked":["hermit:CalledShot","hermit:Snipe"],"picked":"hermit:Vantage","floor":3},{"not_picked":["hermit:DeadMansHand","hermit:NoHoldsBarred"],"picked":"hermit:LowProfile","floor":8},{"not_picked":["hermit:Coalescence","hermit:Combo"],"picked":"hermit:CalledShot+1","floor":10},{"not_picked":["hermit:Misfire+1","hermit:Maintenance"],"picked":"hermit:Coalescence","floor":11},{"not_picked":["hermit:SprayPray+1","hermit:ItchyTrigger+1"],"picked":"hermit:GhostlyPresence","floor":12},{"not_picked":["hermit:SprayPray+1","hermit:DeadOrAlive+1"],"picked":"hermit:Feint","floor":13},{"not_picked":["hermit:Cheat","hermit:SprayPray+1"],"picked":"hermit:Quickdraw+1","floor":14},{"not_picked":["hermit:Dissolve","hermit:FatalDesire"],"picked":"hermit:Magnum+1","floor":16},{"not_picked":["hermit:TrackingShot+1","hermit:Dive"],"picked":"hermit:Coalescence+1","floor":18},{"not_picked":["hermit:WideOpen+1","hermit:Scavenge"],"picked":"hermit:Ricochet+1","floor":21}],"player_experience":449836,"relics_obtained":[{"floor":9,"key":"Molten Egg 2"},{"floor":13,"key":"Letter Opener"}],"event_choices":[{"damage_healed":0,"gold_gain":0,"player_choice":"Entered Light","damage_taken":16,"max_hp_gain":0,"max_hp_loss":0,"event_name":"Shining Light","floor":2,"gold_loss":0,"cards_upgraded":["hermit:Strike_Hermit","hermit:Defend_Hermit"]},{"damage_healed":0,"gold_gain":175,"player_choice":"AGREE","damage_taken":0,"max_hp_gain":0,"max_hp_loss":0,"event_name":"Liars Game","floor":4,"gold_loss":0,"cards_obtained":["Doubt"]},{"damage_healed":0,"gold_gain":0,"player_choice":"Donut","damage_taken":0,"max_hp_gain":5,"max_hp_loss":0,"event_name":"Big Fish","floor":5,"gold_loss":0},{"damage_healed":0,"gold_gain":0,"player_choice":"Ignored","damage_taken":0,"max_hp_gain":0,"max_hp_loss":0,"event_name":"Golden Idol","floor":7,"gold_loss":0},{"damage_healed":0,"gold_gain":0,"player_choice":"Searched \u00271\u0027 times","damage_taken":0,"max_hp_gain":0,"max_hp_loss":0,"event_name":"Dead Adventurer","floor":13,"gold_loss":0}],"is_beta":false,"boss_relics":[{"not_picked":["hubris:TerracottaHorce","hubris:VirtuousBlindfold","aspiration:WatcherSkillbook"]}],"items_purged_floors":[],"is_endless":false,"potions_floor_spawned":[1,11,13,18],"killed_by":"Snecko","ascension_level":0}}