{"host":"jx3f6ezc0g3s9edc","time":1612984081,"event":{"mods":["AchievementEnabler","BaseMod","Bestiary","Colored Map","Highlight Path","Minty Spire (QoL Compilation)","StSLib"],"gold_per_floor":[116,135,135,145,65,65,96,113,113,126,126,126],"floor_reached":11,"language":"ENG","playtime":727,"items_purged":[],"score":75,"play_id":"b4850e3e-f102-438d-84e3-939e8e2d222d","local_time":"20210210140801","is_ascension_mode":false,"campfire_choices":[{"data":"Noxious Fumes","floor":6,"key":"SMITH"}],"circlet_count":0,"master_deck":["Strike_G","Strike_G","Strike_G","Strike_G","Defend_G","Defend_G","Defend_G","Defend_G","Defend_G","Survivor","Neutralize","Noxious Fumes","Poisoned Stab","Phantasmal Killer","Well Laid Plans","Noxious Fumes+1","Bane","PiercingWail","Predator"],"relics":["Ring of the Snake","Bronze Scales","Bag of Marbles","Matryoshka"],"acts_visited":["Exordium"],"potions_floor_usage":[7],"damage_taken":[{"damage":0,"enemies":"Small Slimes","floor":1,"turns":5},{"damage":1,"enemies":"Cultist","floor":2,"turns":4},{"damage":0,"enemies":"2 Louse","floor":4,"turns":3},{"damage":43,"enemies":"Gremlin Nob","floor":7,"turns":5},{"damage":10,"enemies":"Looter","floor":8,"turns":3},{"damage":0,"enemies":"3 Louse","floor":10,"turns":3},{"damage":18,"enemies":"3 Sentries","floor":11,"turns":4}],"seed_played":"3293365195446533130","potions_obtained":[{"floor":1,"key":"FearPotion"},{"floor":4,"key":"PowerPotion"},{"floor":8,"key":"Weak Potion"}],"is_trial":false,"path_per_floor":["M","M","?","M","$","R","E","M","T","M","E"],"character_chosen":"THE_SILENT","items_purchased":["Noxious Fumes"],"campfire_rested":0,"item_purchase_floors":[5],"current_hp_per_floor":[70,69,69,69,69,69,26,16,16,16,0,0],"gold":126,"neow_bonus":"RANDOM_COMMON_RELIC","is_daily":false,"chose_seed":false,"campfire_upgraded":1,"win_rate":0.0,"timestamp":1612984081,"path_taken":["M","M","?","M","$","R","E","M","T","M","E"],"items_purchased_type":["Card"],"build_version":"2020-12-22","purchased_purges":0,"victory":false,"max_hp_per_floor":[70,70,70,70,70,70,70,70,70,70,70,70],"card_choices":[{"not_picked":["Endless Agony","Heel Hook"],"picked":"Noxious Fumes","floor":1},{"not_picked":["Slice","Dagger Throw"],"picked":"Poisoned Stab","floor":2},{"not_picked":["Eviscerate","Backstab"],"picked":"Well Laid Plans","floor":4},{"not_picked":["Dagger Throw","Slice"],"picked":"Bane","floor":7},{"not_picked":["Infinite Blades","Skewer"],"picked":"PiercingWail","floor":8},{"not_picked":["Dash","Quick Slash"],"picked":"Predator","floor":10}],"player_experience":839875,"relics_obtained":[{"floor":7,"key":"Bag of Marbles"},{"floor":9,"key":"Matryoshka"}],"event_choices":[{"damage_healed":0,"gold_gain":0,"cards_transformed":["Strike_G"],"player_choice":"Transformed","damage_taken":0,"max_hp_gain":0,"max_hp_loss":0,"event_name":"Transmorgrifier","floor":3,"gold_loss":0,"cards_obtained":["Phantasmal Killer"]}],"is_beta":false,"boss_relics":[],"items_purged_floors":[],"is_endless":false,"potions_floor_spawned":[1,4,8],"killed_by":"3 Sentries","ascension_level":0}}