{"host":"hlz9nytggqnehs39","time":1612945082,"event":{"mods":["BaseMod","Highlight Path","Minty Spire (QoL Compilation)","Relic Stats"],"gold_per_floor":[14,31,31,48,48,48,79,104,104,124,124,163,163,186,186,275,275,288,306,256,27,50,50,50,15,42,42,6,6,29,29,29,29,29],"floor_reached":33,"language":"ENG","playtime":1520,"items_purged":[],"score":450,"play_id":"89226da3-04d2-4851-a292-54a99ac47d29","local_time":"20210210091802","is_ascension_mode":true,"campfire_choices":[{"data":"Noxious Fumes","floor":6,"key":"SMITH"},{"floor":11,"key":"REST"},{"data":"Storm of Steel","floor":13,"key":"SMITH"},{"floor":15,"key":"REST"},{"data":"Well Laid Plans","floor":23,"key":"SMITH"},{"floor":27,"key":"REST"},{"floor":32,"key":"REST"}],"circlet_count":0,"master_deck":["AscendersBane","Strike_G","Strike_G","Strike_G","Strike_G","Strike_G","Defend_G","Defend_G","Defend_G","Defend_G","Defend_G","Survivor","Neutralize","Noxious Fumes+1","Infinite Blades","Sucker Punch","Deadly Poison","PiercingWail","Dash","Storm of Steel+1","Deadly Poison","Glass Knife","Well Laid Plans+1","Blade Dance","Calculated Gamble","Leg Sweep+1","Necronomicurse","Concentrate","Clumsy","Catalyst","Deflect"],"relics":["Ring of the Snake","Golden Idol","Bag of Marbles","Bottled Lightning","Tingsha","Cursed Key","OrangePellets","Necronomicon","Juzu Bracelet"],"acts_visited":["Exordium","TheCity"],"potions_floor_usage":[7,10,12,16,31,33],"damage_taken":[{"damage":8,"enemies":"Cultist","floor":1,"turns":7},{"damage":0,"enemies":"2 Louse","floor":2,"turns":4},{"damage":4,"enemies":"Jaw Worm","floor":4,"turns":5},{"damage":22,"enemies":"Lagavulin","floor":7,"turns":9},{"damage":9,"enemies":"Blue Slaver","floor":8,"turns":4},{"damage":0,"enemies":"Exordium Thugs","floor":10,"turns":6},{"damage":12,"enemies":"3 Sentries","floor":12,"turns":7},{"damage":5,"enemies":"3 Louse","floor":14,"turns":2},{"damage":19,"enemies":"Hexaghost","floor":16,"turns":8},{"damage":8,"enemies":"3 Byrds","floor":18,"turns":5},{"damage":8,"enemies":"Chosen","floor":19,"turns":5},{"damage":17,"enemies":"Snecko","floor":22,"turns":4},{"damage":13,"enemies":"Cultist and Chosen","floor":30,"turns":5},{"damage":0,"enemies":"Snake Plant","floor":31,"turns":1},{"damage":53,"enemies":"Automaton","floor":33,"turns":6}],"seed_played":"-3421162689228301503","potions_obtained":[{"floor":1,"key":"LiquidBronze"},{"floor":2,"key":"GamblersBrew"},{"floor":7,"key":"LiquidMemories"},{"floor":12,"key":"Poison Potion"},{"floor":18,"key":"SmokeBomb"},{"floor":22,"key":"CultistPotion"}],"is_trial":false,"path_per_floor":["M","M","$","M","?","R","E","M","T","M","R","E","R","M","R","B",null,"M","M","?","$","M","R","?","$","T","R","$","$","M","M","R","B"],"character_chosen":"THE_SILENT","items_purchased":["Calculated Gamble","OrangePellets","Concentrate","Catalyst"],"campfire_rested":4,"item_purchase_floors":[21,21,25,28],"current_hp_per_floor":[63,63,63,59,32,32,10,1,1,1,24,12,12,7,30,11,61,53,45,45,45,28,28,7,7,7,30,30,30,17,17,40,0,0],"gold":29,"neow_bonus":"TWENTY_PERCENT_HP_BONUS","is_daily":false,"chose_seed":false,"campfire_upgraded":3,"win_rate":0.0,"timestamp":1612945082,"path_taken":["M","M","$","?","?","R","E","M","T","M","R","E","R","M","R","BOSS","M","M","?","?","M","R","?","$","T","R","?","$","M","M","R","BOSS"],"items_purchased_type":["Card","Relic","Card","Card"],"build_version":"2020-12-22","purchased_purges":0,"victory":false,"max_hp_per_floor":[78,78,78,78,78,78,78,78,78,78,78,78,78,78,78,78,78,78,78,78,78,78,78,78,78,78,78,78,78,78,78,78,78,78],"relic_stats":{"OrangePellets":[2],"counters":[15,78],"Golden Idol":68,"Tingsha":[130],"Necronomicon":[3],"Juzu Bracelet":0,"Cursed Key":1,"obtain_stats":[{"OrangePellets":21,"Golden Idol":5,"Tingsha":12,"Bag of Marbles":7,"Necronomicon":24,"Juzu Bracelet":26,"Bottled Lightning":9,"Cursed Key":17,"Ring of the Snake":0},{"OrangePellets":11,"Golden Idol":3,"Tingsha":7,"Bag of Marbles":4,"Necronomicon":12,"Juzu Bracelet":12,"Bottled Lightning":5,"Cursed Key":9,"Ring of the Snake":0},{"OrangePellets":62,"Golden Idol":16,"Tingsha":42,"Bag of Marbles":25,"Necronomicon":66,"Juzu Bracelet":66,"Bottled Lightning":29,"Cursed Key":52,"Ring of the Snake":0}],"Ring of the Snake":[30]},"card_choices":[{"not_picked":["Dagger Throw","PiercingWail"],"picked":"Noxious Fumes","floor":1},{"not_picked":["Deflect","Heel Hook"],"picked":"Infinite Blades","floor":2},{"not_picked":["Prepared","Slice"],"picked":"Sucker Punch","floor":4},{"not_picked":["Concentrate","Grand Finale"],"picked":"Deadly Poison","floor":7},{"not_picked":["Backstab","Quick Slash"],"picked":"PiercingWail","floor":8},{"not_picked":["Outmaneuver","Quick Slash"],"picked":"Dash","floor":10},{"not_picked":["Sucker Punch","Dodge and Roll"],"picked":"Storm of Steel","floor":12},{"not_picked":["Acrobatics","All Out Attack"],"picked":"Deadly Poison","floor":14},{"not_picked":["Bullet Time","Grand Finale"],"picked":"Glass Knife","floor":16},{"not_picked":["Blade Dance+1","Cloak And Dagger"],"picked":"Well Laid Plans","floor":18},{"not_picked":["Infinite Blades","Bane"],"picked":"Blade Dance","floor":19},{"not_picked":["Accuracy","Dodge and Roll"],"picked":"Leg Sweep+1","floor":22},{"not_picked":["Caltrops","Slice"],"picked":"Deflect","floor":30}],"player_experience":428246,"relics_obtained":[{"floor":7,"key":"Bag of Marbles"},{"floor":9,"key":"Bottled Lightning"},{"floor":12,"key":"Tingsha"},{"floor":24,"key":"Necronomicon"},{"floor":26,"key":"Juzu Bracelet"}],"event_choices":[{"damage_healed":0,"gold_gain":0,"player_choice":"Take Damage","damage_taken":27,"relics_obtained":["Golden Idol"],"max_hp_gain":0,"max_hp_loss":0,"event_name":"Golden Idol","floor":5,"gold_loss":0},{"damage_healed":0,"gold_gain":0,"player_choice":"Bet on Murderer","damage_taken":0,"max_hp_gain":0,"max_hp_loss":0,"event_name":"The Joust","floor":20,"gold_loss":50},{"damage_healed":0,"gold_gain":0,"player_choice":"Obtained Book","damage_taken":21,"max_hp_gain":0,"max_hp_loss":0,"event_name":"Cursed Tome","floor":24,"gold_loss":0}],"is_beta":false,"boss_relics":[{"not_picked":["Ring of the Serpent","Astrolabe"],"picked":"Cursed Key"}],"items_purged_floors":[],"is_endless":false,"potions_floor_spawned":[1,2,7,12,18,22],"killed_by":"Automaton","ascension_level":15}}