{"host":"3fd6e6c5cltq175f","time":1612980232,"event":{"mods":["AchievementEnabler","BaseMod","Colored Map","Colored Powertips","DeckTracker","Minty Spire (QoL Compilation)"],"gold_per_floor":[118,118,138,213,227,257,257,257,312,348,366,391,391,415,415,543,543,529,550,573,96,96,96],"floor_reached":22,"language":"ENG","playtime":656,"items_purged":["Injury"],"score":238,"play_id":"6b8cbdcc-238f-4268-926b-85f695278b96","local_time":"20210210190352","is_ascension_mode":true,"campfire_choices":[{"floor":7,"key":"REST"},{"floor":13,"key":"REST"},{"data":"Lockon","floor":15,"key":"SMITH"}],"circlet_count":0,"master_deck":["Strike_B","Strike_B","Strike_B","Defend_B","Defend_B","Defend_B","Defend_B","Zap","Dualcast","Go for the Eyes","Undo","Gash","Lockon+1","Darkness","Echo Form","Gash","Dramatic Entrance"],"relics":["Cracked Core","NeowsBlessing","PreservedInsect","Golden Idol","Bag of Preparation","White Beast Statue","Busted Crown","DataDisk","DollysMirror"],"acts_visited":["Exordium","TheCity"],"potions_floor_usage":[16,16,16,20,22,22],"damage_taken":[{"damage":0,"enemies":"Small Slimes","floor":1,"turns":1},{"damage":0,"enemies":"Jaw Worm","floor":3,"turns":1},{"damage":0,"enemies":"2 Louse","floor":5,"turns":1},{"damage":22,"enemies":"3 Sentries","floor":6,"turns":8},{"damage":30,"enemies":"Lagavulin","floor":10,"turns":5},{"damage":3,"enemies":"Blue Slaver","floor":11,"turns":3},{"damage":15,"enemies":"Lots of Slimes","floor":12,"turns":3},{"damage":0,"enemies":"Looter","floor":14,"turns":4},{"damage":3,"enemies":"Hexaghost","floor":16,"turns":7},{"damage":21,"enemies":"2 Thieves","floor":18,"turns":4},{"damage":28,"enemies":"Spheric Guardian","floor":19,"turns":4},{"damage":16,"enemies":"Shelled Parasite and Fungi","floor":20,"turns":6},{"damage":16,"enemies":"Cultist and Chosen","floor":22,"turns":3}],"seed_played":"-9040810676107453274","potions_obtained":[{"floor":10,"key":"Weak Potion"},{"floor":11,"key":"BlessingOfTheForge"},{"floor":12,"key":"PowerPotion"},{"floor":14,"key":"SneckoOil"},{"floor":16,"key":"PotionOfCapacity"},{"floor":18,"key":"Dexterity Potion"},{"floor":19,"key":"ColorlessPotion"},{"floor":20,"key":"AttackPotion"}],"is_trial":false,"path_per_floor":["M","?","M","?","M","E","R","?","T","E","M","M","R","M","R","B",null,"M","M","M","$","M"],"character_chosen":"DEFECT","items_purchased":["DataDisk","DollysMirror","Dramatic Entrance"],"campfire_rested":2,"item_purchase_floors":[21,21,21],"current_hp_per_floor":[75,68,68,57,57,35,57,57,57,27,24,9,31,31,31,28,75,54,26,10,10,0,0],"gold":96,"neow_bonus":"THREE_ENEMY_KILL","is_daily":false,"chose_seed":false,"campfire_upgraded":1,"win_rate":0.0,"timestamp":1612980232,"path_taken":["M","?","M","?","M","E","R","?","T","E","?","M","R","M","R","BOSS","M","M","M","$","?"],"items_purchased_type":["Relic","Relic","Card"],"build_version":"2020-12-22","purchased_purges":1,"victory":false,"max_hp_per_floor":[75,75,75,75,75,75,75,75,75,75,75,75,75,75,75,75,75,75,75,75,75,75,75],"card_choices":[{"not_picked":["Hologram","Beam Cell"],"picked":"Go for the Eyes","floor":1},{"not_picked":["Reprogram","Rebound"],"picked":"Undo","floor":3},{"not_picked":["Barrage","Skim"],"picked":"Gash","floor":5},{"not_picked":["Stack","Multi-Cast"],"picked":"Lockon","floor":6},{"not_picked":["Barrage","Reprogram","Static Discharge"],"picked":"SKIP","floor":10},{"not_picked":["Streamline","Steam","Rebound"],"picked":"SKIP","floor":11},{"not_picked":["Compile Driver","Stack","Force Field"],"picked":"SKIP","floor":12},{"not_picked":["Static Discharge","Leap"],"picked":"Darkness","floor":14},{"not_picked":["Meteor Strike","Rainbow"],"picked":"Echo Form","floor":16},{"not_picked":["Streamline"],"picked":"SKIP","floor":18},{"not_picked":["Scrape"],"picked":"SKIP","floor":19},{"not_picked":["Compile Driver"],"picked":"SKIP","floor":20}],"player_experience":188486,"relics_obtained":[{"floor":6,"key":"PreservedInsect"},{"floor":9,"key":"Bag of Preparation"},{"floor":10,"key":"White Beast Statue"}],"event_choices":[{"cards_removed":["Strike_B"],"damage_healed":0,"gold_gain":0,"player_choice":"Card Removal","damage_taken":7,"max_hp_gain":0,"max_hp_loss":0,"event_name":"Golden Wing","floor":2,"gold_loss":0},{"damage_healed":0,"gold_gain":75,"player_choice":"Gather Gold","damage_taken":11,"max_hp_gain":0,"max_hp_loss":0,"event_name":"World of Goop","floor":4,"gold_loss":0},{"damage_healed":0,"gold_gain":0,"player_choice":"Take Wound","damage_taken":0,"relics_obtained":["Golden Idol"],"max_hp_gain":0,"max_hp_loss":0,"event_name":"Golden Idol","floor":8,"gold_loss":0,"cards_obtained":["Injury"]}],"is_beta":false,"boss_relics":[{"not_picked":["Empty Cage","Pandora\u0027s Box"],"picked":"Busted Crown"}],"items_purged_floors":[21],"is_endless":false,"potions_floor_spawned":[10,11,12,14,16,18,19,20],"killed_by":"Cultist and Chosen","ascension_level":4}}