{"host":"rihxvzvzrfpivboj","time":1612984721,"event":{"mods":["Act Like it!","BaseMod","Better Third Choice","Block Reminder","Colored Map","Colored Powertips","Downfall","Gensokyo","GifTheSpireLib","Googly Eyes","Keyboard Shortcuts","Minty Spire (QoL Compilation)","Quick Restart","Relic Sorter","StSLib","SuperFastMode","Unceasing Turn Reminder","Waifu the Spire"],"gold_per_floor":[111,126,137,157,177,207,207,225,225,240,274,274,302,322,322,426,426,443,443,443,443,79,79,108,108,108,108,123,133,133,161,161,260,260,270,290,109,109,122,122,157,157,184,184,198,232,243,276,276,276,276,276,25,51,51],"floor_reached":56,"language":"ENG","playtime":3545,"items_purged":["Regret","Regret"],"score":1495,"play_id":"95aa4416-6b5f-4a97-a4f4-cb129d73f5c3","local_time":"20210210201841","is_ascension_mode":true,"campfire_choices":[{"data":"bronze:Goto","floor":15.0,"key":"SMITH"},{"data":"1","floor":23.0,"key":"LIFT"},{"data":"2","floor":25.0,"key":"LIFT"},{"data":"3","floor":27.0,"key":"LIFT"},{"data":"bronze:HardenedForm","floor":30.0,"key":"SMITH"},{"floor":32.0,"key":"REST"},{"floor":40,"key":"RECALL"},{"floor":42,"key":"REST"},{"data":"Gensokyo:MenInBlack","floor":49,"key":"SMITH"},{"data":"bronze:SpaghettiCode","floor":52,"key":"SMITH"}],"circlet_count":0,"master_deck":["bronze:Replicate","bronze:Goto+1","bronze:BronzeOrb","bronze:ChosenStrike","bronze:InfiniteBeams","bronze:CutThrough","Injury","bronze:Branch","bronze:HyperBeam","bronze:HardenedForm+1","bronze:Terminator+1","Necronomicurse","bronze:SpaghettiCode+1","bronze:RecursiveStrike","bronze:Overload","bronze:BronzeArmor","bronze:HyperBeam","bronze:BuggyMess","bronze:Mutator","bronze:CutThrough","bronze:ShipIt","bronze:ShipIt","bronze:Flail+1","Gensokyo:MenInBlack+1","bronze:Frontload+1","Pain"],"relics":["Cursed Key","Mercury Hourglass","Gensokyo:YoukaiFlower","Ginger","Orichalcum","Letter Opener","Gambling Chip","SacredBark","Necronomicon","Girya","Blood Vial","Centennial Puzzle","bronze:SilverBullet","Pandora\u0027s Box","PreservedInsect","Frozen Egg 2","InkBottle","Nunchaku","Bronze Scales"],"acts_visited":["Exordium","TheCity","TheCity","TheEnding"],"potions_floor_usage":[47,55],"damage_taken":[{"damage":2.0,"enemies":"Gensokyo:2_Kodama","floor":1.0,"turns":3.0},{"damage":7.0,"enemies":"Gensokyo:Python","floor":2.0,"turns":4.0},{"damage":0.0,"enemies":"Gensokyo:3_Fairies","floor":3.0,"turns":3.0},{"damage":0.0,"enemies":"Gensokyo:VengefulSpirit","floor":4.0,"turns":3.0},{"damage":1.0,"enemies":"Gensokyo:2_Rabbits","floor":5.0,"turns":3.0},{"damage":12.0,"enemies":"Gensokyo:Cirno","floor":6.0,"turns":6.0},{"damage":0.0,"enemies":"Gensokyo:LivingMonolith","floor":8.0,"turns":2.0},{"damage":2.0,"enemies":"Gensokyo:Kitsune","floor":10.0,"turns":2.0},{"damage":11.0,"enemies":"Gensokyo:Mamizou","floor":11.0,"turns":6.0},{"damage":1.0,"enemies":"Gensokyo:Aya","floor":13.0,"turns":3.0},{"damage":0.0,"enemies":"Gensokyo:CorruptedTreant","floor":14.0,"turns":1.0},{"damage":16.0,"enemies":"Gensokyo:Reimu","floor":16.0,"turns":6.0},{"damage":4.0,"enemies":"Chosen","floor":18.0,"turns":4.0},{"damage":1.0,"enemies":"Slavers","floor":24.0,"turns":3.0},{"damage":0.0,"enemies":"3 Byrds","floor":28.0,"turns":3.0},{"damage":7.0,"enemies":"Centurion and Healer","floor":29.0,"turns":3.0},{"damage":20.0,"enemies":"Book of Stabbing","floor":31.0,"turns":4.0},{"damage":4.0,"enemies":"Champ","floor":33.0,"turns":6.0},{"damage":0,"enemies":"Gensokyo:3_Boulders","floor":35,"turns":2},{"damage":2,"enemies":"Gensokyo:AncientGuardian","floor":36,"turns":2},{"damage":24,"enemies":"Gensokyo:Sharpion","floor":39,"turns":4},{"damage":21,"enemies":"Gensokyo:Kasen","floor":41,"turns":3},{"damage":0,"enemies":"Gensokyo:4_Bats","floor":45,"turns":2},{"damage":0,"enemies":"Gensokyo:Marisa","floor":46,"turns":2},{"damage":0,"enemies":"Gensokyo:3_Boulders","floor":47,"turns":2},{"damage":1,"enemies":"Gensokyo:Kasen","floor":48,"turns":4},{"damage":33,"enemies":"Gensokyo:Shinki","floor":50,"turns":6},{"damage":6,"enemies":"Shield and Spear","floor":54,"turns":3},{"damage":64,"enemies":"The Heart","floor":55,"turns":6}],"seed_played":"268772903356232472","potions_obtained":[{"floor":1.0,"key":"bronze:CleanCodePotion"},{"floor":3.0,"key":"bronze:BurnAndBuffPotion"},{"floor":6.0,"key":"Strength Potion"},{"floor":16.0,"key":"Swift Potion"},{"floor":28.0,"key":"Slimebound:ThreeZeroPotion"},{"floor":36,"key":"BlessingOfTheForge"},{"floor":45,"key":"FairyPotion"},{"floor":47,"key":"Fruit Juice"}],"is_trial":false,"path_per_floor":["M","M","M","M","M","E","?","M","T","M","E","?","E","M","R","B",null,"M","?","?","?","$","R","E","R","T","R","M","M","R","E","R","B",null,"M","M","COS","?","M","R","E","R","T","?","M","E","M","E","R","B",null,"R","$","E","B",null],"character_chosen":"THE_AUTOMATON","items_purchased":["Girya","Nunchaku"],"campfire_rested":2,"item_purchase_floors":[22,53],"current_hp_per_floor":[68,61,61,61,60,48,48,48,48,46,35,35,34,34,34,18,70,66,53,37,37,37,37,36,36,36,36,38,33,33,15,37,35,75,75,73,73,73,51,51,32,54,54,43,45,47,59,60,60,33,85,85,85,79,21],"gold":51,"neow_bonus":"BOSS_RELIC","is_daily":false,"chose_seed":false,"campfire_upgraded":4,"win_rate":0.0,"timestamp":1612984721,"path_taken":["M","M","M","M","M","E","?","M","T","M","E","?","E","?","R","BOSS","M","?","?","?","$","R","E","R","T","R","M","?","R","E","R","BOSS","M","M","COS","?","M","R","E","R","T","?","?","E","M","E","R","BOSS","R","$","E","BOSS"],"items_purchased_type":["Relic","Relic"],"build_version":"2020-12-22","purchased_purges":2,"victory":true,"max_hp_per_floor":[70,70,70,70,70,70,70,70,70,70,70,70,70,70,70,70,70,70,75,75,75,75,75,75,75,75,75,75,75,75,75,75,75,75,75,75,75,75,75,75,75,75,75,75,75,75,85,85,85,85,85,85,85,85,85],"card_choices":[{"not_picked":["bronze:Constructor","bronze:Optimize"],"picked":"bronze:BronzeOrb","floor":1.0},{"not_picked":["bronze:BronzeArmor","bronze:Invalidate"],"picked":"bronze:ChosenStrike","floor":2.0},{"not_picked":["bronze:Deprecate","bronze:BuggyMess"],"picked":"bronze:Overheat","floor":3.0},{"not_picked":["bronze:Invalidate","bronze:ChildClass","bronze:Deprecate"],"picked":"SKIP","floor":4.0},{"not_picked":["bronze:Turbo","bronze:Constructor"],"picked":"bronze:InfiniteBeams","floor":5.0},{"not_picked":["bronze:BuggyMess","bronze:Allocate","bronze:Return"],"picked":"SKIP","floor":6.0},{"not_picked":["bronze:Invalidate","bronze:ChildClass","bronze:Backtrace"],"picked":"SKIP","floor":8.0},{"not_picked":["bronze:ChildClass","bronze:BuggyMess","bronze:Deprecate"],"picked":"SKIP","floor":10.0},{"not_picked":["bronze:OilSpill","bronze:Turbo"],"picked":"bronze:CutThrough","floor":11.0},{"not_picked":["bronze:Iterate","bronze:Separator"],"picked":"bronze:Branch","floor":13.0},{"not_picked":["bronze:BugBarrage","bronze:BuggyMess"],"picked":"bronze:HyperBeam","floor":14.0},{"not_picked":["bronze:Format","bronze:CleanCode"],"picked":"bronze:HardenedForm","floor":16.0},{"not_picked":["bronze:Shield","bronze:ChildClass+1"],"picked":"bronze:Terminator+1","floor":18.0},{"not_picked":["bronze:Shield","bronze:InfiniteBeams","bronze:DelayedSlice"],"picked":"SKIP","floor":24.0},{"not_picked":["bronze:DelayedGuard","bronze:DigitalCarnage","bronze:Overheat"],"picked":"SKIP","floor":28.0},{"not_picked":["bronze:Separator","bronze:BitShift","bronze:Shield"],"picked":"SKIP","floor":29.0},{"not_picked":["bronze:DigitalCarnage","bronze:Optimize","bronze:Constructor"],"picked":"SKIP","floor":31.0},{"not_picked":["bronze:FindAndReplace","bronze:SpaghettiCode"],"picked":"bronze:RecursiveStrike","floor":33.0},{"not_picked":["bronze:ChosenStrike+1","bronze:Overheat+1"],"picked":"bronze:Flail+1","floor":35},{"not_picked":["bronze:BronzeOrb","bronze:Constructor+1","bronze:Shield+1"],"picked":"SKIP","floor":36},{"not_picked":["bronze:Overheat","bronze:Flail"],"picked":"bronze:Frontload+1","floor":39},{"not_picked":["bronze:Boost+1","bronze:FineTuning+1","bronze:Repair+1"],"picked":"SKIP","floor":41},{"not_picked":["bronze:Iterate","bronze:Frontload","bronze:Constructor"],"picked":"SKIP","floor":45},{"not_picked":["bronze:DelayedSlice","bronze:FineTuning+1","bronze:ThunderWave"],"picked":"SKIP","floor":46},{"not_picked":["bronze:ClassDefault+1","bronze:Refactor","bronze:MaxOutput+1"],"picked":"SKIP","floor":47},{"not_picked":["bronze:Invalidate+1","bronze:InfiniteBeams+1","bronze:FineTuning"],"picked":"SKIP","floor":48},{"not_picked":["bronze:Flail+1","bronze:Backtrace","bronze:Overheat"],"picked":"SKIP","floor":54}],"player_experience":1143607,"relics_obtained":[{"floor":6.0,"key":"Mercury Hourglass"},{"floor":9.0,"key":"Ginger"},{"floor":11.0,"key":"Orichalcum"},{"floor":13.0,"key":"Gambling Chip"},{"floor":20.0,"key":"Necronomicon"},{"floor":24.0,"key":"Blood Vial"},{"floor":26.0,"key":"Centennial Puzzle"},{"floor":31.0,"key":"bronze:SilverBullet"},{"floor":41,"key":"PreservedInsect"},{"floor":46,"key":"Frozen Egg 2"},{"floor":48,"key":"InkBottle"},{"floor":54,"key":"Bronze Scales"}],"event_choices":[{"damage_healed":0.0,"max_hp_gain":5.0,"max_hp_loss":0.0,"gold_gain":0.0,"event_name":"Forgotten Altar","player_choice":"Shed Blood","floor":19.0,"gold_loss":0.0,"damage_taken":18.0},{"damage_healed":0.0,"max_hp_gain":0.0,"max_hp_loss":0.0,"gold_gain":0.0,"event_name":"Cursed Tome","player_choice":"Obtained Book","floor":20.0,"gold_loss":0.0,"damage_taken":16.0},{"damage_healed":0.0,"max_hp_gain":0.0,"max_hp_loss":0.0,"gold_gain":0.0,"event_name":"Match and Keep!","player_choice":"1 cards matched","floor":21.0,"gold_loss":0.0,"damage_taken":0.0,"cards_obtained":["bronze:SpaghettiCode"]}],"is_beta":false,"boss_relics":[{"not_picked":["Runic Pyramid","SlaversCollar"],"picked":"SacredBark"},{"not_picked":["Sozu","Busted Crown"],"picked":"Pandora\u0027s Box"}],"items_purged_floors":[22,53],"is_endless":false,"potions_floor_spawned":[1,3,6,10,16,18,28,36,45,47],"ascension_level":2}}