{"host":"d52brwsy6af8zvaq","time":1612931302,"event":{"mods":["AchievementEnabler","BaseMod","Bestiary","Highlight Path","Minty Spire (QoL Compilation)","Quick Restart","Relic Stats","ojb\u0027s Better Paths Mod"],"gold_per_floor":[121,150,180,210,271,318,330,375,387,419,431,473,505,529,541,630,642,631,654,681,693,693],"floor_reached":21,"language":"ENG","playtime":2684,"items_purged":[],"score":410,"play_id":"a8169086-a431-4384-9473-52c94a3e8975","local_time":"20210209212822","is_ascension_mode":true,"campfire_choices":[{"floor":7.0,"key":"REST"},{"data":"Darkness","floor":11.0,"key":"SMITH"},{"floor":15.0,"key":"REST"}],"circlet_count":0,"master_deck":["AscendersBane","Strike_B","Strike_B","Strike_B","Strike_B","Defend_B","Defend_B","Defend_B","Defend_B","Zap","Dualcast","Ball Lightning","Consume","Darkness+1","Sweeping Beam","Conserve Battery","Streamline","Stack","Chill","Darkness","Reboot","Go for the Eyes+1","Turbo+1"],"relics":["Cracked Core","MawBank","Bag of Marbles","Boot","Regal Pillow","Symbiotic Virus","Anchor","Nuclear Battery"],"acts_visited":["Exordium","TheCity"],"potions_floor_usage":[],"damage_taken":[{"damage":0.0,"enemies":"Cultist","floor":1.0,"turns":3.0},{"damage":3.0,"enemies":"Small Slimes","floor":2.0,"turns":2.0},{"damage":0.0,"enemies":"2 Louse","floor":3.0,"turns":2.0},{"damage":6.0,"enemies":"2 Fungi Beasts","floor":4.0,"turns":3.0},{"damage":40.0,"enemies":"3 Sentries","floor":6.0,"turns":6.0},{"damage":8.0,"enemies":"Lagavulin","floor":8.0,"turns":5.0},{"damage":0.0,"enemies":"Exordium Wildlife","floor":10.0,"turns":2.0},{"damage":8.0,"enemies":"Gremlin Nob","floor":12.0,"turns":3.0},{"damage":0.0,"enemies":"Large Slime","floor":13.0,"turns":4.0},{"damage":0.0,"enemies":"3 Louse","floor":14.0,"turns":3.0},{"damage":8.0,"enemies":"Slime Boss","floor":16.0,"turns":6.0},{"damage":12,"enemies":"2 Thieves","floor":18,"turns":4},{"damage":2,"enemies":"3 Byrds","floor":19,"turns":4},{"damage":39,"enemies":"3 Cultists","floor":20,"turns":5},{"damage":21,"enemies":"Snecko","floor":21,"turns":3}],"seed_played":"456911090415391518","potions_obtained":[{"floor":2.0,"key":"AttackPotion"},{"floor":3.0,"key":"Weak Potion"},{"floor":10.0,"key":"BlessingOfTheForge"}],"is_trial":false,"path_per_floor":["M","M","M","M","T","E","R","E","T","M","R","E","M","M","R","B",null,"M","M","M","M"],"character_chosen":"DEFECT","items_purchased":[],"campfire_rested":2,"item_purchase_floors":[],"current_hp_per_floor":[64,61,61,55,55,15,36,28,28,28,28,20,20,20,56,48,65,53,51,12,0,0],"gold":693,"neow_bonus":"RANDOM_COMMON_RELIC","is_daily":false,"chose_seed":false,"campfire_upgraded":1,"win_rate":0.0,"timestamp":1612931302,"path_taken":["M","M","?","M","?","E","R","E","T","M","R","E","M","?","R","BOSS","M","M","M","M"],"items_purchased_type":[],"build_version":"2020-12-22","purchased_purges":0,"victory":false,"max_hp_per_floor":[71,71,71,71,71,71,71,71,71,71,71,71,71,71,71,71,71,71,71,71,71,71],"relic_stats":{"Regal Pillow":15,"counters":[15,55],"MawBank":252,"Boot":[12],"obtain_stats":[{"Regal Pillow":8,"Anchor":12,"Bag of Marbles":5,"Cracked Core":0,"MawBank":0,"Boot":6,"Symbiotic Virus":9,"Nuclear Battery":17},{"Regal Pillow":6,"Anchor":8,"Bag of Marbles":4,"Cracked Core":0,"MawBank":0,"Boot":5,"Symbiotic Virus":6,"Nuclear Battery":11},{"Regal Pillow":21,"Anchor":26,"Bag of Marbles":10,"Cracked Core":0,"MawBank":0,"Boot":16,"Symbiotic Virus":21,"Nuclear Battery":39}]},"card_choices":[{"not_picked":["Compile Driver","Double Energy"],"picked":"Ball Lightning","floor":1.0},{"not_picked":["Rebound","Loop"],"picked":"Consume","floor":2.0},{"not_picked":["Consume","Hologram"],"picked":"Darkness","floor":3.0},{"not_picked":["Scrape","Genetic Algorithm"],"picked":"Sweeping Beam","floor":4.0},{"not_picked":["Coolheaded","Stack"],"picked":"Conserve Battery","floor":6.0},{"not_picked":["Tempest","Double Energy"],"picked":"Streamline","floor":8.0},{"not_picked":["Double Energy","Cold Snap"],"picked":"Stack","floor":10.0},{"not_picked":["Barrage","Conserve Battery"],"picked":"Chill","floor":12.0},{"not_picked":["Static Discharge","Fusion","Steam"],"picked":"SKIP","floor":13.0},{"not_picked":["Rebound","Gash"],"picked":"Darkness","floor":14.0},{"not_picked":["Meteor Strike","Biased Cognition"],"picked":"Reboot","floor":16.0},{"not_picked":["Genetic Algorithm","Conserve Battery"],"picked":"Go for the Eyes+1","floor":18},{"not_picked":["Beam Cell","Storm"],"picked":"Turbo+1","floor":19},{"not_picked":["Turbo","Rebound","Conserve Battery"],"picked":"SKIP","floor":20}],"player_experience":2207726,"relics_obtained":[{"floor":5.0,"key":"Bag of Marbles"},{"floor":6.0,"key":"Boot"},{"floor":8.0,"key":"Regal Pillow"},{"floor":9.0,"key":"Symbiotic Virus"},{"floor":12.0,"key":"Anchor"}],"event_choices":[],"is_beta":false,"boss_relics":[{"not_picked":["Ectoplasm","Runic Dome"],"picked":"Nuclear Battery"}],"items_purged_floors":[],"is_endless":false,"potions_floor_spawned":[2,3,10,13,14,18,19],"killed_by":"Snecko","ascension_level":20}}