{"host":"jhy70w0yh8dayqay","time":1612966468,"event":{"mods":["AchievementEnabler","BaseMod","Colored Map","Colored Powertips","DeckTracker","Minty Spire (QoL Compilation)","Permanent Neow","SuperFastMode"],"gold_per_floor":[116,129,142,153,32,63,83,83,83,83,83,83,33,44,44,144,144,159,84,43,53,53,53,78,78,102,114,114,114,134,49,49,151,151,168,218,238,238,39,39,39,39,39,66,66,66,66],"floor_reached":46,"language":"KOR","playtime":1728,"items_purged":["Strike_B","Tempest"],"score":719,"play_id":"f5ce4316-2283-434f-a07e-6c2edc6e0d88","local_time":"20210210231428","is_ascension_mode":true,"campfire_choices":[{"data":"Zap","floor":8,"key":"SMITH"},{"floor":10,"key":"REST"},{"data":"Dualcast","floor":12,"key":"SMITH"},{"data":"Hologram","floor":15,"key":"SMITH"},{"data":"White Noise","floor":23,"key":"SMITH"},{"floor":25,"key":"REST"},{"floor":29,"key":"REST"},{"floor":32,"key":"REST"},{"floor":40,"key":"REST"},{"floor":45,"key":"RECALL"}],"circlet_count":0,"master_deck":["AscendersBane","Zap+1","Dualcast+1","Gash","Cold Snap","Steam","Gash","Ball Lightning","Genetic Algorithm","FTL","Hologram+1","Electrodynamics","Rainbow","Reinforced Body","Beam Cell","White Noise+1","Steam Power","Stack","Glacier+1","Compile Driver","Creative AI","CurseOfTheBell","Sweeping Beam+1","Conserve Battery","Purity","Undo+1"],"relics":["Sozu","Letter Opener","Pandora\u0027s Box","TungstenRod","Ice Cream","Vajra","Darkstone Periapt","Calling Bell","DataDisk","The Courier","Torii","StoneCalendar","Dream Catcher","OrangePellets","Frozen Egg 2","Cables"],"acts_visited":["Exordium","TheCity","TheBeyond"],"potions_floor_usage":[],"damage_taken":[{"damage":1,"enemies":"Cultist","floor":1,"turns":4},{"damage":7,"enemies":"Jaw Worm","floor":2,"turns":3},{"damage":4,"enemies":"2 Louse","floor":3,"turns":3},{"damage":9,"enemies":"Large Slime","floor":4,"turns":6},{"damage":15,"enemies":"3 Sentries","floor":6,"turns":7},{"damage":13,"enemies":"Blue Slaver","floor":7,"turns":4},{"damage":5,"enemies":"Looter","floor":14,"turns":3},{"damage":12,"enemies":"Hexaghost","floor":16,"turns":9},{"damage":3,"enemies":"Shell Parasite","floor":18,"turns":4},{"damage":7,"enemies":"Chosen","floor":21,"turns":3},{"damage":41,"enemies":"Slavers","floor":24,"turns":5},{"damage":26,"enemies":"Sentry and Sphere","floor":27,"turns":4},{"damage":0,"enemies":"Snecko","floor":30,"turns":4},{"damage":50,"enemies":"Champ","floor":33,"turns":10},{"damage":13,"enemies":"3 Darklings","floor":35,"turns":4},{"damage":0,"enemies":"Mind Bloom Boss Battle","floor":36,"turns":6},{"damage":0,"enemies":"3 Shapes","floor":37,"turns":3},{"damage":11,"enemies":"Giant Head","floor":44,"turns":8},{"damage":68,"enemies":"Reptomancer","floor":46,"turns":4}],"seed_played":"3476347308117414858","potions_obtained":[],"is_trial":false,"path_per_floor":["M","M","M","M","$","E","M","R","T","R","?","R","?","M","R","B",null,"M","?","$","M","?","R","E","R","T","M","?","R","M","?","R","B",null,"M","?","M","T","$","R","?","$","T","E","R","E"],"character_chosen":"DEFECT","items_purchased":["Ball Lightning","Steam Power","OrangePellets"],"campfire_rested":5,"item_purchase_floors":[5,20,39],"current_hp_per_floor":[67,60,56,47,47,32,19,19,19,41,41,41,41,36,36,24,62,59,59,59,52,52,52,11,33,33,7,7,29,29,29,51,1,63,50,50,50,50,50,74,74,74,74,63,63,0,0],"gold":66,"neow_bonus":"BOSS_RELIC","is_daily":false,"chose_seed":false,"campfire_upgraded":4,"win_rate":0.0,"timestamp":1612966468,"path_taken":["M","M","M","M","?","E","?","R","T","R","?","R","?","M","R","BOSS","M","?","$","M","?","R","E","R","T","M","?","R","M","?","R","BOSS","M","?","M","?","?","R","?","$","T","E","R","E"],"items_purchased_type":["Card","Card","Relic"],"build_version":"2020-12-22","purchased_purges":2,"victory":false,"max_hp_per_floor":[75,75,75,75,75,75,75,75,75,75,75,75,75,75,75,75,75,75,75,75,75,75,75,75,75,75,75,75,75,75,75,75,75,81,81,81,81,81,81,81,81,81,81,81,81,81,81],"card_choices":[{"not_picked":["Barrage","Coolheaded"],"picked":"Gash","floor":1},{"not_picked":["Loop","Stack"],"picked":"Cold Snap","floor":2},{"not_picked":["Stack","Fission"],"picked":"Steam","floor":3},{"not_picked":["Coolheaded","Auto Shields"],"picked":"Gash","floor":4},{"not_picked":["Blizzard","Turbo"],"picked":"Genetic Algorithm","floor":6},{"not_picked":["Cold Snap","Hologram"],"picked":"FTL","floor":7},{"not_picked":["Steam","Gash"],"picked":"Hologram","floor":14},{"not_picked":["Fission","Seek"],"picked":"Electrodynamics","floor":16},{"not_picked":["Sunder+1","Go for the Eyes","Tempest+1"],"picked":"SKIP","floor":18},{"not_picked":["Hologram","Conserve Battery"],"picked":"Stack","floor":21},{"not_picked":["Cold Snap","Hologram","Barrage"],"picked":"SKIP","floor":24},{"not_picked":["Go for the Eyes","Undo"],"picked":"Glacier+1","floor":27},{"not_picked":["Genetic Algorithm+1","Streamline"],"picked":"Compile Driver","floor":30},{"not_picked":["Electrodynamics","Core Surge"],"picked":"Creative AI","floor":33},{"not_picked":["Streamline+1","BootSequence","Hologram"],"picked":"SKIP","floor":35},{"not_picked":["Sunder","BootSequence"],"picked":"Sweeping Beam+1","floor":36},{"not_picked":["Conserve Battery","Steam+1","Tempest"],"picked":"SKIP","floor":37},{"not_picked":["Chaos","Beam Cell"],"picked":"Conserve Battery","floor":40},{"not_picked":["Deep Breath","Trip"],"picked":"Purity","floor":41},{"not_picked":["Darkness+1","Rebound+1"],"picked":"Undo+1","floor":44}],"player_experience":479763,"relics_obtained":[{"floor":6,"key":"Letter Opener"},{"floor":24,"key":"Ice Cream"},{"floor":26,"key":"Vajra"},{"floor":34,"key":"DataDisk"},{"floor":34,"key":"The Courier"},{"floor":34,"key":"Torii"},{"floor":36,"key":"StoneCalendar"},{"floor":38,"key":"Dream Catcher"},{"floor":43,"key":"Frozen Egg 2"},{"floor":44,"key":"Cables"}],"event_choices":[{"damage_healed":0,"gold_gain":0,"player_choice":"Ignored","damage_taken":0,"max_hp_gain":0,"max_hp_loss":0,"event_name":"Liars Game","floor":11,"gold_loss":0},{"cards_removed":["Strike_B"],"damage_healed":0,"gold_gain":0,"player_choice":"Card Removal","damage_taken":0,"max_hp_gain":0,"max_hp_loss":0,"event_name":"The Cleric","floor":13,"gold_loss":50},{"cards_removed":["Rainbow"],"damage_healed":0,"gold_gain":0,"player_choice":"Gave Gold","damage_taken":0,"max_hp_gain":0,"max_hp_loss":0,"event_name":"Beggar","floor":19,"gold_loss":75},{"damage_healed":0,"gold_gain":0,"player_choice":"Opened","damage_taken":0,"relics_obtained":["TungstenRod"],"max_hp_gain":0,"max_hp_loss":0,"event_name":"The Mausoleum","floor":22,"gold_loss":0,"cards_obtained":["Writhe"]},{"cards_removed":["Writhe"],"damage_healed":0,"gold_gain":0,"player_choice":"Elegance","damage_taken":0,"max_hp_gain":0,"max_hp_loss":0,"event_name":"Back to Basics","floor":28,"gold_loss":0},{"damage_healed":0,"gold_gain":0,"player_choice":"Obtained Relic","damage_taken":0,"relics_obtained":["Darkstone Periapt"],"max_hp_gain":0,"max_hp_loss":0,"event_name":"Addict","floor":31,"gold_loss":85},{"damage_healed":0,"gold_gain":0,"player_choice":"Fight","damage_taken":0,"max_hp_gain":0,"max_hp_loss":0,"event_name":"MindBloom","floor":36,"gold_loss":0},{"damage_healed":0,"gold_gain":0,"player_choice":"Memory 1","damage_taken":0,"max_hp_gain":0,"max_hp_loss":0,"event_name":"SensoryStone","floor":41,"gold_loss":0}],"is_beta":false,"boss_relics":[{"not_picked":["Runic Pyramid","Empty Cage"],"picked":"Pandora\u0027s Box"},{"not_picked":["Snecko Eye","Runic Dome"],"picked":"Calling Bell"}],"items_purged_floors":[5,39],"is_endless":false,"potions_floor_spawned":[6,16,21,30,44],"killed_by":"Reptomancer","ascension_level":11}}