{"host":"2wp95sdfrgw3k439","time":1612933246,"event":{"mods":["BaseMod","Better Altar","Better Skull","Better Third Choice","Curses Come First","Minty Spire (QoL Compilation)","Permanent Neow","StSLib"],"gold_per_floor":[117,137,137,137,188,188,221,259,282,302,302,315,358,388,400,538,550,583,595,174,189,205,205,236,254,279,194,214,214,214],"floor_reached":29,"language":"ENG","playtime":963,"items_purged":["Strike_B"],"score":370,"play_id":"85b41519-e807-45e1-b54b-9e0849b16dd0","local_time":"20210209220046","is_ascension_mode":true,"campfire_choices":[{"floor":6,"key":"REST"},{"floor":11,"key":"REST"},{"floor":15,"key":"REST"},{"floor":23,"key":"REST"}],"circlet_count":0,"master_deck":["Strike_B","Strike_B","Strike_B","Defend_B","Defend_B","Defend_B","Defend_B","Zap+1","Dualcast","Ball Lightning+1","Defragment","Sweeping Beam","Conserve Battery","White Noise","Auto Shields","Lockon","Core Surge","Capacitor","Rip and Tear","Doom and Gloom","White Noise+1","All For One","Conserve Battery"],"relics":["Cracked Core","Juzu Bracelet","Golden Idol","Bronze Scales","Odd Mushroom","Anchor","Vajra","MawBank","Philosopher\u0027s Stone","Blood Vial","DataDisk","Sling","Centennial Puzzle","Orichalcum","CaptainsWheel"],"acts_visited":["Exordium","TheCity"],"potions_floor_usage":[12,13,18,21,21,25],"damage_taken":[{"damage":0,"enemies":"2 Louse","floor":1,"turns":2},{"damage":3,"enemies":"Jaw Worm","floor":2,"turns":4},{"damage":8,"enemies":"The Mushroom Lair","floor":7,"turns":4},{"damage":30,"enemies":"Lagavulin","floor":8,"turns":6},{"damage":0,"enemies":"Small Slimes","floor":10,"turns":2},{"damage":0,"enemies":"3 Louse","floor":12,"turns":1},{"damage":16,"enemies":"Gremlin Nob","floor":13,"turns":3},{"damage":5,"enemies":"Lots of Slimes","floor":14,"turns":2},{"damage":14,"enemies":"Hexaghost","floor":16,"turns":8},{"damage":8,"enemies":"Shell Parasite","floor":18,"turns":3},{"damage":4,"enemies":"3 Byrds","floor":21,"turns":2},{"damage":0,"enemies":"Centurion and Healer","floor":22,"turns":3},{"damage":33,"enemies":"Gremlin Leader","floor":24,"turns":4},{"damage":11,"enemies":"Snecko","floor":25,"turns":3},{"damage":5,"enemies":"Snake Plant","floor":28,"turns":3},{"damage":24,"enemies":"Sentry and Sphere","floor":29,"turns":3}],"seed_played":"4589354622127840437","potions_obtained":[{"floor":8,"key":"DuplicationPotion"},{"floor":10,"key":"Explosive Potion"},{"floor":12,"key":"LiquidMemories"},{"floor":14,"key":"Swift Potion"},{"floor":16,"key":"SteroidPotion"},{"floor":18,"key":"Fruit Juice"},{"floor":24,"key":"GamblersBrew"},{"floor":28,"key":"Block Potion"}],"is_trial":false,"path_per_floor":["M","M","?","?","T","R","?","E","T","M","R","M","E","M","R","B",null,"M","?","$","M","M","R","E","M","T","?","M","M"],"character_chosen":"DEFECT","items_purchased":["DataDisk","Sling","Rip and Tear"],"campfire_rested":4,"item_purchase_floors":[20,20,20],"current_hp_per_floor":[68,65,50,32,32,54,46,16,16,16,38,38,22,17,39,25,63,60,39,39,37,39,63,32,23,23,23,20,0,0],"gold":214,"neow_bonus":"RANDOM_COMMON_RELIC","is_daily":false,"chose_seed":false,"campfire_upgraded":0,"win_rate":0.0,"timestamp":1612933246,"path_taken":["M","M","?","?","?","R","?","E","T","M","R","M","E","M","R","BOSS","M","?","$","M","M","R","E","M","T","?","M","M"],"items_purchased_type":["Relic","Relic","Card"],"build_version":"2020-12-22","purchased_purges":1,"victory":false,"max_hp_per_floor":[75,75,75,75,75,75,75,75,75,75,75,75,75,75,75,75,75,80,80,80,80,80,80,80,80,80,80,80,80,80],"card_choices":[{"not_picked":["Cold Snap","Sweeping Beam"],"picked":"Ball Lightning","floor":1},{"not_picked":["Redo","Turbo"],"picked":"Defragment","floor":2},{"not_picked":["Turbo","Undo"],"picked":"Sweeping Beam","floor":7},{"not_picked":["Turbo","Reinforced Body"],"picked":"Conserve Battery","floor":8},{"not_picked":["Rebound","Go for the Eyes"],"picked":"White Noise","floor":10},{"not_picked":["Gash","Stack"],"picked":"Auto Shields","floor":12},{"not_picked":["Force Field","Thunder Strike","Reprogram"],"picked":"SKIP","floor":13},{"not_picked":["Barrage","Redo"],"picked":"Lockon","floor":14},{"not_picked":["Amplify","Rainbow"],"picked":"Core Surge","floor":16},{"not_picked":["Sweeping Beam","Streamline"],"picked":"Capacitor","floor":18},{"not_picked":["Storm","Ball Lightning"],"picked":"Doom and Gloom","floor":21},{"not_picked":["Sunder","Conserve Battery","Ball Lightning"],"picked":"SKIP","floor":22},{"not_picked":["Cold Snap+1","Rip and Tear"],"picked":"White Noise+1","floor":24},{"not_picked":["Conserve Battery","Hologram+1"],"picked":"All For One","floor":25},{"not_picked":["Force Field","Coolheaded"],"picked":"Conserve Battery","floor":28}],"player_experience":572548,"relics_obtained":[{"floor":5,"key":"Bronze Scales"},{"floor":7,"key":"Odd Mushroom"},{"floor":8,"key":"Anchor"},{"floor":9,"key":"Vajra"},{"floor":13,"key":"MawBank"},{"floor":24,"key":"Centennial Puzzle"},{"floor":26,"key":"Orichalcum"}],"event_choices":[{"damage_healed":65,"gold_gain":0,"player_choice":"Upgrade","damage_taken":15,"max_hp_gain":0,"max_hp_loss":75,"event_name":"betterThird:BetterShining","floor":3,"gold_loss":0,"cards_upgraded":["Ball Lightning","Zap"]},{"damage_healed":0,"gold_gain":0,"player_choice":"Take Damage","damage_taken":18,"relics_obtained":["Golden Idol"],"max_hp_gain":0,"max_hp_loss":0,"event_name":"Golden Idol","floor":4,"gold_loss":0},{"damage_healed":0,"gold_gain":0,"player_choice":"Fought Mushrooms","damage_taken":0,"max_hp_gain":0,"max_hp_loss":0,"event_name":"Mushrooms","floor":7,"gold_loss":0},{"damage_healed":0,"gold_gain":0,"player_choice":" Vial ","damage_taken":21,"relics_obtained":["Blood Vial"],"max_hp_gain":60,"max_hp_loss":39,"event_name":"betterAltar:BetterAltar","floor":19,"potions_obtained":[],"relics_lost":[],"gold_loss":0},{"damage_healed":0,"gold_gain":0,"player_choice":"Obtained Relic","damage_taken":0,"relics_obtained":["CaptainsWheel"],"max_hp_gain":0,"max_hp_loss":0,"event_name":"Addict","floor":27,"gold_loss":85}],"is_beta":false,"boss_relics":[{"not_picked":["SacredBark","Busted Crown"],"picked":"Philosopher\u0027s Stone"}],"items_purged_floors":[20],"is_endless":false,"potions_floor_spawned":[8,10,12,14,16,18,24,28],"killed_by":"Sentry and Sphere","ascension_level":9}}