{"host":"rhakyh2m1vy6smuu","time":1612978674,"event":{"mods":["BaseMod","Minty Spire (QoL Compilation)","StSLib","The Cursed"],"gold_per_floor":[111,111,123,141,158,158,188,201,201,276,276,226,252,252,252,357,357,367,367,385,397,397,431,431,457,483,110,144,144,68,87,87,186,186,204,220,220,230,249,279,279,279,279,306,321,334,334,344,344,344,344,344,1,30,30],"floor_reached":56,"language":"ENG","playtime":8882,"items_purged":[],"score":1460,"play_id":"4993bc67-13c5-4313-8e96-a0c79b2e4817","local_time":"20210210103754","is_ascension_mode":true,"campfire_choices":[{"data":"TheCursedMod:StingEye","floor":6,"key":"SMITH"},{"data":"TheCursedMod:CursedRelics","floor":11,"key":"SMITH"},{"floor":15,"key":"REST"},{"data":"TheCursedMod:HellfireBreathing","floor":24,"key":"SMITH"},{"data":"TheCursedMod:FleshFromBone","floor":29,"key":"SMITH"},{"data":"TheCursedMod:CursedStaff","floor":32,"key":"SMITH"},{"data":"TheCursedMod:FleshFromBone","floor":41,"key":"SMITH"},{"floor":47,"key":"RECALL"},{"data":"TheCursedMod:Stigma","floor":49,"key":"SMITH"},{"data":"TheCursedMod:CursedBoomerang","floor":52,"key":"SMITH"}],"circlet_count":0,"master_deck":["TheCursedMod:Strike_TheCursed+1","TheCursedMod:Strike_TheCursed","TheCursedMod:Strike_TheCursed","TheCursedMod:Defend_TheCursed+1","TheCursedMod:Defend_TheCursed","TheCursedMod:Defend_TheCursed","TheCursedMod:CursedWand","TheCursedMod:CleanUpWorkshop","TheCursedMod:Dregs","Shame","TheCursedMod:FleshFromBone+1","TheCursedMod:StingEye+1","TheCursedMod:HellfireBreathing+1","TheCursedMod:Stigma+1","TheCursedMod:FleshFromBone+1","TheCursedMod:CursedRelics+1","TheCursedMod:PrepareRite+1","TheCursedMod:DarkBarrier+1","TheCursedMod:CursedBoomerang+1","TheCursedMod:SmokeScreen+1","TheCursedMod:Evocation+1","Decay","TheCursedMod:CursedSpellbook+1","TheCursedMod:Stretching+1","TheCursedMod:SpitefulPlan","TheCursedMod:CircleOfAbyss+1","TheCursedMod:SpitefulPlan","TheCursedMod:CursedStaff+1","TheCursedMod:WearCloak+1","TheCursedMod:ForbiddenAlchemy+1","TheCursedMod:BloodBarrier+1","TheCursedMod:Stigma+1","TheCursedMod:ManaBullet+1","TheCursedMod:CursedMace+1","Blind+1","TheCursedMod:TacticalStrike+1","TheCursedMod:Torture+1","TheCursedMod:CircleOfCorruption+1","TheCursedMod:CircleOfCorruption+1","TheCursedMod:SaltUponWound+1"],"relics":["TheCursedMod:BlackMagic101","Incense Burner","Blood Vial","Toxic Egg 2","Ginger","Coffee Dripper","Bottled Tornado","Ancient Tea Set","Bronze Scales","Cauldron","InkBottle","TheCursedMod:OminousMark","Eternal Feather","Omamori","Dead Branch","Bag of Preparation","Strawberry","Kunai"],"acts_visited":["Exordium","TheCity","TheBeyond","TheEnding"],"potions_floor_usage":[7,13,18,25,28,28,28,28,31,36,38,38,38,38,38,39,39,40,40,40,40,40,40,44,44,44,44,44,45,45,45,46,48,48,48,50,50,55,55,55,55,55,55,55,55,55,55,55,55,55,55],"damage_taken":[{"damage":0,"enemies":"Small Slimes","floor":1,"turns":4},{"damage":0,"enemies":"Cultist","floor":3,"turns":3},{"damage":3,"enemies":"Jaw Worm","floor":4,"turns":4},{"damage":2,"enemies":"Looter","floor":5,"turns":4},{"damage":10,"enemies":"Lagavulin","floor":7,"turns":7},{"damage":1,"enemies":"Large Slime","floor":8,"turns":7},{"damage":11,"enemies":"3 Sentries","floor":13,"turns":10},{"damage":33,"enemies":"Slime Boss","floor":16,"turns":14},{"damage":0,"enemies":"Spheric Guardian","floor":18,"turns":5},{"damage":18,"enemies":"Shell Parasite","floor":20,"turns":7},{"damage":11,"enemies":"Sentry and Sphere","floor":21,"turns":8},{"damage":22,"enemies":"Slavers","floor":23,"turns":9},{"damage":7,"enemies":"Book of Stabbing","floor":25,"turns":6},{"damage":0,"enemies":"Slavers","floor":28,"turns":3},{"damage":9,"enemies":"Centurion and Healer","floor":31,"turns":4},{"damage":1,"enemies":"Collector","floor":33,"turns":8},{"damage":0,"enemies":"3 Shapes","floor":35,"turns":3},{"damage":25,"enemies":"3 Darklings","floor":36,"turns":5},{"damage":3,"enemies":"Jaw Worm Horde","floor":38,"turns":4},{"damage":1,"enemies":"Transient","floor":39,"turns":5},{"damage":8,"enemies":"Nemesis","floor":40,"turns":5},{"damage":2,"enemies":"Reptomancer","floor":44,"turns":4},{"damage":3,"enemies":"Sphere and 2 Shapes","floor":45,"turns":5},{"damage":0,"enemies":"3 Darklings","floor":46,"turns":3},{"damage":7,"enemies":"4 Shapes","floor":48,"turns":4},{"damage":8,"enemies":"Awakened One","floor":50,"turns":12},{"damage":0,"enemies":"Shield and Spear","floor":54,"turns":4},{"damage":51,"enemies":"The Heart","floor":55,"turns":5}],"seed_played":"-3303617748024904154","potions_obtained":[{"floor":4,"key":"AttackPotion"},{"floor":8,"key":"SkillPotion"},{"floor":16,"key":"Energy Potion"},{"floor":23,"key":"BlessingOfTheForge"},{"floor":25,"key":"Strength Potion"},{"floor":27,"key":"EntropicBrew"},{"floor":27,"key":"PowerPotion"},{"floor":28,"key":"Ancient Potion"},{"floor":33,"key":"EssenceOfSteel"},{"floor":35,"key":"Strength Potion"},{"floor":40,"key":"ColorlessPotion"},{"floor":45,"key":"SkillPotion"}],"is_trial":false,"path_per_floor":["M","?","M","M","M","R","E","M","T","?","R","?","E","?","R","B",null,"M","?","M","M","?","E","R","E","T","$","E","R","$","M","R","B",null,"M","M","T","M","M","E","R","?","T","E","M","M","R","M","R","B",null,"R","$","E","B",null],"character_chosen":"THE_CURSED","items_purchased":["TheCursedMod:SpitefulPlan","TheCursedMod:CircleOfAbyss+1","Cauldron","TheCursedMod:CursedStaff","Bag of Preparation","TheCursedMod:CircleOfCorruption+1","Strawberry"],"campfire_rested":1,"item_purchase_floors":[27,27,27,30,53,53,53],"current_hp_per_floor":[75,75,75,72,70,70,60,61,61,50,50,50,41,26,48,17,75,75,75,57,48,48,28,28,23,23,23,25,25,25,18,18,19,75,75,50,50,49,50,44,62,62,62,62,61,63,75,68,75,67,75,75,82,82,31],"gold":30,"neow_bonus":"ONE_RARE_RELIC","is_daily":false,"chose_seed":false,"campfire_upgraded":8,"win_rate":0.0,"timestamp":1612978674,"path_taken":["M","?","M","M","M","R","E","?","T","?","R","?","E","?","R","BOSS","M","?","?","M","?","E","R","E","T","$","E","R","?","M","R","BOSS","M","M","?","M","M","E","R","?","T","E","M","M","R","M","R","BOSS","R","$","E","BOSS"],"items_purchased_type":["Card","Card","Relic","Card","Relic","Card","Relic"],"build_version":"2020-12-22","purchased_purges":0,"victory":true,"max_hp_per_floor":[75,75,75,75,75,75,75,75,75,75,75,75,75,75,75,75,75,75,75,75,75,75,75,75,75,75,75,75,75,75,75,75,75,75,75,75,75,75,75,75,75,75,75,75,75,75,75,75,75,75,75,75,82,82,82],"card_choices":[{"not_picked":["TheCursedMod:Obscuration","TheCursedMod:SaltUponWound"],"picked":"TheCursedMod:FleshFromBone","floor":1},{"not_picked":["TheCursedMod:RapidMovement","TheCursedMod:Wield"],"picked":"TheCursedMod:StingEye","floor":3},{"not_picked":["TheCursedMod:BlessingInDisguise","TheCursedMod:CursedShiv"],"picked":"TheCursedMod:HellfireBreathing","floor":4},{"not_picked":["TheCursedMod:RavingStaff","TheCursedMod:CircleOfWindfury"],"picked":"TheCursedMod:Stigma","floor":5},{"not_picked":["TheCursedMod:Obscuration","TheCursedMod:CursedMace"],"picked":"TheCursedMod:FleshFromBone","floor":7},{"not_picked":["TheCursedMod:CircleOfCorruption","TheCursedMod:RavingStaff"],"picked":"TheCursedMod:CursedRelics","floor":8},{"not_picked":["TheCursedMod:TacticalStrike","TheCursedMod:SaltUponWound+1"],"picked":"TheCursedMod:PrepareRite+1","floor":13},{"not_picked":["TheCursedMod:StunningStrike","TheCursedMod:CursedRelics"],"picked":"TheCursedMod:DarkBarrier+1","floor":16},{"not_picked":["TheCursedMod:RavingStaff","TheCursedMod:VitalStrike+1"],"picked":"TheCursedMod:CursedBoomerang","floor":18},{"not_picked":["TheCursedMod:CircleOfFocus+1","TheCursedMod:CursedMace"],"picked":"TheCursedMod:SmokeScreen+1","floor":20},{"not_picked":["TheCursedMod:SpitefulStrike","TheCursedMod:Mangle"],"picked":"TheCursedMod:Evocation+1","floor":21},{"not_picked":["TheCursedMod:CursedMace","TheCursedMod:CircleOfCorruption+1"],"picked":"TheCursedMod:CursedSpellbook+1","floor":23},{"not_picked":["TheCursedMod:Obscuration+1","TheCursedMod:CursedShiv"],"picked":"TheCursedMod:Stretching+1","floor":25},{"not_picked":["TheCursedMod:Mangle","TheCursedMod:Stretching+1"],"picked":"TheCursedMod:SpitefulPlan","floor":28},{"not_picked":["TheCursedMod:SmokeScreen+1","TheCursedMod:SpitefulStrike+1"],"picked":"TheCursedMod:WearCloak+1","floor":31},{"not_picked":["TheCursedMod:CircleOfAbyss+1","TheCursedMod:Neurasthenia+1"],"picked":"TheCursedMod:ForbiddenAlchemy+1","floor":33},{"not_picked":["TheCursedMod:CursedMace","TheCursedMod:StingEye"],"picked":"TheCursedMod:BloodBarrier+1","floor":35},{"not_picked":["TheCursedMod:SaltUponWound+1","TheCursedMod:CircleOfCorruption+1"],"picked":"TheCursedMod:Stigma+1","floor":36},{"not_picked":["TheCursedMod:CircleOfFocus+1","TheCursedMod:CursedMace","TheCursedMod:CursedShiv"],"picked":"SKIP","floor":38},{"not_picked":["TheCursedMod:WearCloak+1","TheCursedMod:CursedStaff"],"picked":"TheCursedMod:ManaBullet+1","floor":39},{"not_picked":["TheCursedMod:ManaBullet+1","TheCursedMod:CircleOfWindfury+1"],"picked":"TheCursedMod:CursedMace+1","floor":40},{"not_picked":["Dramatic Entrance","Secret Technique+1"],"picked":"Blind+1","floor":42},{"not_picked":["TheCursedMod:FuryStrike","TheCursedMod:Stretching+1"],"picked":"TheCursedMod:TacticalStrike+1","floor":44},{"not_picked":["TheCursedMod:Hemoplague","TheCursedMod:Stretching+1"],"picked":"TheCursedMod:Torture+1","floor":45},{"not_picked":["TheCursedMod:SurpriseAttack","TheCursedMod:RavingStaff+1"],"picked":"TheCursedMod:CircleOfCorruption+1","floor":46},{"not_picked":["TheCursedMod:VitalStrike","TheCursedMod:RavingStaff+1","TheCursedMod:Stigma"],"picked":"SKIP","floor":48},{"not_picked":["TheCursedMod:TacticalStrike","TheCursedMod:SpitefulStrike+1"],"picked":"TheCursedMod:SaltUponWound+1","floor":54}],"player_experience":1541045,"relics_obtained":[{"floor":7,"key":"Blood Vial"},{"floor":9,"key":"Toxic Egg 2"},{"floor":13,"key":"Ginger"},{"floor":23,"key":"Bottled Tornado"},{"floor":25,"key":"Ancient Tea Set"},{"floor":26,"key":"Bronze Scales"},{"floor":28,"key":"InkBottle"},{"floor":37,"key":"Eternal Feather"},{"floor":40,"key":"Omamori"},{"floor":44,"key":"Dead Branch"},{"floor":54,"key":"Kunai"}],"event_choices":[{"cards_removed":["TheCursedMod:Strike_TheCursed"],"damage_healed":0,"gold_gain":0,"player_choice":"Purged","damage_taken":0,"max_hp_gain":0,"max_hp_loss":0,"event_name":"Purifier","floor":2,"gold_loss":0},{"damage_healed":0,"gold_gain":75,"player_choice":"Gather Gold","damage_taken":11,"max_hp_gain":0,"max_hp_loss":0,"event_name":"World of Goop","floor":10,"gold_loss":0},{"cards_removed":["TheCursedMod:Defend_TheCursed"],"damage_healed":0,"gold_gain":0,"player_choice":"Card Removal","damage_taken":0,"max_hp_gain":0,"max_hp_loss":0,"event_name":"The Cleric","floor":12,"gold_loss":50},{"damage_healed":0,"gold_gain":0,"player_choice":"Entered Light","damage_taken":15,"max_hp_gain":0,"max_hp_loss":0,"event_name":"Shining Light","floor":14,"gold_loss":0,"cards_upgraded":["TheCursedMod:Strike_TheCursed","TheCursedMod:Defend_TheCursed"]},{"damage_healed":0,"gold_gain":0,"player_choice":"Ignored","damage_taken":0,"max_hp_gain":0,"max_hp_loss":0,"event_name":"Fountain of Cleansing","floor":19,"gold_loss":0},{"damage_healed":0,"gold_gain":0,"player_choice":"Smashed Altar","damage_taken":0,"max_hp_gain":0,"max_hp_loss":0,"event_name":"Forgotten Altar","floor":22,"gold_loss":0,"cards_obtained":["Decay"]},{"damage_healed":0,"gold_gain":0,"player_choice":"Memory 1","damage_taken":0,"max_hp_gain":0,"max_hp_loss":0,"event_name":"SensoryStone","floor":42,"gold_loss":0}],"is_beta":false,"boss_relics":[{"not_picked":["Astrolabe","Snecko Eye"],"picked":"Coffee Dripper"},{"not_picked":["TheCursedMod:BlackMagicAdvanced","Black Star"],"picked":"TheCursedMod:OminousMark"}],"items_purged_floors":[],"is_endless":false,"potions_floor_spawned":[4,8,16,23,25,28,33,35,40,45,46],"ascension_level":2}}