{"host":"uv5ws9rdk87e8i5k","time":1612962403,"event":{"mods":["AchievementEnabler","BaseMod","Colored Map","Minty Spire (QoL Compilation)","Permanent Neow","Quick Restart","StSLib","SuperFastMode","The Necromancer"],"gold_per_floor":[112,129,140,155,155,155,188,188,188,188,188],"floor_reached":10,"language":"ENG","playtime":186,"items_purged":[],"score":105,"play_id":"ed2696ab-1656-4cd6-9a21-632e87123f34","local_time":"20210210070643","is_ascension_mode":true,"campfire_choices":[{"data":"Feed","floor":6.0,"key":"SMITH"},{"data":"Exhume","floor":8.0,"key":"SMITH"}],"circlet_count":0,"master_deck":["AscendersBane","Strike_R","Strike_R","Strike_R","Strike_R","Strike_R","Defend_R","Defend_R","Defend_R","Defend_R","Bash","Feed+1","Cleave","Headbutt","Clothesline","Pummel","Corruption","Metallicize","Exhume+1"],"relics":["Burning Blood","Bag of Marbles","Toy Ornithopter"],"acts_visited":["Exordium"],"potions_floor_usage":[10,10],"damage_taken":[{"damage":13.0,"enemies":"Jaw Worm","floor":1.0,"turns":4.0},{"damage":5.0,"enemies":"Cultist","floor":2.0,"turns":4.0},{"damage":0.0,"enemies":"2 Louse","floor":3.0,"turns":2.0},{"damage":5.0,"enemies":"Lots of Slimes","floor":4.0,"turns":2.0},{"damage":48.0,"enemies":"Gremlin Nob","floor":7.0,"turns":5.0},{"damage":39,"enemies":"3 Sentries","floor":10,"turns":6}],"seed_played":"8491144822523355349","potions_obtained":[{"floor":1.0,"key":"AttackPotion"},{"floor":2.0,"key":"SpeedPotion"},{"floor":7.0,"key":"DistilledChaos"}],"is_trial":false,"path_per_floor":["M","M","M","M","?","R","E","R","T","E"],"character_chosen":"IRONCLAD","items_purchased":[],"campfire_rested":0,"item_purchase_floors":[],"current_hp_per_floor":[68,72,81,81,81,81,39,39,39,14,14],"gold":188,"neow_bonus":"THREE_RARE_CARDS","is_daily":false,"chose_seed":false,"campfire_upgraded":2,"win_rate":0.0,"timestamp":1612962403,"path_taken":["M","M","M","M","?","R","E","R","T","E"],"items_purchased_type":[],"build_version":"2020-12-22","purchased_purges":0,"victory":false,"max_hp_per_floor":[75,78,81,81,81,81,81,81,81,85,85],"card_choices":[{"not_picked":["Impervious","Berserk"],"picked":"Feed","floor":0.0},{"not_picked":["Bloodletting","Clash"],"picked":"Cleave","floor":1.0},{"not_picked":["Bloodletting","Blood for Blood"],"picked":"Headbutt","floor":2.0},{"not_picked":["Evolve","Shockwave"],"picked":"Clothesline","floor":3.0},{"not_picked":["Anger","Body Slam"],"picked":"Pummel","floor":4.0},{"not_picked":["Evolve","Wild Strike"],"picked":"Exhume","floor":7.0}],"player_experience":156798,"relics_obtained":[{"floor":7.0,"key":"Bag of Marbles"},{"floor":9.0,"key":"Toy Ornithopter"}],"event_choices":[{"damage_healed":0.0,"max_hp_gain":0.0,"max_hp_loss":0.0,"gold_gain":0.0,"event_name":"Match and Keep!","player_choice":"2 cards matched","floor":5.0,"gold_loss":0.0,"damage_taken":0.0,"cards_obtained":["Corruption","Metallicize"]}],"is_beta":false,"boss_relics":[],"items_purged_floors":[],"is_endless":false,"potions_floor_spawned":[1,2,7],"killed_by":"3 Sentries","ascension_level":11}}