{"host":"5f8yr5jxnqok2jdo","time":1612960759,"event":{"mods":["AchievementEnabler","BaseMod","Better Altar","Better Match","Better Note","Better Skull","Better Third Choice","Block Reminder","Colored Map","Colored Powertips","DeckTracker","Displayed Cursed Tome","Filter the Spire","Googly Eyes","Highlight Path","Key Reminder","Minty Spire (QoL Compilation)","Quick Restart","Rare Cards Sparkle","Relic Sorter","Relic Stats","ShortenTheSpire","Spire Arcade","Spire Birthday Party","StSLib","Steal the Spire","SuperFastMode","Uncapped","Unceasing Turn Reminder","everything is the same but u backflip on backflip","slay the spire mod where everything is the same but ironclad has a cowboy hat"],"gold_per_floor":[359,15,25,50,61,61,61],"floor_reached":6,"language":"ENG","playtime":226,"items_purged":[],"score":54,"play_id":"1655bb17-67f0-4c40-81c2-8763b7a5a23d","local_time":"20210210133919","is_ascension_mode":true,"campfire_choices":[],"circlet_count":0,"master_deck":["AscendersBane","Strike_B","Strike_B","Strike_B","Strike_B","Defend_B","Defend_B","Defend_B","Defend_B","Zap","Dualcast","Rip and Tear","Self Repair","Rebound","Coolheaded","White Noise"],"relics":["Cracked Core","Eternal Feather","Potion Belt"],"acts_visited":["Exordium"],"potions_floor_usage":[],"damage_taken":[{"damage":7.0,"enemies":"2 Louse","floor":1.0,"turns":3.0},{"damage":24.0,"enemies":"Small Slimes","floor":3.0,"turns":4.0},{"damage":1,"enemies":"Cultist","floor":5,"turns":3},{"damage":50,"enemies":"3 Sentries","floor":6,"turns":6}],"seed_played":"-9127980099770735203","potions_obtained":[{"floor":1.0,"key":"CultistPotion"}],"is_trial":false,"path_per_floor":["M","$","M","?","M","E"],"character_chosen":"DEFECT","items_purchased":["Self Repair","Rebound","Eternal Feather"],"campfire_rested":0,"item_purchase_floors":[2,2,2],"current_hp_per_floor":[61,61,44,44,50,0,0],"gold":61,"neow_bonus":"TWO_FIFTY_GOLD","is_daily":false,"chose_seed":false,"campfire_upgraded":0,"win_rate":0.0,"timestamp":1612960759,"path_taken":["M","$","M","?","M","E"],"items_purchased_type":["Card","Card","Relic"],"build_version":"2020-12-22","purchased_purges":0,"victory":false,"max_hp_per_floor":[68,68,68,68,68,68,68],"relic_stats":{"counters":[4,16],"Eternal Feather":0,"obtain_stats":[{"Potion Belt":4,"Eternal Feather":2,"Cracked Core":0},{"Potion Belt":2,"Eternal Feather":1,"Cracked Core":0},{"Potion Belt":7,"Eternal Feather":3,"Cracked Core":0}]},"card_choices":[{"not_picked":["Chill","Consume"],"picked":"Rip and Tear","floor":1.0},{"not_picked":["Sweeping Beam","Force Field"],"picked":"Coolheaded","floor":3.0},{"not_picked":["Redo","Sweeping Beam"],"picked":"White Noise","floor":5}],"player_experience":365320,"relics_obtained":[],"event_choices":[],"is_beta":false,"boss_relics":[],"items_purged_floors":[],"is_endless":false,"potions_floor_spawned":[1],"killed_by":"3 Sentries","ascension_level":10}}