{"host":"r4aerl4ckfvw1dw3","time":1612938894,"event":{"mods":["BaseMod","BetterRewards","Minty Spire (QoL Compilation)","Quick Restart","StSLib"],"gold_per_floor":[111,127,144,164,39,39,81,81,106,140,140,174,174,208,208,312,312,341,363,384,409,409,409,409,409],"floor_reached":24,"language":"ENG","playtime":1274,"items_purged":["Strike_R"],"score":316,"play_id":"5704a284-64aa-45c9-92ef-6840ba2b9027","local_time":"20210209223454","is_ascension_mode":true,"campfire_choices":[{"data":"Metallicize","floor":6,"key":"SMITH"},{"data":"Headbutt","floor":8,"key":"SMITH"},{"floor":13,"key":"REST"},{"data":"Cleave","floor":15,"key":"SMITH"},{"floor":23,"key":"REST"}],"circlet_count":0,"master_deck":["Strike_R","Strike_R","Strike_R","Strike_R","Defend_R","Defend_R","Defend_R","Defend_R+1","Bash+1","Twin Strike","Metallicize+1","Battle Trance+1","Headbutt+1","Sword Boomerang","Sword Boomerang","Cleave+1","Barricade","Headbutt","Armaments","Pommel Strike+1","Armaments"],"relics":["Burning Blood","CeramicFish","Pen Nib","War Paint","Akabeko","WingedGreaves","Bronze Scales","Snecko Eye"],"acts_visited":["Exordium","TheCity"],"potions_floor_usage":[4,14,14,21],"damage_taken":[{"damage":7,"enemies":"Jaw Worm","floor":1,"turns":3},{"damage":1,"enemies":"Cultist","floor":2,"turns":3},{"damage":1,"enemies":"2 Louse","floor":3,"turns":3},{"damage":12,"enemies":"Looter","floor":4,"turns":3},{"damage":36,"enemies":"Gremlin Nob","floor":7,"turns":5},{"damage":27,"enemies":"Lagavulin","floor":10,"turns":7},{"damage":15,"enemies":"3 Sentries","floor":12,"turns":7},{"damage":32,"enemies":"Lagavulin","floor":14,"turns":5},{"damage":30,"enemies":"Slime Boss","floor":16,"turns":10},{"damage":6,"enemies":"3 Byrds","floor":18,"turns":3},{"damage":22,"enemies":"2 Thieves","floor":19,"turns":3},{"damage":33,"enemies":"Shelled Parasite and Fungi","floor":20,"turns":5},{"damage":12,"enemies":"Centurion and Healer","floor":21,"turns":7},{"damage":54,"enemies":"Gremlin Leader","floor":24,"turns":7}],"seed_played":"2000536287933077385","potions_obtained":[{"floor":2,"key":"SpeedPotion"},{"floor":4,"key":"Fruit Juice"},{"floor":10,"key":"SpeedPotion"},{"floor":19,"key":"Dexterity Potion"}],"is_trial":false,"path_per_floor":["M","M","M","M","$","R","E","R","T","E","?","E","R","E","R","B",null,"M","M","M","M","?","R","E"],"character_chosen":"IRONCLAD","items_purchased":["BloodPotion"],"campfire_rested":2,"item_purchase_floors":[5],"current_hp_per_floor":[71,76,80,79,79,79,49,49,49,28,28,19,44,35,35,11,67,67,51,24,18,18,43,0,0],"gold":409,"neow_bonus":"UPGRADE_CARD","is_daily":false,"chose_seed":false,"campfire_upgraded":3,"win_rate":0.0,"timestamp":1612938894,"path_taken":["M","M","M","M","$","R","E","R","T","E","?","E","R","E","R","BOSS","M","M","?","M","?","R","E"],"items_purchased_type":["Potion"],"build_version":"2020-12-22","purchased_purges":1,"victory":false,"max_hp_per_floor":[80,80,80,85,85,85,85,85,85,85,85,85,85,85,85,85,85,85,85,85,85,85,85,85,85],"card_choices":[{"not_picked":["Perfected Strike","Evolve","Thunderclap"],"picked":"SKIP","floor":1},{"not_picked":["Combust","Perfected Strike"],"picked":"Twin Strike","floor":2},{"not_picked":["Twin Strike","True Grit"],"picked":"Metallicize","floor":3},{"not_picked":["Searing Blow","Wild Strike"],"picked":"Battle Trance","floor":4},{"not_picked":["Rage","Body Slam"],"picked":"Headbutt","floor":7},{"not_picked":["Sever Soul","Shrug It Off"],"picked":"Sword Boomerang","floor":10},{"not_picked":["Iron Wave","True Grit"],"picked":"Sword Boomerang","floor":12},{"not_picked":["Double Tap","Combust"],"picked":"Cleave","floor":14},{"not_picked":["Fiend Fire","Reaper"],"picked":"Barricade","floor":16},{"not_picked":["Spot Weakness","Sword Boomerang"],"picked":"Headbutt","floor":18},{"not_picked":["Rage+1","Clash"],"picked":"Armaments","floor":19},{"not_picked":["Clash+1","Iron Wave"],"picked":"Pommel Strike+1","floor":20},{"not_picked":["Brutality","Anger"],"picked":"Armaments","floor":21}],"player_experience":548665,"relics_obtained":[{"floor":7,"key":"CeramicFish"},{"floor":9,"key":"Pen Nib"},{"floor":10,"key":"War Paint"},{"floor":12,"key":"WingedGreaves"},{"floor":14,"key":"Bronze Scales"}],"event_choices":[{"damage_healed":0,"gold_gain":0,"player_choice":"Gave Potion","damage_taken":0,"relics_obtained":["Akabeko"],"max_hp_gain":0,"max_hp_loss":0,"event_name":"WeMeetAgain","floor":11,"gold_loss":0},{"damage_healed":0,"gold_gain":0,"player_choice":"Ignored","damage_taken":0,"max_hp_gain":0,"max_hp_loss":0,"event_name":"Ghosts","floor":22,"gold_loss":0}],"is_beta":false,"boss_relics":[{"not_picked":["Astrolabe","Runic Pyramid"],"picked":"Snecko Eye"}],"items_purged_floors":[5],"is_endless":false,"potions_floor_spawned":[2,4,10,19],"killed_by":"Gremlin Leader","ascension_level":8}}