{"host":"4eao2pkwlmv012cz","time":1612946841,"event":{"mods":["BaseMod","Colored Powertips","Minty Spire (QoL Compilation)","Permanent Neow","Quick Restart","Random Character Button","StSLib"],"gold_per_floor":[113,113,123,142,107,136,136,161,161,178,206,206,219,219,219,292,292,304,319,201,215,64,64,64,64,88,121,140,140,140,173,173,250,250,262,128,139,139,139],"floor_reached":38,"language":"ENG","playtime":1266,"items_purged":["Strike_B"],"score":1049,"play_id":"7362eec3-5643-429b-8c20-a18de1382cb2","local_time":"20210210034721","is_ascension_mode":true,"campfire_choices":[{"data":"Hyperbeam","floor":7.0,"key":"SMITH"},{"data":"Beam Cell","floor":12.0,"key":"SMITH"},{"data":"Steam Power","floor":15.0,"key":"SMITH"},{"floor":23,"key":"REST"},{"data":"Recycle","floor":25,"key":"SMITH"},{"floor":30,"key":"REST"},{"floor":32,"key":"REST"}],"circlet_count":0,"master_deck":["AscendersBane","Zap","Dualcast","Hyperbeam+1","Gash","Recycle+1","Steam Power+1","Leap","Hello World","Static Discharge","Gash","Beam Cell+1","Rebound","Heatsinks","Meteor Strike","Turbo+1","Gash","Defragment","Compile Driver","All For One","Shame","Go for the Eyes+1","Chaos","Undo+1","Creative AI","Creative AI","Heatsinks","Machine Learning","Scrape","Genetic Algorithm","Storm","Chaos","Defragment","Undo","Amplify","Recycle+1","Chaos+1"],"relics":["Cracked Core","Lizard Tail","Dead Branch","StoneCalendar","Unceasing Top","SlaversCollar","Kunai","Dream Catcher","Red Mask","Gremlin Horn","The Courier","Pandora\u0027s Box","Orrery"],"acts_visited":["Exordium","TheCity","TheBeyond"],"potions_floor_usage":[19,27,35,38],"damage_taken":[{"damage":2.0,"enemies":"Small Slimes","floor":1.0,"turns":3.0},{"damage":2.0,"enemies":"2 Louse","floor":3.0,"turns":2.0},{"damage":0.0,"enemies":"Cultist","floor":4.0,"turns":2.0},{"damage":2.0,"enemies":"Gremlin Nob","floor":6.0,"turns":3.0},{"damage":0.0,"enemies":"3 Sentries","floor":8.0,"turns":3.0},{"damage":3.0,"enemies":"3 Louse","floor":10.0,"turns":2.0},{"damage":22.0,"enemies":"Lagavulin","floor":11.0,"turns":7.0},{"damage":0.0,"enemies":"Looter","floor":13.0,"turns":1.0},{"damage":0.0,"enemies":"Slime Boss","floor":16.0,"turns":4.0},{"damage":25.0,"enemies":"Chosen","floor":18.0,"turns":5.0},{"damage":0,"enemies":"2 Thieves","floor":19,"turns":1},{"damage":19,"enemies":"Snecko","floor":21,"turns":4},{"damage":29,"enemies":"Masked Bandits","floor":27,"turns":4},{"damage":13,"enemies":"Cultist and Chosen","floor":28,"turns":4},{"damage":48,"enemies":"Book of Stabbing","floor":31,"turns":4},{"damage":16,"enemies":"Collector","floor":33,"turns":7},{"damage":25,"enemies":"3 Darklings","floor":35,"turns":4},{"damage":24,"enemies":"Orb Walker","floor":37,"turns":5},{"damage":12,"enemies":"2 Orb Walkers","floor":38,"turns":1}],"seed_played":"957221324120469655","potions_obtained":[{"floor":3.0,"key":"Dexterity Potion"},{"floor":4.0,"key":"GamblersBrew"},{"floor":11.0,"key":"PowerPotion"},{"floor":16.0,"key":"DuplicationPotion"},{"floor":21,"key":"EssenceOfDarkness"},{"floor":33,"key":"AttackPotion"},{"floor":35,"key":"Fire Potion"}],"is_trial":false,"path_per_floor":["M","?","M","M","?","E","R","E","T","M","E","R","M","?","R","B",null,"M","M","$","M","$","R","?","R","T","?","M","T","R","E","R","B",null,"M","$","M","?"],"character_chosen":"DEFECT","items_purchased":["Defragment","All For One","Orrery"],"campfire_rested":3,"item_purchase_floors":[20,22,36],"current_hp_per_floor":[44,44,42,42,59,57,57,57,57,54,32,32,32,32,32,32,61,36,36,36,17,17,38,38,38,38,9,35,35,56,8,29,13,57,32,32,8,0,0],"gold":139,"neow_bonus":"THREE_RARE_CARDS","is_daily":false,"chose_seed":false,"campfire_upgraded":4,"win_rate":0.0,"timestamp":1612946841,"path_taken":["M","?","M","M","?","E","R","E","T","M","E","R","M","?","R","BOSS","M","M","$","?","$","R","?","R","T","?","M","?","R","E","R","BOSS","M","$","M","?"],"items_purchased_type":["Card","Card","Relic"],"build_version":"2020-12-22","purchased_purges":1,"victory":false,"max_hp_per_floor":[71,71,71,71,71,71,71,71,71,71,71,71,71,71,71,71,71,71,71,71,71,71,71,71,71,71,71,71,71,71,71,71,71,71,71,71,71,71,71],"card_choices":[{"not_picked":["Fission","Meteor Strike"],"picked":"Hyperbeam","floor":0.0},{"not_picked":["Loop","Sunder"],"picked":"Gash","floor":1.0},{"not_picked":["Compile Driver","Beam Cell"],"picked":"Steam Power","floor":3.0},{"not_picked":["Self Repair","Rebound"],"picked":"Leap","floor":4.0},{"not_picked":["Thunder Strike","Storm"],"picked":"Hello World","floor":6.0},{"not_picked":["Redo","Stack"],"picked":"Static Discharge","floor":8.0},{"not_picked":["Storm","Beam Cell"],"picked":"Gash","floor":10.0},{"not_picked":["Streamline","Barrage"],"picked":"Beam Cell","floor":11.0},{"not_picked":["Sweeping Beam","Storm"],"picked":"Rebound","floor":13.0},{"not_picked":["Hyperbeam","Multi-Cast"],"picked":"Meteor Strike","floor":16.0},{"not_picked":["Conserve Battery","Reinforced Body"],"picked":"Turbo+1","floor":18.0},{"not_picked":["Rip and Tear","Barrage"],"picked":"Gash","floor":19},{"not_picked":["Streamline","Ball Lightning"],"picked":"Compile Driver","floor":21},{"not_picked":["Capacitor","Reinforced Body"],"picked":"Go for the Eyes+1","floor":27},{"not_picked":["Heatsinks","Double Energy","Ball Lightning"],"picked":"SKIP","floor":28},{"not_picked":["Streamline+1","Hello World"],"picked":"Chaos","floor":30},{"not_picked":["Turbo","Rebound"],"picked":"Undo+1","floor":31},{"not_picked":["Capacitor","Leap"],"picked":"Creative AI","floor":32},{"not_picked":["Reboot","Hyperbeam"],"picked":"Creative AI","floor":33},{"not_picked":["Beam Cell","Recycle","Streamline"],"picked":"SKIP","floor":35},{"not_picked":["Sunder","FTL"],"picked":"Defragment","floor":36},{"not_picked":["FTL","Beam Cell"],"picked":"Undo","floor":36},{"not_picked":["Rip and Tear","Darkness"],"picked":"Amplify","floor":36},{"not_picked":["Steam","Streamline"],"picked":"Recycle+1","floor":36},{"not_picked":["Streamline","Hologram"],"picked":"Chaos+1","floor":36},{"not_picked":["Doom and Gloom","Go for the Eyes","Steam"],"picked":"SKIP","floor":37}],"player_experience":2918023,"relics_obtained":[{"floor":6.0,"key":"Lizard Tail"},{"floor":8.0,"key":"Dead Branch"},{"floor":9.0,"key":"StoneCalendar"},{"floor":11.0,"key":"Unceasing Top"},{"floor":26,"key":"Dream Catcher"},{"floor":27,"key":"Red Mask"},{"floor":29,"key":"Gremlin Horn"},{"floor":31,"key":"The Courier"}],"event_choices":[{"damage_healed":0.0,"max_hp_gain":0.0,"max_hp_loss":0.0,"gold_gain":0.0,"cards_transformed":["Strike_B"],"event_name":"Living Wall","player_choice":"Change","floor":2.0,"gold_loss":0.0,"damage_taken":0.0,"cards_obtained":["Recycle"]},{"damage_healed":17.0,"max_hp_gain":0.0,"max_hp_loss":0.0,"gold_gain":0.0,"event_name":"The Cleric","player_choice":"Healed","floor":5.0,"gold_loss":35.0,"damage_taken":0.0},{"damage_healed":0.0,"max_hp_gain":0.0,"max_hp_loss":0.0,"gold_gain":0.0,"event_name":"Match and Keep!","player_choice":"1 cards matched","floor":14.0,"gold_loss":0.0,"damage_taken":0.0,"cards_obtained":["Heatsinks"]},{"damage_healed":0,"gold_gain":0,"player_choice":"Stole Relic","damage_taken":0,"relics_obtained":["Kunai"],"max_hp_gain":0,"max_hp_loss":0,"event_name":"Addict","floor":24,"gold_loss":0,"cards_obtained":["Shame"]},{"damage_healed":0,"gold_gain":0,"player_choice":"Fought Bandits","damage_taken":0,"max_hp_gain":0,"max_hp_loss":0,"event_name":"Masked Bandits","floor":27,"gold_loss":0},{"damage_healed":0,"gold_gain":0,"player_choice":"Fight","damage_taken":0,"max_hp_gain":0,"max_hp_loss":0,"event_name":"Mysterious Sphere","floor":38,"gold_loss":0}],"is_beta":false,"boss_relics":[{"not_picked":["Philosopher\u0027s Stone","Astrolabe"],"picked":"SlaversCollar"},{"not_picked":["Runic Dome","Snecko Eye"],"picked":"Pandora\u0027s Box"}],"items_purged_floors":[20],"is_endless":false,"potions_floor_spawned":[3,4,11,16,21,33,35],"killed_by":"2 Orb Walkers","ascension_level":20}}