{"host":"7w6ov1yk0fsofwk8","time":1612966511,"event":{"mods":["AchievementEnabler","BaseMod","Hermit","Minty Spire (QoL Compilation)","StSLib","The Cursed","The Hierophant","The Runesmith","The Senshi","The Servant 0.9.4"],"gold_per_floor":[116,132,151,151,169,169,203,203,228,228,228],"floor_reached":10,"language":"ENG","playtime":463,"items_purged":[],"score":68,"play_id":"643d9f87-0ec1-44d8-a02e-a0fd81adfdba","local_time":"20210210091511","is_ascension_mode":false,"campfire_choices":[{"data":"theSenshi:MoonPrismPowerMakeUp","floor":6,"key":"SMITH"},{"data":"theSenshi:MoonPrincessHalation","floor":8,"key":"SMITH"}],"circlet_count":0,"master_deck":["theSenshi:SailorKick","theSenshi:SailorKick","theSenshi:SailorKick","theSenshi:SailorKick","theSenshi:SailorBlock+1","theSenshi:SailorBlock","theSenshi:SailorBlock","theSenshi:SailorBlock","theSenshi:RoseThrow+1","theSenshi:MoonPrismPowerMakeUp+1","theSenshi:SchoolBag","theSenshi:SupersonicWaves","theSenshi:MoonPrincessHalation+1","theSenshi:MoonPrincessHalation"],"relics":["theSenshi:TransformationBroochRelic","Bag of Preparation","Potion Belt"],"acts_visited":["Exordium"],"potions_floor_usage":[10],"damage_taken":[{"damage":2,"enemies":"Jaw Worm","floor":1,"turns":3},{"damage":0,"enemies":"2 Louse","floor":2,"turns":2},{"damage":3,"enemies":"Cultist","floor":3,"turns":5},{"damage":6,"enemies":"Large Slime","floor":5,"turns":6},{"damage":44,"enemies":"Gremlin Nob","floor":7,"turns":5},{"damage":19,"enemies":"3 Sentries","floor":10,"turns":2}],"seed_played":"-8354777465932810981","potions_obtained":[{"floor":1,"key":"SpeedPotion"},{"floor":5,"key":"Explosive Potion"}],"is_trial":false,"path_per_floor":["M","M","M","?","M","R","E","R","T","E"],"character_chosen":"THE_SENSHI","items_purchased":[],"campfire_rested":0,"item_purchase_floors":[],"current_hp_per_floor":[80,80,77,61,55,55,11,11,11,0,0],"gold":228,"neow_bonus":"TEN_PERCENT_HP_BONUS","is_daily":false,"chose_seed":false,"campfire_upgraded":2,"win_rate":0.0,"timestamp":1612966511,"path_taken":["M","M","M","?","M","R","E","R","T","E"],"items_purchased_type":[],"build_version":"2020-12-22","purchased_purges":0,"victory":false,"max_hp_per_floor":[82,82,82,82,82,82,82,82,82,82,82],"card_choices":[{"not_picked":["theSenshi:SailorPlanetAttack","theSenshi:MoonsReflection"],"picked":"theSenshi:SchoolBag","floor":1},{"not_picked":["theSenshi:SailorMercuryAssists","theSenshi:TuxedoMaskAssists","theSenshi:TallSilhouette"],"picked":"SKIP","floor":2},{"not_picked":["theSenshi:SailorMarsAssists","theSenshi:Sidestep"],"picked":"theSenshi:SupersonicWaves","floor":3},{"not_picked":["theSenshi:InTheNameOfTheMoon","theSenshi:SteeledNerves"],"picked":"theSenshi:MoonPrincessHalation","floor":5},{"not_picked":["theSenshi:SailorVenusAssists","theSenshi:KlutzyLuck"],"picked":"theSenshi:MoonPrincessHalation","floor":7}],"player_experience":8336,"relics_obtained":[{"floor":7,"key":"Bag of Preparation"},{"floor":9,"key":"Potion Belt"}],"event_choices":[{"damage_healed":0,"gold_gain":0,"player_choice":"Entered Light","damage_taken":16,"max_hp_gain":0,"max_hp_loss":0,"event_name":"Shining Light","floor":4,"gold_loss":0,"cards_upgraded":["theSenshi:SailorBlock","theSenshi:RoseThrow"]}],"is_beta":false,"boss_relics":[],"items_purged_floors":[],"is_endless":false,"potions_floor_spawned":[1,5],"killed_by":"3 Sentries","ascension_level":0}}