{"host":"plbsiuh3vwan8ocg","time":1612997999,"event":{"mods":["BaseMod","Downfall","Minty Spire (QoL Compilation)","Quick Restart","StSLib"],"gold_per_floor":[349,362,380,480,480,493,517,417,451,98,124,138,138,173,188,285,285,185,202,202,105,115,115,115,130,130,130,143,143,161,2,19,115,115,115,134,134,72,86,86,86,105,17,17,29,29,29,44,63,63],"floor_reached":51,"language":"ENG","playtime":10207,"items_purged":[],"score":659,"play_id":"5b90394c-d3ca-46d5-b706-ca1136fc1e1c","local_time":"20210210175959","is_ascension_mode":false,"campfire_choices":[{"floor":1.0,"key":"RECALL"},{"floor":8.0,"key":"REST"},{"floor":13.0,"key":"DIG"},{"floor":18.0,"key":"DIG"},{"floor":23.0,"key":"DIG"},{"floor":27.0,"key":"DIG"},{"floor":29.0,"key":"DIG"},{"floor":35.0,"key":"DIG"},{"floor":44.0,"key":"DIG"},{"floor":47.0,"key":"REST"}],"circlet_count":0,"master_deck":["champ:Strike","champ:Strike+1","champ:Defend","champ:Defend","champ:Defend","champ:Execute","champ:Taunt+1","champ:EnGarde","champ:FaceSlap+1","champ:FlashCut","champ:IgnorePain","champ:FanOfKnives","champ:ShieldWall","champ:PreemptiveStrike","champ:FlashCut","champ:DancingMaster","champ:GutPunch","champ:Improvising","champ:Circumvent+1","champ:ArenaPreparation","expansioncontent:YouAreMine","champ:SkillfulDodge","champ:ViciousMockery+1","champ:RecklessLeap","champ:SteelEdge","champ:CalledShot","champ:CheapShot","champ:DeathBlow+1","champ:MurderStrike+1","champ:HeartStrike+1","champ:BringItOn","champ:Haymaker+1","champ:Improvising","expansioncontent:Chronoboost","champ:ShieldSlam","champ:TornadoPunch","expansioncontent:Hexaburn","champ:Shatter+1","champ:Parry","champ:Lariat"],"relics":["champ:ChampionCrownUpgraded","PreservedInsect","downfall:HeartBlessingRed","Question Card","Shovel","Odd Mushroom","Meat on the Bone","Mercury Hourglass","downfall:HeartBlessingGreen","downfall:RedIOU","Sundial","Torii","champ:GladiatorsBookOfMartialProwess","Centennial Puzzle","Regal Pillow","Medical Kit","Astrolabe","Gremlin Horn","Juzu Bracelet","DollysMirror","Whetstone","Lizard Tail"],"acts_visited":["Exordium","TheCity","TheBeyond"],"potions_floor_usage":[50],"damage_taken":[{"damage":14.0,"enemies":"2 Louse","floor":2.0,"turns":2.0},{"damage":16.0,"enemies":"Jaw Worm","floor":3.0,"turns":5.0},{"damage":12.0,"enemies":"Cultist","floor":6.0,"turns":4.0},{"damage":10.0,"enemies":"3 Sentries","floor":9.0,"turns":7.0},{"damage":5.0,"enemies":"downfall:FleeingMerchant","floor":10.0,"turns":4.0},{"damage":26.0,"enemies":"The Mushroom Lair","floor":11.0,"turns":5.0},{"damage":10.0,"enemies":"Blue Slaver","floor":12.0,"turns":3.0},{"damage":34.0,"enemies":"Lagavulin","floor":14.0,"turns":6.0},{"damage":7.0,"enemies":"Exordium Wildlife","floor":15.0,"turns":4.0},{"damage":44.0,"enemies":"DF_ARCHETYPE_STREAMLINE","floor":16.0,"turns":9.0},{"damage":7.0,"enemies":"3 Byrds","floor":19.0,"turns":3.0},{"damage":0.0,"enemies":"downfall:FleeingMerchant","floor":21.0,"turns":4.0},{"damage":23.0,"enemies":"Chosen and Byrds","floor":22.0,"turns":5.0},{"damage":45.0,"enemies":"3 Cultists","floor":25.0,"turns":5.0},{"damage":44.0,"enemies":"Snecko","floor":28.0,"turns":5.0},{"damage":41.0,"enemies":"Shelled Parasite and Fungi","floor":30.0,"turns":6.0},{"damage":10.0,"enemies":"downfall:FleeingMerchant","floor":31.0,"turns":4.0},{"damage":13.0,"enemies":"Snake Plant","floor":32.0,"turns":5.0},{"damage":46.0,"enemies":"IC_MUSHROOM_ARCHETYPE","floor":33.0,"turns":6.0},{"damage":22.0,"enemies":"3 Shapes","floor":36.0,"turns":4.0},{"damage":15.0,"enemies":"downfall:FleeingMerchant","floor":38.0,"turns":1.0},{"damage":15.0,"enemies":"Orb Walker","floor":39.0,"turns":2.0},{"damage":15.0,"enemies":"Maw","floor":42.0,"turns":9.0},{"damage":33.0,"enemies":"Transient","floor":45.0,"turns":5.0},{"damage":30.0,"enemies":"3 Darklings","floor":48.0,"turns":4.0},{"damage":20.0,"enemies":"Sphere and 2 Shapes","floor":49.0,"turns":2.0},{"damage":76,"enemies":"SI_POISON_ARCHETYPE","floor":50,"turns":19}],"seed_played":"-7210073817619647584","potions_obtained":[{"floor":3.0,"key":"LiquidBronze"},{"floor":11.0,"key":"Guardian:BlockOnCardUsePotion"},{"floor":12.0,"key":"Fire Potion"},{"floor":14.0,"key":"Weak Potion"},{"floor":16.0,"key":"DuplicationPotion"},{"floor":19.0,"key":"Explosive Potion"},{"floor":22.0,"key":"SteroidPotion"},{"floor":32.0,"key":"LiquidMemories"},{"floor":33.0,"key":"Energy Potion"},{"floor":36.0,"key":"PowerPotion"},{"floor":42.0,"key":"champ:CounterPotion"}],"is_trial":false,"path_per_floor":["R","M","M","?","?","M","T","R","E","$","?","M","R","E","M","B",null,"R","M","?","$","M","R","T","M","?","R","M","R","M","$","M","B",null,"R","M","?","$","M","?","T","M","$","R","M","$","R","M","M","B",null],"character_chosen":"THE_CHAMP","items_purchased":["Shovel","champ:ShieldWall","expansioncontent:YouAreMine","Medical Kit","Juzu Bracelet","DollysMirror","expansioncontent:Chronoboost","expansioncontent:Hexaburn"],"campfire_rested":2,"item_purchase_floors":[10,10,21,31,38,38,38,43],"current_hp_per_floor":[63,59,53,53,53,51,51,78,68,68,52,52,52,40,45,18,90,90,83,83,83,75,75,75,67,67,67,65,65,76,76,68,44,90,90,83,83,83,83,83,83,83,83,83,55,55,90,90,70,46],"gold":63,"neow_bonus":"TWO_FIFTY_GOLD","is_daily":false,"chose_seed":false,"campfire_upgraded":0,"win_rate":0.0,"timestamp":1612997999,"path_taken":["R","M","M","?","?","?","T","R","E","$","?","M","R","E","M","BOSS","R","M","?","$","M","R","T","M","?","R","M","R","M","$","M","BOSS","R","M","?","$","M","?","T","M","?","R","M","$","R","M","M","BOSS"],"items_purchased_type":["Relic","Card","Card","Relic","Relic","Relic","Card","Card"],"build_version":"2020-12-22","purchased_purges":0,"victory":true,"max_hp_per_floor":[90,90,90,90,90,90,90,90,90,90,90,90,90,90,90,90,90,90,90,90,90,90,90,90,90,90,90,90,90,90,90,90,90,90,90,90,90,90,90,90,90,90,90,90,90,90,90,90,90,90],"card_choices":[{"not_picked":["champ:Shatter","champ:FaceSlap"],"picked":"champ:EnGarde","floor":2.0},{"not_picked":["champ:PreciseThrust","champ:EnGarde"],"picked":"champ:FaceSlap","floor":3.0},{"not_picked":["champ:FanOfKnives","champ:PreciseThrust"],"picked":"champ:FlashCut","floor":6.0},{"not_picked":["champ:Duel","champ:SkillfulDodge"],"picked":"champ:IgnorePain","floor":9.0},{"not_picked":["champ:BladeFlurry","champ:EnragedBash","champ:DeathBlow"],"picked":"champ:FanOfKnives","floor":10.0},{"not_picked":["champ:EnGarde","champ:AdrenalArmor","champ:Haymaker"],"picked":"champ:PreemptiveStrike","floor":11.0},{"not_picked":["champ:PreciseThrust","champ:BladeFlurry","champ:FocusedBerserking"],"picked":"champ:FlashCut","floor":12.0},{"not_picked":["champ:CalledShot","champ:FanOfKnives","champ:SetATrap"],"picked":"champ:DancingMaster","floor":14.0},{"not_picked":["champ:EnragedBash","champ:TornadoPunch","champ:EnGarde"],"picked":"champ:GutPunch","floor":15.0},{"not_picked":["champ:SwordThrow","champ:MurderStrike","champ:SteelEdge"],"picked":"champ:Improvising","floor":16.0},{"not_picked":["champ:FlashCut","champ:BerserkerStyle","champ:FocusedBerserking"],"picked":"champ:Circumvent+1","floor":19.0},{"not_picked":["champ:Shatter","champ:ViciousMockery","champ:BerserkersShout"],"picked":"champ:ArenaPreparation","floor":21.0},{"not_picked":["champ:Backstep","champ:StanceDance","champ:Haymaker"],"picked":"champ:SkillfulDodge","floor":22.0},{"not_picked":["champ:RecklessLeap","champ:FalseCounter","champ:BerserkerStyle+1"],"picked":"champ:ViciousMockery+1","floor":25.0},{"not_picked":["champ:FanOfKnives+1","champ:EnragedBash","champ:ViciousMockery"],"picked":"champ:RecklessLeap","floor":28.0},{"not_picked":["champ:DefensiveShout","champ:EndlessRage+1","champ:CrownThrow"],"picked":"champ:SteelEdge","floor":30.0},{"not_picked":["champ:FanOfKnives","champ:SteelEdge","champ:ViciousMockery"],"picked":"champ:CrownThrow","floor":31.0},{"not_picked":["champ:GutPunch","champ:PerfectedStrike","champ:FlashCut"],"picked":"champ:CalledShot","floor":32.0},{"not_picked":["champ:SteelEdge","champ:MurderStrike","champ:ShieldThrow"],"picked":"champ:CheapShot","floor":33.0},{"not_picked":["champ:EnGarde","champ:BladeFlurry","champ:Backstep+1"],"picked":"champ:BringItOn","floor":36.0},{"not_picked":["champ:CrookedStrike+1","champ:EnGarde","champ:StanceDance"],"picked":"champ:Haymaker+1","floor":38.0},{"not_picked":["champ:DeathBlow","champ:RisingSlash","champ:FaceSlap+1"],"picked":"champ:ShieldSlam","floor":39.0},{"not_picked":["champ:PerfectedStrike","champ:SteelEdge","champ:BringItOn"],"picked":"champ:TornadoPunch","floor":42.0},{"not_picked":["champ:FlashCut+1","champ:BladeFlurry+1","champ:EndlessRage"],"picked":"champ:Shatter+1","floor":45.0},{"not_picked":["champ:BerserkersShout+1","champ:CrownThrow","champ:BringItOn+1"],"picked":"champ:Parry","floor":48.0},{"not_picked":["champ:Haymaker","champ:PreemptiveStrike","champ:DefensiveStyle"],"picked":"champ:Lariat","floor":49.0}],"player_experience":519979,"relics_obtained":[{"floor":7.0,"key":"PreservedInsect"},{"floor":9.0,"key":"Question Card"},{"floor":11.0,"key":"Odd Mushroom"},{"floor":13.0,"key":"Meat on the Bone"},{"floor":14.0,"key":"Mercury Hourglass"},{"floor":18.0,"key":"champ:DefensiveTrainingManual"},{"floor":23.0,"key":"Sundial"},{"floor":24.0,"key":"Torii"},{"floor":27.0,"key":"Centennial Puzzle"},{"floor":29.0,"key":"Regal Pillow"},{"floor":35.0,"key":"Gremlin Horn"},{"floor":41.0,"key":"Whetstone"},{"floor":44.0,"key":"Lizard Tail"}],"event_choices":[{"damage_healed":0.0,"max_hp_gain":0.0,"max_hp_loss":0.0,"gold_gain":0.0,"event_name":"Mushrooms","player_choice":"Fought Mushrooms","floor":11.0,"gold_loss":0.0,"damage_taken":0.0},{"cards_removed":["champ:CrownThrow"],"damage_healed":0.0,"max_hp_gain":0.0,"max_hp_loss":0.0,"gold_gain":0.0,"event_name":"Falling","player_choice":"Removed Attack","floor":37.0,"gold_loss":0.0,"damage_taken":0.0}],"is_beta":false,"boss_relics":[{"not_picked":["Tiny House","Runic Dome"],"picked":"champ:ChampionCrownUpgraded"},{"not_picked":["Pandora\u0027s Box","Coffee Dripper"],"picked":"Astrolabe"}],"items_purged_floors":[],"is_endless":false,"potions_floor_spawned":[3,11,12,14,16,19,22,32,33,36,42],"ascension_level":0}}