{"host":"sc0o2qwpf9j16a4i","time":1612973767,"event":{"mods":["AchievementEnabler","BaseMod","BetterRewards","Block Reminder","Colored Map","Colored Powertips","Custom Start","Highlight Path","Minty Spire (QoL Compilation)","Relic Stats"],"gold_per_floor":[111,111,126,126,139,166,186,186,254,280,295,295,295,311,311,416,416,431,420,66,82,82,82,82],"floor_reached":23,"language":"ENG","playtime":791,"items_purged":[],"score":228,"play_id":"fdf047da-20eb-4f1a-a3ed-20d8abfed85e","local_time":"20210210181607","daily_mods":["Chimera","Purple Cards","Terminal"],"is_ascension_mode":false,"campfire_choices":[{"data":"SashWhip","floor":12,"key":"SMITH"},{"data":"WaveOfTheHand","floor":15,"key":"SMITH"}],"circlet_count":0,"master_deck":["Bash","Survivor","Eruption","Strike_R","Strike_G","Strike_B","Defend_R","Defend_G","Defend_P","SashWhip+1","Swivel+1","Decay","EmptyFist+1","ThirdEye","Static Discharge","WaveOfTheHand+1","Reinforced Body","CrushJoints","CutThroughFate","Blasphemy","Evaluate","Evaluate","EmptyFist","Coolheaded","RitualDagger"],"relics":["Cracked Core","FossilizedHelix","Question Card","Juzu Bracelet","Black Star","Vajra","Medical Kit"],"acts_visited":["Exordium","TheCity"],"potions_floor_usage":[7,16,21],"damage_taken":[{"damage":0,"enemies":"Small Slimes","floor":1,"turns":4},{"damage":0,"enemies":"Cultist","floor":3,"turns":3},{"damage":0,"enemies":"Jaw Worm","floor":5,"turns":4},{"damage":0,"enemies":"Lagavulin","floor":6,"turns":6},{"damage":0,"enemies":"Large Slime","floor":7,"turns":2},{"damage":4,"enemies":"3 Sentries","floor":10,"turns":8},{"damage":0,"enemies":"Exordium Wildlife","floor":11,"turns":6},{"damage":0,"enemies":"Red Slaver","floor":14,"turns":3},{"damage":15,"enemies":"Hexaghost","floor":16,"turns":8},{"damage":0,"enemies":"Shell Parasite","floor":18,"turns":7},{"damage":0,"enemies":"2 Thieves","floor":19,"turns":4},{"damage":0,"enemies":"Snake Plant","floor":21,"turns":3},{"damage":3,"enemies":"Book of Stabbing","floor":23,"turns":6}],"seed_played":"4904894299216097846","potions_obtained":[{"floor":5,"key":"EssenceOfDarkness"},{"floor":6,"key":"SteroidPotion"},{"floor":11,"key":"PotionOfCapacity"},{"floor":16,"key":"SpeedPotion"},{"floor":19,"key":"Explosive Potion"},{"floor":21,"key":"SmokeBomb"}],"is_trial":true,"path_per_floor":["M","?","M","?","M","E","M","?","T","E","M","R","?","M","R","B",null,"M","M","$","M","?","E"],"character_chosen":"DEFECT","items_purchased":["Vajra","Medical Kit","EmptyFist"],"campfire_rested":0,"item_purchase_floors":[20,20,20],"current_hp_per_floor":[73,72,71,70,69,68,67,66,65,61,61,61,49,49,49,34,57,56,55,54,53,47,44,44],"gold":82,"neow_bonus":"","is_daily":false,"chose_seed":false,"campfire_upgraded":2,"win_rate":0.0,"timestamp":1612973767,"path_taken":["M","?","M","?","M","E","?","?","T","E","M","R","?","M","R","BOSS","M","M","$","M","?","E"],"items_purchased_type":["Relic","Relic","Card"],"build_version":"2020-12-22","purchased_purges":0,"victory":false,"max_hp_per_floor":[73,72,71,70,69,68,67,66,65,64,63,62,61,60,59,58,57,56,55,54,53,52,52,52],"relic_stats":{"counters":[13,64],"Juzu Bracelet":1,"Black Star":0,"Question Card":7,"Medical Kit":[0],"obtain_stats":[{"Vajra":20,"Juzu Bracelet":10,"Black Star":17,"Cracked Core":0,"Question Card":9,"Medical Kit":20,"FossilizedHelix":6},{"Vajra":11,"Juzu Bracelet":6,"Black Star":9,"Cracked Core":0,"Question Card":5,"Medical Kit":11,"FossilizedHelix":4},{"Vajra":55,"Juzu Bracelet":27,"Black Star":44,"Cracked Core":0,"Question Card":19,"Medical Kit":55,"FossilizedHelix":17}]},"card_choices":[{"not_picked":["Gash","FlyingSleeves"],"picked":"SashWhip","floor":1},{"not_picked":["Coolheaded","Sunder"],"picked":"Swivel","floor":3},{"not_picked":["ClearTheMind","Chill"],"picked":"EmptyFist","floor":5},{"not_picked":["MasterReality","Sweeping Beam"],"picked":"ThirdEye","floor":6},{"not_picked":["Steam Power","Collect"],"picked":"Static Discharge","floor":7},{"not_picked":["WreathOfFlame","Redo","ForeignInfluence"],"picked":"Reinforced Body","floor":10},{"not_picked":["Barrage","Compile Driver","JustLucky"],"picked":"CrushJoints","floor":11},{"not_picked":["Go for the Eyes","WheelKick","Scrape"],"picked":"CutThroughFate","floor":14},{"not_picked":["Establishment","Creative AI","Omniscience"],"picked":"Blasphemy","floor":16},{"not_picked":["FollowUp","Consecrate+1","Chaos"],"picked":"Evaluate","floor":18},{"not_picked":["Pray+1","Weave","Halt"],"picked":"Evaluate","floor":19},{"not_picked":["PathToVictory","Fasting2","Self Repair"],"picked":"Coolheaded","floor":21}],"player_experience":1316367,"relics_obtained":[{"floor":6,"key":"FossilizedHelix"},{"floor":9,"key":"Question Card"},{"floor":10,"key":"Juzu Bracelet"}],"event_choices":[{"damage_healed":0,"gold_gain":0,"player_choice":"Leave","damage_taken":0,"max_hp_gain":0,"max_hp_loss":0,"event_name":"The Cleric","floor":2,"gold_loss":0},{"damage_healed":0,"gold_gain":0,"player_choice":"Cursed","damage_taken":0,"max_hp_gain":0,"max_hp_loss":0,"event_name":"Wheel of Change","floor":4,"gold_loss":0,"cards_obtained":["Decay"]},{"damage_healed":0,"gold_gain":0,"cards_transformed":["Zap"],"player_choice":"Transformed","damage_taken":0,"max_hp_gain":0,"max_hp_loss":0,"event_name":"Transmorgrifier","floor":8,"gold_loss":0,"cards_obtained":["WaveOfTheHand"]},{"damage_healed":0,"gold_gain":0,"player_choice":"Entered Light","damage_taken":12,"max_hp_gain":0,"max_hp_loss":0,"event_name":"Shining Light","floor":13,"gold_loss":0,"cards_upgraded":["Swivel","EmptyFist"]},{"damage_healed":0,"gold_gain":0,"player_choice":"Joined the Cult","damage_taken":6,"max_hp_gain":0,"max_hp_loss":0,"event_name":"Nest","floor":22,"gold_loss":0,"cards_obtained":["RitualDagger"]}],"is_beta":false,"boss_relics":[{"not_picked":["Empty Cage","Busted Crown"],"picked":"Black Star"}],"items_purged_floors":[],"is_endless":false,"potions_floor_spawned":[5,6,11,16,19,21],"killed_by":"Book of Stabbing","ascension_level":0}}