{"host":"z2o61o1qvcmvhuul","time":1612956127,"event":{"mods":["Alarm Clock","BaseMod","Minty Spire (QoL Compilation)","Quick Restart","Relic Filter Mod","Spicy Shops","StSLib","Starting Relic: Pandora\u0027s Box","SuperFastMode","¡¾ÒÅÎï¿¨ÅÆ¡¿REMEMod"],"gold_per_floor":[118,118,43,58,73,73,89,89,89,116,116,127,154,54,54,153,153,166,265,265,140,160,193,193,211,211,211,244,244,277,292,292,397,397,409,119,168,181,0,25,25,25,25,25,25,25,25,39,39,39,39,39,39,73,73],"floor_reached":56,"language":"ZHS","playtime":1555,"items_purged":["Distraction","Heel Hook","Quick Slash","Dodge and Roll"],"score":1514,"play_id":"1af6049d-ceff-4d29-9cd7-11b5c5bcf6a3","local_time":"20210210192207","is_ascension_mode":false,"campfire_choices":[{"data":"Blade Dance","floor":6.0,"key":"SMITH"},{"data":"Blade Dance","floor":8.0,"key":"SMITH"},{"data":"Neutralize","floor":15,"key":"SMITH"},{"data":"Acrobatics","floor":24,"key":"SMITH"},{"data":"Calculated Gamble","floor":29,"key":"SMITH"},{"data":"Tactician","floor":32,"key":"SMITH"},{"data":"REME_SpectralBlade","floor":41,"key":"SMITH"},{"floor":47,"key":"RECALL"},{"data":"REME_FirmDetermination","floor":49,"key":"SMITH"},{"data":"Well Laid Plans","floor":52,"key":"SMITH"}],"circlet_count":6,"master_deck":["Survivor","Neutralize+1","Escape Plan","Backflip","Blade Dance+1","Well Laid Plans+1","A Thousand Cuts","Acrobatics+1","Escape Plan","Blade Dance+1","Adrenaline","Tactician+1","REME_SpectralBlade+1","Calculated Gamble+1","After Image","Acrobatics+1","After Image","Prepared+1","REME_FirmDetermination+1"],"relics":["Pandora\u0027s Box","REME_ComplimentaryCards","NeowsBlessing","FaceOfCleric","Lantern","Question Card","Mummified Hand","WristBlade","Omamori","Bird Faced Urn","MutagenicStrength","Dead Branch","Circlet","Red Mask"],"acts_visited":["Exordium","TheCity","TheBeyond","TheEnding"],"potions_floor_usage":[50,55],"damage_taken":[{"damage":0.0,"enemies":"Jaw Worm","floor":1.0,"turns":1.0},{"damage":0.0,"enemies":"Cultist","floor":4.0,"turns":1.0},{"damage":0.0,"enemies":"Small Slimes","floor":5.0,"turns":1.0},{"damage":4.0,"enemies":"Exordium Thugs","floor":7.0,"turns":3.0},{"damage":13.0,"enemies":"Gremlin Nob","floor":10.0,"turns":3.0},{"damage":5.0,"enemies":"3 Louse","floor":12.0,"turns":3.0},{"damage":15.0,"enemies":"Lagavulin","floor":13.0,"turns":4.0},{"damage":0,"enemies":"The Guardian","floor":16,"turns":10},{"damage":0,"enemies":"3 Byrds","floor":18,"turns":2},{"damage":0,"enemies":"Chosen","floor":22,"turns":2},{"damage":4,"enemies":"Slavers","floor":23,"turns":2},{"damage":0,"enemies":"3 Cultists","floor":25,"turns":2},{"damage":0,"enemies":"REME_1_Revenger","floor":28,"turns":2},{"damage":0,"enemies":"Slavers","floor":30,"turns":2},{"damage":0,"enemies":"Centurion and Healer","floor":31,"turns":2},{"damage":20,"enemies":"Collector","floor":33,"turns":3},{"damage":0,"enemies":"Orb Walker","floor":35,"turns":2},{"damage":0,"enemies":"2 Orb Walkers","floor":37,"turns":1},{"damage":0,"enemies":"3 Darklings","floor":38,"turns":1},{"damage":0,"enemies":"Reptomancer","floor":40,"turns":1},{"damage":0,"enemies":"Transient","floor":48,"turns":4},{"damage":0,"enemies":"Time Eater","floor":50,"turns":5},{"damage":0,"enemies":"Shield and Spear","floor":54,"turns":1},{"damage":5,"enemies":"The Heart","floor":55,"turns":5}],"seed_played":"3140964585661162097","potions_obtained":[{"floor":1.0,"key":"Swift Potion"},{"floor":5.0,"key":"Regen Potion"},{"floor":12.0,"key":"PowerPotion"},{"floor":13.0,"key":"CunningPotion"},{"floor":22,"key":"SpeedPotion"},{"floor":23,"key":"CunningPotion"},{"floor":54,"key":"Strength Potion"}],"is_trial":false,"path_per_floor":["M","?","$","M","M","R","M","R","T","E","?","M","E","$","R","B",null,"M","?","?","$","M","E","R","M","T","?","E","R","E","M","R","B",null,"M","$","?","M","?","E","R","?","T","$","?","T","R","M","R","B",null,"R","$","E","B",null],"character_chosen":"THE_SILENT","items_purchased":["After Image"],"campfire_rested":0,"item_purchase_floors":[36],"current_hp_per_floor":[70,70,70,71,72,72,69,69,69,61,61,57,43,43,43,44,77,78,78,78,78,79,76,76,77,77,77,82,82,83,84,84,67,85,86,86,87,88,88,89,89,79,79,79,79,79,79,90,90,91,91,91,91,92,93],"gold":73,"neow_bonus":"THREE_ENEMY_KILL","is_daily":false,"chose_seed":false,"campfire_upgraded":9,"win_rate":0.0,"timestamp":1612956127,"path_taken":["M","?","$","?","M","R","M","R","T","E","?","M","E","?","R","BOSS","M","?","?","$","?","E","R","?","T","?","E","R","E","M","R","BOSS","M","$","?","M","?","E","R","?","T","?","?","?","R","M","R","BOSS","R","$","E","BOSS"],"items_purchased_type":["Card"],"build_version":"2020-12-22","purchased_purges":4,"victory":true,"max_hp_per_floor":[70,70,70,71,72,72,73,73,73,74,74,75,76,76,76,77,77,78,78,78,78,79,80,80,81,81,81,82,82,83,84,84,85,85,86,86,87,88,88,89,89,89,89,89,89,89,89,90,90,91,91,91,91,92,93],"card_choices":[{"not_picked":["Deflect","Quick Slash"],"picked":"Acrobatics","floor":1.0},{"not_picked":["Slice","Cloak And Dagger","Underhanded Strike"],"picked":"SKIP","floor":4.0},{"not_picked":["Deflect","Riddle With Holes"],"picked":"Escape Plan","floor":5.0},{"not_picked":["Storm of Steel","Bane"],"picked":"Blade Dance","floor":7.0},{"not_picked":["Dagger Spray","Dagger Throw","REME_ShadowStrike"],"picked":"SKIP","floor":10.0},{"not_picked":["Dagger Throw","Poisoned Stab","Riddle With Holes","Outmaneuver"],"picked":"SKIP","floor":12.0},{"not_picked":["Dodge and Roll","Underhanded Strike","Slice","Blur"],"picked":"SKIP","floor":13.0},{"not_picked":["Storm of Steel","Grand Finale","Wraith Form v2"],"picked":"Adrenaline","floor":16},{"not_picked":["Slice+1","Caltrops","PiercingWail","Backstab"],"picked":"SKIP","floor":18},{"not_picked":["Sucker Punch","Blur+1","Cloak And Dagger+1"],"picked":"Tactician","floor":22},{"not_picked":["Catalyst","Infinite Blades","Caltrops"],"picked":"REME_SpectralBlade","floor":23},{"not_picked":["Deflect+1","Dash","Flechettes+1"],"picked":"Calculated Gamble","floor":25},{"not_picked":["Sucker Punch+1","Bouncing Flask","Deflect+1","Corpse Explosion"],"picked":"SKIP","floor":28},{"not_picked":["Blade Dance","Backstab","Terror","Distraction"],"picked":"SKIP","floor":30},{"not_picked":["Cloak And Dagger","Sucker Punch+1","Escape Plan+1","Flying Knee"],"picked":"SKIP","floor":31},{"not_picked":["Glass Knife","Envenom","Tools of the Trade"],"picked":"After Image","floor":33},{"not_picked":["Reflex","PiercingWail+1","Calculated Gamble"],"picked":"Acrobatics+1","floor":35},{"not_picked":["Dagger Spray","Catalyst","Sucker Punch+1","Blur"],"picked":"SKIP","floor":38},{"not_picked":["Backstab","Deflect+1","PiercingWail"],"picked":"Prepared+1","floor":40},{"not_picked":["Mind Blast","Dark Shackles","Finesse"],"picked":"Panache","floor":42},{"not_picked":["Mind Blast","Finesse","Madness"],"picked":"REME_FirmDetermination","floor":42},{"not_picked":["Deflect","Escape Plan","Backstab","Blade Dance"],"picked":"SKIP","floor":48},{"not_picked":["Poisoned Stab+1","Flying Knee","Outmaneuver","Underhanded Strike"],"picked":"SKIP","floor":54}],"player_experience":64632,"relics_obtained":[{"floor":9.0,"key":"Lantern"},{"floor":10.0,"key":"Question Card"},{"floor":13.0,"key":"Mummified Hand"},{"floor":23,"key":"Omamori"},{"floor":26,"key":"Bird Faced Urn"},{"floor":28,"key":"Dead Branch"},{"floor":30,"key":"Circlet"},{"floor":37,"key":"Circlet"},{"floor":40,"key":"Circlet"},{"floor":46,"key":"Circlet"},{"floor":54,"key":"Circlet"}],"event_choices":[{"damage_healed":0.0,"max_hp_gain":0.0,"max_hp_loss":0.0,"gold_gain":0.0,"event_name":"FaceTrader","player_choice":"Trade","floor":2.0,"gold_loss":0.0,"damage_taken":0.0,"relics_obtained":["FaceOfCleric"]},{"cards_removed":["Dagger Throw"],"damage_healed":0.0,"max_hp_gain":0.0,"max_hp_loss":0.0,"gold_gain":0.0,"event_name":"Purifier","player_choice":"Purged","floor":11.0,"gold_loss":0.0,"damage_taken":0.0},{"damage_healed":0,"gold_gain":99,"player_choice":"Stole From Cult","damage_taken":0,"max_hp_gain":0,"max_hp_loss":0,"event_name":"Nest","floor":19,"gold_loss":0},{"cards_removed":["Infinite Blades"],"damage_healed":0,"gold_gain":0,"player_choice":"Offered Uncommon","damage_taken":0,"max_hp_gain":0,"max_hp_loss":0,"event_name":"Bonfire Elementals","floor":20,"gold_loss":0},{"damage_healed":0,"gold_gain":0,"player_choice":"Inject Mutagens","damage_taken":0,"relics_obtained":["MutagenicStrength"],"max_hp_gain":0,"max_hp_loss":0,"event_name":"Drug Dealer","floor":27,"gold_loss":0},{"damage_healed":0,"gold_gain":0,"player_choice":"Fight","damage_taken":0,"max_hp_gain":0,"max_hp_loss":0,"event_name":"Mysterious Sphere","floor":37,"gold_loss":0},{"damage_healed":0,"gold_gain":0,"player_choice":"Paid","damage_taken":0,"relics_obtained":["Red Mask"],"max_hp_gain":0,"max_hp_loss":0,"event_name":"Tomb of Lord Red Mask","floor":39,"gold_loss":181},{"damage_healed":0,"gold_gain":0,"player_choice":"Memory 3","damage_taken":10,"max_hp_gain":0,"max_hp_loss":0,"event_name":"SensoryStone","floor":42,"gold_loss":0},{"cards_removed":["Panache"],"damage_healed":0,"gold_gain":0,"player_choice":"Removed Power","damage_taken":0,"max_hp_gain":0,"max_hp_loss":0,"event_name":"Falling","floor":45,"gold_loss":0}],"is_beta":false,"boss_relics":[{"not_picked":["Astrolabe","Sozu"],"picked":"WristBlade"},{"not_picked":["Circlet","Circlet"],"picked":"Circlet"}],"items_purged_floors":[3,14,21,36],"is_endless":false,"potions_floor_spawned":[1,5,12,13,22,23,38,48,54],"ascension_level":0}}