{"host":"03szyvia947otbw5","time":1612981296,"event":{"mods":["Act Like it!","BaseMod","Better Note","Dota2Spire","Hallownest","Marisa£®ÏF”Í°°ƒß¿Ì…≥£©","Minty Spire (QoL Compilation)","Replay The Spire","Ryuuou¡˙Õı","Shop Mod","StSLib","The Blue Laboratory","The Bug Knight","The Runesmith","Thieving Mod","°æ“≈ŒÔø®≈∆°øREMEMod"],"gold_per_floor":[119,137,62,62,62,62,62,62,62,12,12,12,30,103,103,208,208,227,227,2,2,2,2,2,30,76,76,151,151,151,91,91,263,263,318,343,29,29,29,29,29,29,29,89,89,189,189,64,64,118,118],"floor_reached":50,"language":"ZHS","playtime":2005,"items_purged":["Overencumbered","Clumsy"],"score":739,"play_id":"5e8c1666-9532-4099-8cbf-f2fddb5bca32","local_time":"20210211022136","daily_mods":["SealedDeck","Vintage","Allstar","Colorless Cards","Heirloom","Time Dilation","Flight"],"is_ascension_mode":false,"campfire_choices":[{"data":"DevaForm","floor":6,"key":"SMITH"},{"data":"Wraith Form v2","floor":7,"key":"SMITH"},{"data":"Madness","floor":8,"key":"SMITH"},{"data":"Echo Form","floor":12,"key":"SMITH"},{"floor":15,"key":"DIG"},{"floor":23,"key":"REST"},{"data":"Transmutation","floor":24,"key":"SMITH"},{"floor":27,"key":"REST"},{"floor":29,"key":"REST"},{"floor":30,"key":"REST"},{"data":"Demon Form","floor":32,"key":"SMITH"},{"data":"Madness","floor":40,"key":"SMITH"},{"data":"Inflame","floor":41,"key":"SMITH"},{"data":"REME_EyeOfCthun","floor":42,"key":"SMITH"},{"data":"Clothesline","floor":45,"key":"SMITH"},{"data":"Heavy Blade","floor":47,"key":"SMITH"},{"floor":49,"key":"DIG"}],"circlet_count":0,"master_deck":["Demon Form+1","Wraith Form v2+1","Echo Form+1","DevaForm+1","Clothesline+1","REME_Scribble+1","Discovery+1","Iron Wave+1","Flex+1","Clothesline+1","Iron Wave+1","Inflame+1","Madness+1","Transmutation+1","Replay:Sluggish","CurseOfTheBell","Madness+1","REME_EyeOfCthun+1","Hallucinations","Heavy Blade+1","Immolate"],"relics":["Burning Blood","REME_ComplimentaryCards","Dota2Spire:DivineRapier","Eternal Feather","Dota2Spire:Dagon","Singing Bowl","Dota2Spire:OrchidMalevolence","The Courier","Whetstone","Bottled Lightning","Nloth\u0027s Gift","REME_ArchaeologicalTools","Replay:Rubber Ducky","Gremlin Food","Calling Bell","War Paint","Mercury Hourglass","Replay:Multitool","Blue Candle","Dota2Spire:MagicBottle","ReplayTheSpireMod:Ring of Addiction","Toy Ornithopter","SacredBark","MealTicket","CatCart","CeramicFish"],"acts_visited":["Exordium","TheCity","TheBeyond"],"potions_floor_usage":[16,16,44,50,50],"damage_taken":[{"damage":2,"enemies":"Small Slimes","floor":1,"turns":4},{"damage":2,"enemies":"Cultist","floor":2,"turns":3},{"damage":22,"enemies":"2 Louse","floor":13,"turns":3},{"damage":1,"enemies":"Fading Forest","floor":16,"turns":8},{"damage":44,"enemies":"2 Thieves","floor":18,"turns":4},{"damage":0,"enemies":"Spheric Guardian","floor":25,"turns":1},{"damage":24,"enemies":"Pondfish","floor":33,"turns":5},{"damage":24,"enemies":"3 Shapes","floor":35,"turns":4},{"damage":4,"enemies":"3 Darklings","floor":36,"turns":6},{"damage":52,"enemies":"Orin","floor":44,"turns":6},{"damage":327,"enemies":"Awakened One","floor":50,"turns":9}],"seed_played":"-962282054943752700","potions_obtained":[{"floor":1,"key":"Toxic Potion"},{"floor":13,"key":"Explosive Potion"},{"floor":18,"key":"Ancient Potion"},{"floor":33,"key":"FearPotion"},{"floor":35,"key":"Explosive Potion"},{"floor":36,"key":"PowerPotion"},{"floor":39,"key":"Energy Potion"},{"floor":44,"key":"LiquidBronze"}],"is_trial":true,"path_per_floor":["M","M","$","?","$","R","R","R","T","?","?","R","M","?","R","B",null,"M","?","$","?","T","R","R","M","T","R","?","R","R","$","R","B",null,"M","M","$","?","?","R","R","R","T","?","R","?","R","$","R","B"],"character_chosen":"IRONCLAD","items_purchased":["Madness","REME_EyeOfCthun","Immolate"],"campfire_rested":4,"item_purchase_floors":[37,37,48],"current_hp_per_floor":[82,84,84,84,84,84,84,84,84,84,84,84,70,70,76,88,88,52,52,32,32,32,68,77,83,83,90,81,90,90,90,90,80,98,83,88,88,88,88,97,104,104,102,70,82,82,94,103,103,0,0],"gold":118,"neow_bonus":"","is_daily":false,"chose_seed":false,"campfire_upgraded":11,"win_rate":0.0,"timestamp":1612981296,"path_taken":["M","M","$","?","?","R","R","R","T","?","?","R","?","?","R","BOSS","M","?","$","?","?","R","R","?","T","R","?","R","R","$","R","BOSS","M","M","$","?","?","R","R","R","T","?","R","?","R","$","R","BOSS"],"items_purchased_type":["Card","Card","Card"],"build_version":"2020-12-22","purchased_purges":2,"victory":false,"max_hp_per_floor":[82,84,84,84,84,84,84,84,84,84,84,84,86,86,86,88,88,90,90,90,90,90,90,90,90,90,90,90,90,90,90,90,98,98,101,104,104,104,104,104,104,104,102,105,105,105,105,103,103,106,106],"card_choices":[{"not_picked":["Eclipse","Berserk"],"picked":"Transmutation","floor":16},{"not_picked":["Reaper","Chrysalis","Secret Technique"],"picked":"Singing Bowl","floor":33},{"not_picked":["Havoc","Thunderclap"],"picked":"Heavy Blade","floor":44}],"player_experience":231619,"relics_obtained":[{"floor":1,"key":"Eternal Feather"},{"floor":2,"key":"Dota2Spire:Dagon"},{"floor":9,"key":"Dota2Spire:OrchidMalevolence"},{"floor":13,"key":"The Courier"},{"floor":15,"key":"Whetstone"},{"floor":18,"key":"Bottled Lightning"},{"floor":22,"key":"REME_ArchaeologicalTools"},{"floor":25,"key":"Replay:Rubber Ducky"},{"floor":26,"key":"Gremlin Food"},{"floor":34,"key":"War Paint"},{"floor":34,"key":"Mercury Hourglass"},{"floor":34,"key":"Replay:Multitool"},{"floor":35,"key":"Blue Candle"},{"floor":36,"key":"Dota2Spire:MagicBottle"},{"floor":39,"key":"ReplayTheSpireMod:Ring of Addiction"},{"floor":39,"key":"Toy Ornithopter"},{"floor":39,"key":"SacredBark"},{"floor":43,"key":"MealTicket"},{"floor":44,"key":"CatCart"},{"floor":49,"key":"CeramicFish"}],"event_choices":[{"damage_healed":0,"gold_gain":0,"player_choice":"Bought 0 Potions","damage_taken":0,"max_hp_gain":0,"max_hp_loss":0,"event_name":"The Woman in Blue","floor":4,"gold_loss":0},{"cards_removed":["Runesmith:CreatorForm"],"damage_healed":0,"gold_gain":0,"player_choice":"Card Removal","damage_taken":0,"max_hp_gain":0,"max_hp_loss":0,"event_name":"The Cleric","floor":10,"gold_loss":50},{"cards_removed":["Discovery"],"damage_healed":0,"gold_gain":0,"player_choice":"Offered Uncommon","damage_taken":0,"max_hp_gain":0,"max_hp_loss":0,"event_name":"Bonfire Elementals","floor":11,"gold_loss":0},{"damage_healed":0,"gold_gain":73,"player_choice":"Gained Gold","damage_taken":0,"max_hp_gain":0,"max_hp_loss":0,"event_name":"Golden Wing","floor":14,"gold_loss":0},{"damage_healed":0,"gold_gain":0,"player_choice":"Gave Potion","damage_taken":0,"relics_obtained":["Toy Ornithopter"],"max_hp_gain":0,"max_hp_loss":0,"event_name":"WeMeetAgain","floor":19,"gold_loss":0},{"damage_healed":0,"gold_gain":0,"player_choice":"Traded Relic","damage_taken":0,"relics_obtained":["Nloth\u0027s Gift"],"max_hp_gain":0,"max_hp_loss":0,"event_name":"N\u0027loth","floor":21,"relics_lost":["Toy Ornithopter"],"gold_loss":0},{"damage_healed":0,"gold_gain":75,"player_choice":"Touch","damage_taken":9,"max_hp_gain":0,"max_hp_loss":0,"event_name":"FaceTrader","floor":28,"gold_loss":0},{"damage_healed":0,"gold_gain":0,"player_choice":"Ignored","damage_taken":0,"max_hp_gain":0,"max_hp_loss":0,"event_name":"Mysterious Sphere","floor":38,"gold_loss":0},{"damage_healed":0,"gold_gain":0,"player_choice":"Fight","damage_taken":0,"max_hp_gain":0,"max_hp_loss":0,"event_name":"OrinTheCat","floor":44,"gold_loss":0},{"damage_healed":0,"gold_gain":0,"player_choice":"Ignored","damage_taken":0,"max_hp_gain":0,"max_hp_loss":0,"event_name":"Ryuuou:Expiration_R","floor":46,"gold_loss":0}],"is_beta":false,"boss_relics":[{"not_picked":["REME_DemonsWealth","Velvet Choker","Ectoplasm"]},{"not_picked":["Fusion Hammer","ChewingGum"],"picked":"Calling Bell"}],"items_purged_floors":[31,37],"is_endless":true,"potions_floor_spawned":[1,13,18,33,35,36,44],"killed_by":"Awakened One","ascension_level":0}}