{"host":"fc5kl670efuhtomy","time":1612981541,"event":{"mods":["AchievementEnabler","BaseMod","Colored Powertips","Downfall","Marisa（F雨　魔理沙）","Minty Spire (QoL Compilation)","Quick Restart","Rare Cards Sparkle","Relic Stats","Replay The Spire","StSLib","The Bug Knight","The Construct","The Cursed","The Servant 0.9.4","WarShipGirlsR/战舰少女R mod"],"gold_per_floor":[209,228,228,228,228,228,253,309,345,373,400,412,424,448,460,472,472],"floor_reached":16,"language":"ZHS","playtime":394,"items_purged":[],"score":100,"play_id":"83c715fd-da46-4881-834e-08da9b8a71a0","local_time":"20210211022541","is_ascension_mode":false,"campfire_choices":[{"data":"BlazingStar","floor":6,"key":"SMITH"}],"circlet_count":0,"master_deck":["Strike_MRS","Strike_MRS","Strike_MRS","Defend_MRS","Defend_MRS","Defend_MRS","Defend_MRS","MasterSpark","UpSweep","Regret","Looming Evil","LuminesStrike+1","Occultation","Regret","BlazingStar+1","6A+1","RefractionSpark","SuperPerseids","BlazingStar","6A","LuminesStrike"],"relics":["MiniHakkero","Replay:Wanted Poster","Mango","TungstenRod","MawBank","Juzu Bracelet"],"acts_visited":["Exordium"],"potions_floor_usage":[],"damage_taken":[{"damage":2,"enemies":"2 Louse","floor":1,"turns":2},{"damage":10,"enemies":"Small Slimes","floor":2,"turns":3},{"damage":41,"enemies":"3 Sentries","floor":7,"turns":5},{"damage":24,"enemies":"Gremlin Nob","floor":8,"turns":4},{"damage":5,"enemies":"Jaw Worm","floor":10,"turns":2},{"damage":4,"enemies":"3 Louse","floor":11,"turns":3},{"damage":2,"enemies":"Exordium Wildlife","floor":14,"turns":3},{"damage":35,"enemies":"Slime Boss","floor":16,"turns":5}],"seed_played":"894218038991306501","potions_obtained":[{"floor":1,"key":"construct:ShiftPotion"},{"floor":8,"key":"Fire Potion"},{"floor":14,"key":"Energy Potion"}],"is_trial":false,"path_per_floor":["M","M","?","?","?","R","E","?","T","M","M","$","?","M","R","B"],"character_chosen":"MARISA","items_purchased":[],"campfire_rested":0,"item_purchase_floors":[],"current_hp_per_floor":[73,63,77,77,77,77,36,12,12,7,3,3,3,1,27,0,0],"gold":472,"neow_bonus":"CURSED_BOSS_RELIC","is_daily":false,"chose_seed":false,"campfire_upgraded":1,"win_rate":0.0,"timestamp":1612981541,"path_taken":["M","M","?","?","?","R","E","?","T","M","M","$","?","M","R","BOSS"],"items_purchased_type":[],"build_version":"2020-12-22","purchased_purges":0,"victory":false,"max_hp_per_floor":[75,75,89,89,89,89,89,89,89,89,89,89,89,89,89,89,89],"relic_stats":{"counters":[8,27],"Juzu Bracelet":1,"MawBank":96,"obtain_stats":[{"Replay:Wanted Poster":0,"Mango":3,"Juzu Bracelet":9,"MiniHakkero":0,"MawBank":8,"TungstenRod":7},{"Replay:Wanted Poster":0,"Mango":2,"Juzu Bracelet":4,"MiniHakkero":0,"MawBank":4,"TungstenRod":3},{"Replay:Wanted Poster":0,"Mango":5,"Juzu Bracelet":14,"MiniHakkero":0,"MawBank":14,"TungstenRod":10}],"TungstenRod":21},"card_choices":[{"not_picked":["OrrerysSun","Orbital"],"picked":"LuminesStrike","floor":1},{"not_picked":["GalacticHalo","GrandCross"],"picked":"Occultation","floor":2},{"not_picked":[],"picked":"BlazingStar","floor":4},{"not_picked":["PropBag","AsteroidBelt"],"picked":"RefractionSpark","floor":7},{"not_picked":["GravityBeat","Orbital"],"picked":"SuperPerseids","floor":8},{"not_picked":["Acceleration","UnstableBomb"],"picked":"BlazingStar","floor":10},{"not_picked":["DC","MysteriousBeam"],"picked":"6A","floor":11},{"not_picked":["SuperPerseids","EnergyRecoil"],"picked":"LuminesStrike","floor":14}],"player_experience":218297,"relics_obtained":[{"floor":7,"key":"TungstenRod"},{"floor":8,"key":"MawBank"},{"floor":9,"key":"Juzu Bracelet"}],"event_choices":[{"damage_healed":0,"gold_gain":0,"player_choice":"Box","damage_taken":0,"relics_obtained":["Mango"],"max_hp_gain":0,"max_hp_loss":0,"event_name":"Big Fish","floor":3,"gold_loss":0,"cards_obtained":["Regret"]},{"damage_healed":0,"gold_gain":0,"player_choice":"Searched \u00271\u0027 times","damage_taken":0,"max_hp_gain":0,"max_hp_loss":0,"event_name":"Dead Adventurer","floor":8,"gold_loss":0},{"damage_healed":0,"gold_gain":0,"player_choice":"Ignored","damage_taken":0,"max_hp_gain":0,"max_hp_loss":0,"event_name":"NoteForYourself","floor":13,"gold_loss":0}],"is_beta":false,"boss_relics":[],"items_purged_floors":[],"is_endless":false,"potions_floor_spawned":[1,8,14],"killed_by":"Slime Boss","ascension_level":0}}