{"host":"q4axc00jr2bozlh9","time":1612978105,"event":{"mods":["AchievementEnabler","BaseMod","Bestiary","Colored Map","Colored Powertips","Curses Come First","Minty Spire (QoL Compilation)","Relic Stats","StSLib","SuperFastMode","UnlockEverythingMod"],"gold_per_floor":[117,2,2,19,19,19,39,63,63,63,81,81,81,100,100,264,264,289,289,43,66,66,66,102,102,127,165,165,89,104,104,104,253,253,267,288,312,312,165,165,206,219,243,243,43,43,43,68,68,68,68],"floor_reached":50,"language":"ENG","playtime":2585,"items_purged":["Shame","Strike_R","Shame","Strike_R","Strike_R"],"score":494,"play_id":"7548eab0-5510-4015-87df-36db527a905f","local_time":"20210210182825","is_ascension_mode":false,"campfire_choices":[{"data":"Rampage","floor":6,"key":"SMITH"},{"data":"Warcry","floor":10,"key":"SMITH"},{"data":"Magnetism","floor":13,"key":"SMITH"},{"data":"Pommel Strike","floor":15,"key":"SMITH"},{"data":"Demon Form","floor":23,"key":"SMITH"},{"data":"Flame Barrier","floor":25,"key":"SMITH"},{"data":"Armaments","floor":32,"key":"SMITH"},{"floor":40,"key":"RECALL"},{"data":"Bash","floor":47,"key":"PURGE"},{"data":"Strike_R","floor":49,"key":"PURGE"}],"circlet_count":0,"master_deck":["Strike_R","Defend_R","Defend_R","Defend_R","Defend_R","Magnetism+1","Pommel Strike+1","Rampage+1","Thunderclap","Warcry+1","Flame Barrier+1","Ghostly Armor","Demon Form+1","Intimidate","Shrug It Off+1","Armaments+1","True Grit","CurseOfTheBell","Infernal Blade+1","The Bomb+1","Bandage Up+1"],"relics":["Burning Blood","Letter Opener","Golden Idol","Orichalcum","Coffee Dripper","Nilry\u0027s Codex","Tiny Chest","Ornamental Fan","Gremlin Horn","Smiling Mask","Happy Flower","Calling Bell","Centennial Puzzle","Toxic Egg 2","Peace Pipe","Gambling Chip","Omamori","Toy Ornithopter","Shuriken","Boot"],"acts_visited":["Exordium","TheCity","TheBeyond"],"potions_floor_usage":[16,16,24,30,33,41,41],"damage_taken":[{"damage":3,"enemies":"Small Slimes","floor":1,"turns":4},{"damage":1,"enemies":"Cultist","floor":4,"turns":3},{"damage":2,"enemies":"2 Louse","floor":7,"turns":4},{"damage":15,"enemies":"Looter","floor":8,"turns":3},{"damage":8,"enemies":"2 Fungi Beasts","floor":11,"turns":3},{"damage":13,"enemies":"Red Slaver","floor":14,"turns":4},{"damage":30,"enemies":"Slime Boss","floor":16,"turns":14},{"damage":14,"enemies":"Chosen","floor":18,"turns":6},{"damage":8,"enemies":"Shell Parasite","floor":21,"turns":6},{"damage":14,"enemies":"Gremlin Leader","floor":24,"turns":8},{"damage":29,"enemies":"Book of Stabbing","floor":27,"turns":6},{"damage":6,"enemies":"3 Cultists","floor":30,"turns":5},{"damage":22,"enemies":"Champ","floor":33,"turns":11},{"damage":20,"enemies":"3 Shapes","floor":35,"turns":4},{"damage":16,"enemies":"Orb Walker","floor":36,"turns":5},{"damage":52,"enemies":"Giant Head","floor":41,"turns":9},{"damage":40,"enemies":"Writhing Mass","floor":42,"turns":6},{"damage":71,"enemies":"Donu and Deca","floor":50,"turns":6}],"seed_played":"-5630060593652715365","potions_obtained":[{"floor":4,"key":"Fire Potion"},{"floor":8,"key":"Ancient Potion"},{"floor":11,"key":"FairyPotion"},{"floor":18,"key":"EssenceOfSteel"},{"floor":27,"key":"Ancient Potion"},{"floor":31,"key":"DuplicationPotion"},{"floor":31,"key":"PowerPotion"},{"floor":33,"key":"Strength Potion"},{"floor":42,"key":"SteroidPotion"}],"is_trial":false,"path_per_floor":["M","$","?","M","?","R","M","M","T","R","M","?","R","M","R","B",null,"M","?","$","M","?","R","E","R","T","E","?","$","M","?","R","B",null,"M","M","T","?","$","R","E","M","T","?","$","T","R","T","R","B"],"character_chosen":"IRONCLAD","items_purchased":["Rampage","Tiny Chest","True Grit","Bandage Up+1","Toy Ornithopter"],"campfire_rested":0,"item_purchase_floors":[2,20,29,39,45],"current_hp_per_floor":[80,80,77,80,60,60,64,55,55,55,53,80,80,73,73,49,80,72,56,56,54,54,54,46,46,46,23,23,23,23,23,23,7,80,66,56,56,56,56,56,16,30,30,50,50,50,50,50,50,0,0],"gold":68,"neow_bonus":"RANDOM_COLORLESS_2","is_daily":false,"chose_seed":false,"campfire_upgraded":7,"win_rate":0.0,"timestamp":1612978105,"path_taken":["M","$","?","M","?","R","M","M","T","R","M","?","R","?","R","BOSS","M","?","$","M","?","R","E","R","T","E","?","$","M","?","R","BOSS","M","M","?","?","$","R","E","M","T","?","$","?","R","?","R","BOSS"],"items_purchased_type":["Card","Relic","Card","Card","Relic"],"build_version":"2020-12-22","purchased_purges":5,"victory":false,"max_hp_per_floor":[80,80,80,80,80,80,80,80,80,80,80,80,80,80,80,80,80,80,80,80,80,80,80,80,80,80,80,80,80,80,80,80,80,80,80,80,80,80,80,80,80,80,80,80,80,80,80,80,80,80,80],"relic_stats":{"Gremlin Horn":[4,4],"Happy Flower":[15],"counters":[18,107],"Golden Idol":114,"Letter Opener":[255],"Orichalcum":[84],"Smiling Mask":300,"Boot":[5],"Burning Blood":97,"Peace Pipe":2,"Centennial Puzzle":[15],"Ornamental Fan":[40],"Shuriken":[1],"Gambling Chip":[5],"Tiny Chest":2,"obtain_stats":[{"Gremlin Horn":24,"Happy Flower":27,"Golden Idol":5,"Nilry\u0027s Codex":19,"Omamori":43,"Letter Opener":3,"Orichalcum":9,"Smiling Mask":26,"Boot":48,"Burning Blood":0,"Calling Bell":34,"Peace Pipe":34,"Centennial Puzzle":34,"Ornamental Fan":22,"Shuriken":46,"Gambling Chip":41,"Tiny Chest":20,"Coffee Dripper":17,"Toxic Egg 2":34,"Toy Ornithopter":45},{"Gremlin Horn":10,"Happy Flower":11,"Golden Idol":2,"Nilry\u0027s Codex":8,"Omamori":17,"Letter Opener":1,"Orichalcum":4,"Smiling Mask":10,"Boot":17,"Burning Blood":0,"Calling Bell":13,"Peace Pipe":13,"Centennial Puzzle":13,"Ornamental Fan":9,"Shuriken":17,"Gambling Chip":16,"Tiny Chest":8,"Coffee Dripper":7,"Toxic Egg 2":13,"Toy Ornithopter":17},{"Gremlin Horn":55,"Happy Flower":61,"Golden Idol":7,"Nilry\u0027s Codex":41,"Omamori":101,"Letter Opener":4,"Orichalcum":14,"Smiling Mask":55,"Boot":101,"Burning Blood":0,"Calling Bell":77,"Peace Pipe":77,"Centennial Puzzle":77,"Ornamental Fan":47,"Shuriken":101,"Gambling Chip":95,"Tiny Chest":41,"Coffee Dripper":35,"Toxic Egg 2":77,"Toy Ornithopter":101}],"Toy Ornithopter":0},"card_choices":[{"not_picked":["Panache","Master of Strategy"],"picked":"Magnetism","floor":0},{"not_picked":["Second Wind","Carnage"],"picked":"Pommel Strike","floor":1},{"not_picked":["Shrug It Off","Dual Wield"],"picked":"Thunderclap","floor":4},{"not_picked":["Clash","Heavy Blade"],"picked":"Warcry","floor":7},{"not_picked":["Thunderclap","Perfected Strike","Uppercut"],"picked":"SKIP","floor":8},{"not_picked":["Pommel Strike","Clothesline"],"picked":"Flame Barrier","floor":11},{"not_picked":["Cleave","Pommel Strike"],"picked":"Ghostly Armor","floor":14},{"not_picked":["Impervious","Exhume"],"picked":"Demon Form","floor":16},{"not_picked":["Bloodletting","Shrug It Off"],"picked":"Intimidate","floor":18},{"not_picked":["Pommel Strike","Perfected Strike+1"],"picked":"Shrug It Off+1","floor":21},{"not_picked":["Battle Trance","Bloodletting","Seeing Red"],"picked":"SKIP","floor":24},{"not_picked":["Cleave+1","Havoc"],"picked":"Armaments","floor":27},{"not_picked":["Iron Wave+1","True Grit","Flex+1"],"picked":"SKIP","floor":30},{"not_picked":["Shockwave+1","Clothesline","Heavy Blade+1"],"picked":"SKIP","floor":35},{"not_picked":["Thunderclap+1","Dropkick"],"picked":"Infernal Blade+1","floor":36},{"not_picked":["Swift Strike","Jack Of All Trades+1"],"picked":"The Bomb+1","floor":38},{"not_picked":["Iron Wave","Wild Strike","Shrug It Off+1"],"picked":"SKIP","floor":41},{"not_picked":["Evolve","Anger","Dark Embrace+1"],"picked":"SKIP","floor":42}],"player_experience":242541,"relics_obtained":[{"floor":9,"key":"Orichalcum"},{"floor":19,"key":"Nilry\u0027s Codex"},{"floor":24,"key":"Gremlin Horn"},{"floor":26,"key":"Smiling Mask"},{"floor":27,"key":"Happy Flower"},{"floor":34,"key":"Centennial Puzzle"},{"floor":34,"key":"Toxic Egg 2"},{"floor":34,"key":"Peace Pipe"},{"floor":41,"key":"Gambling Chip"},{"floor":43,"key":"Omamori"},{"floor":46,"key":"Shuriken"},{"floor":48,"key":"Boot"}],"event_choices":[{"damage_healed":0,"gold_gain":0,"player_choice":"Success","damage_taken":3,"relics_obtained":["Letter Opener"],"max_hp_gain":0,"max_hp_loss":0,"event_name":"Scrap Ooze","floor":3,"gold_loss":0},{"damage_healed":0,"gold_gain":0,"player_choice":"Take Damage","damage_taken":20,"relics_obtained":["Golden Idol"],"max_hp_gain":0,"max_hp_loss":0,"event_name":"Golden Idol","floor":5,"gold_loss":0},{"damage_healed":27,"gold_gain":0,"player_choice":"Full Heal","damage_taken":0,"max_hp_gain":0,"max_hp_loss":0,"event_name":"Wheel of Change","floor":12,"gold_loss":0},{"damage_healed":0,"gold_gain":0,"player_choice":"Obtained Book","damage_taken":16,"max_hp_gain":0,"max_hp_loss":0,"event_name":"Cursed Tome","floor":19,"gold_loss":0},{"damage_healed":0,"gold_gain":0,"player_choice":"Stole Relic","damage_taken":0,"relics_obtained":["Ornamental Fan"],"max_hp_gain":0,"max_hp_loss":0,"event_name":"Addict","floor":22,"gold_loss":0,"cards_obtained":["Shame"]},{"damage_healed":0,"gold_gain":0,"player_choice":"Ignored","damage_taken":0,"max_hp_gain":0,"max_hp_loss":0,"event_name":"Vampires","floor":28,"gold_loss":0},{"damage_healed":0,"gold_gain":0,"player_choice":"Got Potions","damage_taken":0,"max_hp_gain":0,"max_hp_loss":0,"event_name":"Lab","floor":31,"gold_loss":0},{"damage_healed":0,"gold_gain":0,"player_choice":"Memory 1","damage_taken":0,"max_hp_gain":0,"max_hp_loss":0,"event_name":"SensoryStone","floor":38,"gold_loss":0},{"damage_healed":20,"gold_gain":0,"player_choice":"Writhe","damage_taken":0,"max_hp_gain":0,"max_hp_loss":0,"event_name":"Winding Halls","floor":44,"gold_loss":0,"cards_obtained":["Writhe"]}],"is_beta":false,"boss_relics":[{"not_picked":["SacredBark","Fusion Hammer"],"picked":"Coffee Dripper"},{"not_picked":["Cursed Key","Sozu"],"picked":"Calling Bell"}],"items_purged_floors":[2,20,29,39,45],"is_endless":false,"potions_floor_spawned":[4,8,11,14,18,27,33,42],"killed_by":"Donu and Deca","ascension_level":0}}