{"host":"w4ub8crw9ou4a5am","time":1612984217,"event":{"mods":["2.2 Compatiblity","BaseMod","Challenge The Spire","Colored Powertips","Hermit","Hubris","Jorbs\u0027s Wanderer Trilogy","KinomotoSakuraMod(????)","Koishi","Marisa????????","Minty Spire (QoL Compilation)","Quick Restart","Rare Cards Sparkle","Remilia??????","StSLib","The Administrix","The Animator","The Bug Knight","The Cursed","The Disciple","The Hierophant","The Jungle","The Marked","The Necromancer","The Senshi","The Servant 0.9.4","WarShipGirlsR/????R mod"],"gold_per_floor":[117,135,135,135,42,70,80,80,104,114,114,127,145,161,161,259,259,273,288,58,77,88,88,88,88,88,101,101,23,36,56,56,151,151,166,181,181,195,195,195],"floor_reached":39,"language":"ENG","playtime":4675,"items_purged":[],"score":414,"play_id":"f7ed7df0-29c4-4935-af9f-b24f814cc78c","local_time":"20210210141017","is_ascension_mode":false,"campfire_choices":[{"floor":11,"key":"REST"},{"floor":15,"key":"REST"},{"floor":23,"key":"REST"},{"floor":28,"key":"REST"},{"data":"TheCursedMod:ManaCirculation","floor":32,"key":"SMITH"}],"circlet_count":0,"master_deck":["TheCursedMod:Strike_TheCursed","TheCursedMod:Strike_TheCursed","TheCursedMod:Strike_TheCursed","TheCursedMod:Strike_TheCursed","TheCursedMod:Defend_TheCursed","TheCursedMod:Defend_TheCursed","TheCursedMod:Defend_TheCursed","TheCursedMod:Defend_TheCursed","TheCursedMod:CursedWand","TheCursedMod:CleanUpWorkshop","TheCursedMod:Dregs","TheCursedMod:CursedBoomerang","TheCursedMod:CircleOfCorruption","TheCursedMod:CircleOfCorruption","TheCursedMod:HellsGateOpen","TheCursedMod:CircleOfFlame","TheCursedMod:CircleOfAmplification","TheCursedMod:CircleOfAmplification","TheCursedMod:SurpriseAttack","TheCursedMod:LuckyCharm","TheCursedMod:HellfireBreathing","TheCursedMod:BloodBarrier","TheCursedMod:CircleOfAbyss","TheCursedMod:SpitefulStrike","TheCursedMod:SurpriseAttack","TheCursedMod:CursedMace+1","TheCursedMod:Hemoplague","Shame","TheCursedMod:SpitefulPlan","TheCursedMod:AbyssShockwave","TheCursedMod:ReleasedKnowledge","TheCursedMod:ManaCirculation+1","TheCursedMod:ShockAndAwe","TheCursedMod:Stretching+1","TheCursedMod:CircleOfCorruption+1","Writhe","TheCursedMod:Hemoplague+1"],"relics":["TheCursedMod:BlackMagic101","hubris:BundleOfHerbs","MealTicket","Philosopher\u0027s Stone","Ancient Tea Set","theJungle:PaperFaux","TheCursedMod:BloodyHarpoon","Cursed Key"],"acts_visited":["Exordium","Exordium","TheBeyond"],"potions_floor_usage":[6,13,13,16,18,21,30,33,33,33,38,39],"damage_taken":[{"damage":10,"enemies":"Jaw Worm","floor":1,"turns":6},{"damage":2,"enemies":"Small Slimes","floor":2,"turns":4},{"damage":21,"enemies":"Gremlin Nob","floor":6,"turns":5},{"damage":1,"enemies":"Cultist","floor":7,"turns":3},{"damage":21,"enemies":"Exordium Thugs","floor":10,"turns":5},{"damage":8,"enemies":"Exordium Wildlife","floor":12,"turns":2},{"damage":11,"enemies":"Large Slime","floor":13,"turns":4},{"damage":8,"enemies":"Blue Slaver","floor":14,"turns":5},{"damage":46,"enemies":"Slime Boss","floor":16,"turns":10},{"damage":19,"enemies":"theJungle:MUSHROOMGANG","floor":18,"turns":4},{"damage":32,"enemies":"theJungle:5_Spyders","floor":19,"turns":16},{"damage":31,"enemies":"theJungle:SlimyTreeVines","floor":21,"turns":8},{"damage":18,"enemies":"theJungle:Lyon","floor":22,"turns":5},{"damage":48,"enemies":"theJungle:Snecko_Cultist_And_Trap","floor":27,"turns":5},{"damage":16,"enemies":"theJungle:JungleHuntersEncounter","floor":30,"turns":5},{"damage":16,"enemies":"theJungle:SlimyTreeVines","floor":31,"turns":7},{"damage":13,"enemies":"theJungle:FunGuy","floor":33,"turns":9},{"damage":23,"enemies":"Orb Walker","floor":35,"turns":4},{"damage":10,"enemies":"3 Shapes","floor":36,"turns":5},{"damage":47,"enemies":"Jaw Worm Horde","floor":38,"turns":5},{"damage":34,"enemies":"Spire Growth","floor":39,"turns":3}],"seed_played":"-1092121166713941390","potions_obtained":[{"floor":2,"key":"Block Potion"},{"floor":7,"key":"BlessingOfTheForge"},{"floor":12,"key":"AttackPotion"},{"floor":13,"key":"CultistPotion"},{"floor":14,"key":"Explosive Potion"},{"floor":16,"key":"GamblersBrew"},{"floor":18,"key":"LiquidMemories"},{"floor":22,"key":"SpeedPotion"},{"floor":30,"key":"Explosive Potion"},{"floor":33,"key":"SteroidPotion"},{"floor":35,"key":"LiquidMemories"}],"is_trial":false,"path_per_floor":["M","M","?","$","$","E","M","?","T","M","R","M","M","M","R","B",null,"M","M","$","M","M","R","?","?","T","M","R","$","M","M","R","B",null,"M","M","?","M","M"],"character_chosen":"THE_CURSED","items_purchased":["TheCursedMod:CircleOfCorruption","TheCursedMod:HellsGateOpen","Regen Potion","Ancient Tea Set","TheCursedMod:AbyssShockwave"],"campfire_rested":4,"item_purchase_floors":[5,5,20,20,29],"current_hp_per_floor":[72,70,70,70,70,49,48,48,48,33,57,49,38,48,72,26,82,63,31,46,47,29,53,53,53,53,23,47,62,46,45,45,32,82,59,49,70,23,0,0],"gold":195,"neow_bonus":"TEN_PERCENT_HP_BONUS","is_daily":false,"chose_seed":false,"campfire_upgraded":1,"win_rate":0.0,"timestamp":1612984217,"path_taken":["M","M","?","?","$","E","M","?","T","M","R","?","M","M","R","BOSS","M","M","$","M","M","R","?","?","T","M","R","$","M","M","R","BOSS","M","M","?","M","M"],"items_purchased_type":["Card","Card","Potion","Relic","Card"],"build_version":"2020-12-22","purchased_purges":0,"victory":false,"max_hp_per_floor":[82,82,82,82,82,82,82,82,82,82,82,82,82,82,82,82,82,82,82,82,82,82,82,82,82,82,82,82,82,82,82,82,82,82,82,82,82,82,82,82],"card_choices":[{"not_picked":["TheCursedMod:RavingStaff","TheCursedMod:FleshFromBone"],"picked":"TheCursedMod:CursedBoomerang","floor":1},{"not_picked":["TheCursedMod:Obscuration","TheCursedMod:Torture"],"picked":"TheCursedMod:Stretching","floor":2},{"not_picked":["TheCursedMod:CursedStaff","TheCursedMod:ReleasedKnowledge"],"picked":"TheCursedMod:CircleOfFlame","floor":6},{"not_picked":["TheCursedMod:VitalStrike","TheCursedMod:SoulCrush"],"picked":"TheCursedMod:CircleOfAmplification","floor":7},{"not_picked":["TheCursedMod:FuryStrike","TheCursedMod:CursedArmor"],"picked":"TheCursedMod:SurpriseAttack","floor":10},{"not_picked":["TheCursedMod:CircleOfCorruption","TheCursedMod:ReleasedStrength"],"picked":"TheCursedMod:LuckyCharm","floor":12},{"not_picked":["TheCursedMod:CursedBoomerang","TheCursedMod:HellsGateOpen"],"picked":"TheCursedMod:HellfireBreathing","floor":13},{"not_picked":["TheCursedMod:CircleOfWindfury","TheCursedMod:Torture"],"picked":"TheCursedMod:BloodBarrier","floor":14},{"not_picked":["TheCursedMod:ManaCirculation","TheCursedMod:ForbiddenAlchemy"],"picked":"TheCursedMod:CircleOfAbyss","floor":16},{"not_picked":["TheCursedMod:Stigma","TheCursedMod:CursedAmulet"],"picked":"TheCursedMod:SpitefulStrike","floor":18},{"not_picked":["TheCursedMod:Torture","TheCursedMod:CursedShiv"],"picked":"TheCursedMod:SurpriseAttack","floor":19},{"not_picked":["TheCursedMod:RapidMovement","TheCursedMod:Stigma"],"picked":"TheCursedMod:CursedMace+1","floor":21},{"not_picked":["TheCursedMod:HellsGateOpen","TheCursedMod:SaltUponWound"],"picked":"TheCursedMod:Hemoplague","floor":22},{"not_picked":["TheCursedMod:CircleOfFlame","TheCursedMod:LuckyCharm"],"picked":"TheCursedMod:SpitefulPlan","floor":27},{"not_picked":["TheCursedMod:CircleOfFlame","TheCursedMod:Wield"],"picked":"TheCursedMod:ReleasedKnowledge","floor":30},{"not_picked":["TheCursedMod:SaltUponWound+1","TheCursedMod:FleshFromBone+1"],"picked":"TheCursedMod:ManaCirculation","floor":31},{"not_picked":["TheCursedMod:OutForBlood","TheCursedMod:CursedRelics"],"picked":"TheCursedMod:ShockAndAwe","floor":33},{"not_picked":["TheCursedMod:CursedBlade","TheCursedMod:SpitefulStrike"],"picked":"TheCursedMod:Stretching+1","floor":35},{"not_picked":["TheCursedMod:FleshFromBone","TheCursedMod:WearCloak"],"picked":"TheCursedMod:CircleOfCorruption+1","floor":36},{"not_picked":["TheCursedMod:CircleOfBlood+1","TheCursedMod:LuckyCharm"],"picked":"TheCursedMod:Hemoplague+1","floor":38}],"player_experience":1700106,"relics_obtained":[{"floor":6,"key":"hubris:BundleOfHerbs"},{"floor":9,"key":"MealTicket"},{"floor":26,"key":"TheCursedMod:BloodyHarpoon"}],"event_choices":[{"damage_healed":0,"gold_gain":0,"cards_transformed":["TheCursedMod:Stretching"],"player_choice":"Transformed","damage_taken":0,"max_hp_gain":0,"max_hp_loss":0,"event_name":"Transmorgrifier","floor":8,"gold_loss":0,"cards_obtained":["TheCursedMod:CircleOfAmplification"]},{"damage_healed":21,"gold_gain":0,"player_choice":"Writhe","damage_taken":0,"max_hp_gain":0,"max_hp_loss":0,"event_name":"Winding Halls","floor":37,"gold_loss":0,"cards_obtained":["Writhe"]}],"is_beta":false,"boss_relics":[{"not_picked":["Pandora\u0027s Box","hubris:RunicObelisk"],"picked":"Philosopher\u0027s Stone"},{"not_picked":["hubris:GrandSneckoEye","hubris:ScarierMask"],"picked":"Cursed Key"}],"items_purged_floors":[],"is_endless":false,"potions_floor_spawned":[2,7,12,13,14,16,18,22,30,33,35],"killed_by":"Spire Growth","ascension_level":0}}