{"host":"q5gyi9x7ayauaq2y","time":1612985074,"event":{"mods":["AchievementEnabler","BaseMod","BetterRewards","Colored Map","Colored Powertips","Downfall","GifTheSpireLib","Hero for Fun","Minty Spire (QoL Compilation)","Permanent Neow","Replay The Spire","StSLib","The Bug Knight","The Construct","The Cursed","The Hierophant"],"gold_per_floor":[99,119,119,136,156,182,231,265,265,165,191,191,209,240,258,356,356,356,366,366,366,560,460,460,487,515,526,540,567,580,1,14,14,14,14],"floor_reached":33,"language":"ENG","playtime":2666,"items_purged":["Decay"],"score":331,"play_id":"5cfae833-279d-46c2-80ab-958b0ce9946b","local_time":"20210210192433","is_ascension_mode":true,"campfire_choices":[{"data":"Guardian:CurlUp","floor":10,"key":"SMITH"},{"data":"Guardian:RollAttack","floor":12,"key":"SMITH"},{"floor":18,"key":"RECALL"},{"data":"Guardian:BronzeArmor","floor":23,"key":"SMITH"}],"circlet_count":0,"master_deck":["Guardian:Strike_Guardian","Guardian:Strike_Guardian","Guardian:Strike_Guardian","Guardian:Defend_Guardian","Guardian:Defend_Guardian","Guardian:CurlUp+1","Guardian:TwinSlam","Guardian:RollAttack+1","Guardian:ExploitGems","Guardian:BronzeArmor","Guardian:RollAttack","Guardian:BronzeArmor+1","Guardian:PiercingHide+1","Guardian:Gem_White","Guardian:BodySlam","Guardian:ShieldSpikes+1","Guardian:Gem_Lightblue","Guardian:Gem_Green","Guardian:SpikerProtocol+1","Replay:SS_hec_1","Guardian:ArmoredProtocol+1"],"relics":["Guardian:ModeShifter","Dream Catcher","Art of War","downfall:HeartBlessingBlue","Toxic Egg 2","Prayer Wheel","construct:WeddingRing","downfall:RedIOU","downfall:HeartBlessingRed","ReplayTheSpireMod:Lightbulb","Blue Doll","Ornamental Fan","Replay:WaspNest","ReplayTheSpireMod:CursedCoin","ReplayTheSpireMod:Shallot","ReplayTheSpireMod:Ninjato"],"acts_visited":["Exordium","TheCity"],"potions_floor_usage":[16,16,19,26,32,32,32,33],"damage_taken":[{"damage":1,"enemies":"2 Louse","floor":2,"turns":4},{"damage":0,"enemies":"Small Slimes","floor":4,"turns":3},{"damage":0,"enemies":"Cultist","floor":5,"turns":3},{"damage":13,"enemies":"3 Sentries","floor":6,"turns":7},{"damage":14,"enemies":"Gremlin Nob","floor":8,"turns":4},{"damage":26,"enemies":"Lagavulin","floor":11,"turns":7},{"damage":0,"enemies":"Exordium Wildlife","floor":13,"turns":3},{"damage":6,"enemies":"Gremlin Nob","floor":14,"turns":4},{"damage":0,"enemies":"2 Fungi Beasts","floor":15,"turns":2},{"damage":14,"enemies":"DF_ARCHETYPE_STREAMLINE","floor":16,"turns":12},{"damage":0,"enemies":"Shell Parasite","floor":19,"turns":5},{"damage":45,"enemies":"HollowMod:Nosk","floor":26,"turns":15},{"damage":0,"enemies":"3 Byrds","floor":27,"turns":2},{"damage":2,"enemies":"Snecko","floor":28,"turns":5},{"damage":14,"enemies":"Replay:Snechameleon","floor":29,"turns":5},{"damage":14,"enemies":"Sentry and Sphere","floor":30,"turns":6},{"damage":0,"enemies":"downfall:FleeingMerchant","floor":31,"turns":4},{"damage":4,"enemies":"3 Cultists","floor":32,"turns":4},{"damage":16,"enemies":"SI_MIRROR_ARCHETYPE","floor":33,"turns":6}],"seed_played":"7493612602344571521","potions_obtained":[{"floor":4,"key":"Guardian:BlockOnCardUsePotion"},{"floor":8,"key":"Dexterity Potion"},{"floor":13,"key":"Adrenaline Potion"},{"floor":16,"key":"PowerPotion"},{"floor":19,"key":"champ:CounterPotion"},{"floor":20,"key":"CultistPotion"},{"floor":29,"key":"Weak Potion"},{"floor":30,"key":"Fire Potion"},{"floor":32,"key":"PowerPotion"}],"is_trial":false,"path_per_floor":["R_BF","M","?","M","M","E","T","E","?","R","E","R","M","E","M","B",null,"R","M","?","?","?","R","T","T","E","M","M","E","M","$","M","B"],"character_chosen":"GUARDIAN","items_purchased":["ReplayTheSpireMod:CursedCoin","ReplayTheSpireMod:Shallot","ReplayTheSpireMod:Ninjato","Replay:SS_hec_1","Guardian:ArmoredProtocol+1"],"campfire_rested":0,"item_purchase_floors":[31,31,31,31,31],"current_hp_per_floor":[49,48,48,48,48,35,35,21,47,57,31,31,31,25,25,11,90,90,90,90,90,90,90,90,90,45,45,43,29,15,15,11,0,0,0],"gold":14,"neow_bonus":"REMOVE_TWO","is_daily":false,"chose_seed":false,"campfire_upgraded":3,"win_rate":0.0,"timestamp":1612985073,"path_taken":["R_BF","M","?","M","?","E","T","E","?","R","E","R","M","E","M","BOSS","R","M","?","?","?","R","T","?","E","M","M","E","M","?","M","BOSS"],"items_purchased_type":["Relic","Relic","Relic","Card","Card"],"build_version":"2020-12-22","purchased_purges":1,"victory":false,"max_hp_per_floor":[80,80,80,80,80,80,80,80,80,90,90,90,90,90,90,90,90,90,90,90,90,90,90,90,90,90,90,90,90,90,90,90,90,90,90],"card_choices":[{"not_picked":["Guardian:TemporalStrike","Guardian:PrimingBeam"],"picked":"Guardian:RollAttack","floor":2},{"not_picked":["Guardian:CrystalBeam","Guardian:VentSteam"],"picked":"Guardian:BronzeArmor","floor":4},{"not_picked":["Guardian:Emergency","Guardian:Suspension"],"picked":"Guardian:RollAttack","floor":5},{"not_picked":["Guardian:Emergency","Guardian:Gem_Fragmented"],"picked":"Guardian:BronzeArmor","floor":6},{"not_picked":["Guardian:AncientConstruct","Guardian:TemporalStrike","Guardian:WalkerClaw"],"picked":"SKIP","floor":8},{"not_picked":["Guardian:ChargeUp+1","Guardian:VentSteam+1","Guardian:ConstructionForm"],"picked":"SKIP","floor":11},{"not_picked":["Guardian:SentryBeam","Guardian:Gem_Yellow","Guardian:Repulse"],"picked":"SKIP","floor":13},{"not_picked":["Guardian:TemporalStrike","Guardian:RollAttack","Guardian:TemporalShield+1"],"picked":"SKIP","floor":14},{"not_picked":["Guardian:TimeSifter","Guardian:Suspension+1"],"picked":"Guardian:PiercingHide+1","floor":15},{"not_picked":["Guardian:GuardianWhirl","Guardian:TimeBomb+1","Guardian:Gem_Yellow"],"picked":"SKIP","floor":15},{"not_picked":["Guardian:TemporalShield+1","Guardian:Orbwalk+1","Guardian:ChargeCore"],"picked":"SKIP","floor":19},{"not_picked":["Guardian:Gem_Red","Guardian:BronzeOrb","Guardian:CrystalBeam"],"picked":"SKIP","floor":19},{"not_picked":["Guardian:Planning+1","Guardian:WalkerClaw+1"],"picked":"Guardian:Gem_White","floor":22},{"not_picked":["Guardian:Gem_Yellow","Guardian:Emergency+1","Guardian:TimeSifter"],"picked":"SKIP","floor":26},{"not_picked":["Guardian:ChargeCore","Guardian:CrystalBeam+1"],"picked":"Guardian:BodySlam","floor":27},{"not_picked":["Guardian:DonusPower+1","Guardian:Recover+1"],"picked":"Guardian:ShieldSpikes+1","floor":27},{"not_picked":["Guardian:Gem_White","Guardian:RollAttack"],"picked":"Guardian:Gem_Lightblue","floor":28},{"not_picked":["Guardian:VentSteam+1","Guardian:PolyBeam","Guardian:Planning+1"],"picked":"SKIP","floor":28},{"not_picked":["Guardian:Emergency+1","Guardian:ChargeUp+1","Guardian:Clone+1"],"picked":"SKIP","floor":29},{"not_picked":["Guardian:Incinerate","Guardian:BodySlam"],"picked":"Guardian:Gem_Green","floor":30},{"not_picked":["Guardian:ShieldCharger+1","Guardian:Harden+1"],"picked":"Guardian:SpikerProtocol+1","floor":30},{"not_picked":["Guardian:Emergency+1","Guardian:Reroute","Guardian:Incinerate"],"picked":"SKIP","floor":31},{"not_picked":["Guardian:TemporalStrike","Guardian:DonusPower+1","Guardian:Planning+1"],"picked":"SKIP","floor":32},{"not_picked":["Guardian:Planning+1","Guardian:PrimingBeam+1","Guardian:Gem_Red"],"picked":"SKIP","floor":32}],"player_experience":158757,"relics_obtained":[{"floor":6,"key":"Dream Catcher"},{"floor":8,"key":"Art of War"},{"floor":11,"key":"Toxic Egg 2"},{"floor":14,"key":"Prayer Wheel"},{"floor":24,"key":"ReplayTheSpireMod:Lightbulb"},{"floor":25,"key":"Blue Doll"},{"floor":26,"key":"Ornamental Fan"},{"floor":29,"key":"Replay:WaspNest"}],"event_choices":[{"damage_healed":0,"gold_gain":0,"player_choice":"Success","damage_taken":7,"relics_obtained":["Vajra"],"max_hp_gain":0,"max_hp_loss":0,"event_name":"Scrap Ooze","floor":1,"gold_loss":0},{"damage_healed":26,"gold_gain":0,"player_choice":"Banana","damage_taken":0,"max_hp_gain":0,"max_hp_loss":0,"event_name":"Big Fish","floor":9,"gold_loss":0}],"is_beta":false,"boss_relics":[{"not_picked":["construct:ClawGrip","SacredBark"],"picked":"construct:WeddingRing"}],"items_purged_floors":[31],"is_endless":false,"potions_floor_spawned":[4,8,13,14,16,19,29,30,32],"killed_by":"SI_MIRROR_ARCHETYPE","ascension_level":1}}