{"host":"kh91mfnoze99ny0y","time":1612978841,"event":{"mods":["Act Like it!","BaseMod","Downfall","Gensokyo","KinomotoSakuraMod(Ä¾Ö®±¾Ó£)","Lobotomy","LobotomyExtend","Minty Spire (QoL Compilation)","StSLib","The Bug Knight","The Cursed"],"gold_per_floor":[119,69,89,89,102,102,135,145,169,196,213,227,260,103,103,201,201,201,218,218,299,320,341,379,379,79,79,94,94,94,6,6,6,137],"floor_reached":35,"language":"ZHS","playtime":2424,"items_purged":["HollowMod:QuickDashStart","FieryBird","HollowMod:NewGlowingWomb+1"],"score":485,"play_id":"88fb3c73-7c86-4f4c-a38d-66dba0441ecc","local_time":"20210211014041","is_ascension_mode":false,"campfire_choices":[{"data":"HollowMod:NewGlowingWomb","floor":6.0,"key":"SMITH"},{"floor":15.0,"key":"REST"},{"data":"HollowMod:MantisMark","floor":29,"key":"SMITH"},{"data":"HollowMod:FocusHealStart","floor":33,"key":"SMITH"}],"circlet_count":0,"master_deck":["HollowMod:NailStrikeStart","HollowMod:NailStrikeStart","HollowMod:NailStrikeStart+1","HollowMod:NailStrikeStart","HollowMod:QuickDashStart","HollowMod:QuickDashStart","HollowMod:FocusHealStart+1","HollowMod:PogoStrike","HollowMod:LifebloodCocoon+1","HollowMod:CycloneSlash","HollowMod:MantisMark+1","HollowMod:CloakDash","Flash of Steel","HollowMod:PureVessel","HollowMod:BaldurShell+1","GreedKing","HollowMod:HuntersJournal+1","Trip+1","PlagueDoctor","HollowMod:Weaversong"],"relics":["HollowMod:VesselMask","MealTicket","Ancient Tea Set","HollowMod:PaleOreRelic","Lantern","Velvet Choker","CogitoBucket","LetterFromLob","Golden Idol","Toxic Egg 2","Mango","Membership Card","Art of War","MawBank"],"acts_visited":["Exordium","TheCity"],"potions_floor_usage":[34,34,34],"damage_taken":[{"damage":2.0,"enemies":"Small Slimes","floor":1.0,"turns":3.0},{"damage":1.0,"enemies":"Jaw Worm","floor":3.0,"turns":3.0},{"damage":0.0,"enemies":"Cultist","floor":5.0,"turns":4.0},{"damage":29.0,"enemies":"3 Sentries","floor":7.0,"turns":9.0},{"damage":6.0,"enemies":"Exordium Wildlife","floor":8.0,"turns":5.0},{"damage":21.0,"enemies":"Gremlin Nob","floor":10.0,"turns":4.0},{"damage":19.0,"enemies":"3 Louse","floor":11.0,"turns":3.0},{"damage":0.0,"enemies":"Lots of Slimes","floor":12.0,"turns":2.0},{"damage":8.0,"enemies":"Lagavulin","floor":13.0,"turns":5.0},{"damage":0.0,"enemies":"Slime Boss","floor":16.0,"turns":7.0},{"damage":0,"enemies":"Jaw Worm","floor":19,"turns":2},{"damage":0,"enemies":"2 Louse","floor":22,"turns":3},{"damage":0,"enemies":"Small Slimes","floor":23,"turns":2},{"damage":23,"enemies":"3 Sentries","floor":24,"turns":5},{"damage":5,"enemies":"3 Louse","floor":28,"turns":2},{"damage":24,"enemies":"Hexaghost","floor":34,"turns":5},{"damage":393,"enemies":"Malkuth","floor":35,"turns":17},{"damage":187,"enemies":"Netzach","floor":35,"turns":9}],"seed_played":"-3875790999181419854","potions_obtained":[{"floor":3.0,"key":"Explosive Potion"},{"floor":5.0,"key":"FearPotion"},{"floor":8.0,"key":"Weak Potion"},{"floor":12.0,"key":"EntropicBrew"},{"floor":16.0,"key":"SkillPotion"},{"floor":34,"key":"bronze:BurnAndBuffPotion"}],"is_trial":false,"path_per_floor":["M","?","M","?","M","R","E","M","T","E","M","M","E","$","R","B",null,"M","M","?","T","M","M","E","?","$","T","M","R","?","$","?","R","B",null],"character_chosen":"THE_BUGKNIGHT","items_purchased":["Flash of Steel","Membership Card","Trip+1","DuplicationPotion"],"campfire_rested":1,"item_purchase_floors":[14,26,26,31],"current_hp_per_floor":[73,73,72,72,72,72,53,53,53,38,25,25,27,42,64,70,75,75,75,57,57,63,63,54,54,69,69,70,70,70,85,67,67,49],"gold":137,"neow_bonus":"","is_daily":false,"chose_seed":false,"campfire_upgraded":3,"win_rate":0.0,"timestamp":1612978841,"path_taken":["M","?","M","?","M","R","E","M","T","E","M","M","E","$","R","BOSS","M","M","?","?","M","M","E","?","$","T","?","R","?","$","?","R","BOSS"],"items_purchased_type":["Card","Relic","Card","Potion"],"build_version":"2020-12-22","purchased_purges":3,"victory":true,"max_hp_per_floor":[75,75,75,75,75,75,75,75,75,75,75,75,75,75,75,75,75,75,75,75,75,75,75,89,89,89,89,89,89,89,89,89,89,89],"card_choices":[{"not_picked":["HollowMod:GoodIntentions","HollowMod:SoulStrike"],"picked":"HollowMod:LifebloodCocoon","floor":1.0},{"not_picked":["HollowMod:ShadowDash","HollowMod:ChannelNail"],"picked":"HollowMod:NewGlowingWomb","floor":3.0},{"not_picked":["HollowMod:DoubleDash","HollowMod:ChannelNail","HollowMod:SoulStrike"],"picked":"SKIP","floor":5.0},{"not_picked":["HollowMod:theNailsmith","HollowMod:SiblingsSouls"],"picked":"HollowMod:CycloneSlash","floor":7.0},{"not_picked":["HollowMod:DoubleDash","HollowMod:ChannelNail","HollowMod:BlackTendrils"],"picked":"SKIP","floor":8.0},{"not_picked":["HollowMod:WraithStrike","HollowMod:LifebloodCocoon","HollowMod:CycloneSlash"],"picked":"SKIP","floor":10.0},{"not_picked":["HollowMod:GoodIntentions","HollowMod:GrimmsGift","HollowMod:HowlingWraiths"],"picked":"SKIP","floor":11.0},{"not_picked":["HollowMod:DreamGate","HollowMod:CloakDash"],"picked":"HollowMod:MantisMark","floor":12.0},{"not_picked":["HollowMod:SiblingsSouls","HollowMod:GoodIntentions"],"picked":"HollowMod:CloakDash","floor":13.0},{"not_picked":["HollowMod:SlysStrikes","HollowMod:SoulMaster"],"picked":"HollowMod:PureVessel","floor":16.0},{"not_picked":["Freischutz","HappyTeddy","VoidDream"],"picked":"Singing Bowl","floor":19},{"not_picked":["HollowMod:TaintedHusks","HollowMod:NewGlowingWomb"],"picked":"HollowMod:BaldurShell","floor":19},{"not_picked":["HappyTeddy","CherryBlossoms"],"picked":"GreedKing","floor":22},{"not_picked":["HollowMod:ShadowDash+1","HollowMod:MawleksShell+1","HollowMod:SoulStrike"],"picked":"SKIP","floor":22},{"not_picked":["HollowMod:ShadowDash+1","HollowMod:MawleksShell+1","HollowMod:SoulStrike"],"picked":"SKIP","floor":22},{"not_picked":["HollowMod:HeavyBlow","HollowMod:TaintedHusks+1"],"picked":"HollowMod:HuntersJournal+1","floor":23},{"not_picked":["Funeral","Yin"],"picked":"FieryBird","floor":24},{"not_picked":["HollowMod:InfectedAttack","HollowMod:QuirrelsAssistance","HollowMod:SoulShaman+1"],"picked":"SKIP","floor":24},{"not_picked":["HollowMod:InfectedAttack","HollowMod:QuirrelsAssistance","HollowMod:SoulShaman+1"],"picked":"SKIP","floor":24},{"not_picked":["HollowMod:Grubsong","HollowMod:SiblingsSouls+1","HollowMod:InfectionAssault"],"picked":"SKIP","floor":28},{"not_picked":["BlueStar","Porccubus","MHz"],"picked":"Singing Bowl","floor":34},{"not_picked":["Scorched","Murderer"],"picked":"PlagueDoctor","floor":34},{"not_picked":["HollowMod:VoidDash+1","HollowMod:LifebloodCore+1"],"picked":"HollowMod:Weaversong","floor":34}],"player_experience":175085,"relics_obtained":[{"floor":1.0,"key":"LetterFromLob"},{"floor":7.0,"key":"MealTicket"},{"floor":9.0,"key":"Ancient Tea Set"},{"floor":10.0,"key":"HollowMod:PaleOreRelic"},{"floor":13.0,"key":"Lantern"},{"floor":19,"key":"LetterFromLob"},{"floor":21,"key":"Toxic Egg 2"},{"floor":24,"key":"Mango"},{"floor":27,"key":"Art of War"}],"event_choices":[{"cards_removed":["HollowMod:QuickDashStart"],"damage_healed":0.0,"max_hp_gain":0.0,"max_hp_loss":0.0,"gold_gain":0.0,"event_name":"The Cleric","player_choice":"Card Removal","floor":2.0,"gold_loss":50.0,"damage_taken":0.0},{"damage_healed":0.0,"max_hp_gain":0.0,"max_hp_loss":0.0,"gold_gain":0.0,"event_name":"Accursed Blacksmith","player_choice":"Forge","floor":4.0,"gold_loss":0.0,"damage_taken":0.0,"cards_upgraded":["HollowMod:LifebloodCocoon"]},{"damage_healed":0,"gold_gain":0,"player_choice":"Take Damage","damage_taken":18,"relics_obtained":["Golden Idol"],"max_hp_gain":0,"max_hp_loss":0,"event_name":"Golden Idol","floor":20,"gold_loss":0},{"damage_healed":0,"gold_gain":0,"player_choice":"0 cards matched","damage_taken":0,"max_hp_gain":0,"max_hp_loss":0,"event_name":"Match and Keep!","floor":25,"gold_loss":0,"cards_obtained":[]},{"damage_healed":0,"gold_gain":0,"player_choice":"Searched \u00273\u0027 times","damage_taken":0,"relics_obtained":["MawBank"],"max_hp_gain":0,"max_hp_loss":0,"event_name":"Dead Adventurer","floor":30,"gold_loss":0},{"damage_healed":0,"gold_gain":0,"player_choice":"Entered Light","damage_taken":18,"max_hp_gain":0,"max_hp_loss":0,"event_name":"Shining Light","floor":32,"gold_loss":0,"cards_upgraded":["HollowMod:NailStrikeStart","HollowMod:BaldurShell"]}],"is_beta":false,"boss_relics":[{"not_picked":["Ectoplasm","HollowMod:VoidIdolRelic"],"picked":"Velvet Choker"}],"items_purged_floors":[14,26,31],"is_endless":false,"potions_floor_spawned":[3,5,8,12,16,34],"ascension_level":0}}