{"host":"bg4zdvygm46ags0b","time":1612922076,"event":{"mods":["BaseMod","GifTheSpireLib","Marisa????????","Minty Spire (QoL Compilation)","Remilia??????","StSLib","The Mystic","The Servant 0.9.4"],"gold_per_floor":[114,289,304,12,30,55,55,73,73,105,105,134,134,157,157,253,253,273,127,159,195,195,195,226,226,280,298,330,330,378,413,413,527,527,552,568,568,210,238,249,281,297,321,321,339,352,380,397,397,397],"floor_reached":51,"language":"ENG","playtime":3182,"items_purged":[],"score":871,"play_id":"8bee1d36-d961-4a5d-9480-df84b0ade44c","local_time":"20210210115436","is_ascension_mode":false,"campfire_choices":[{"data":"ChargeUpSpray","floor":7,"key":"SMITH"},{"data":"GrandCross","floor":11,"key":"SMITH"},{"floor":13,"key":"REST"},{"data":"DoubleSpark","floor":15,"key":"SMITH"},{"data":"FinalSpark","floor":23,"key":"SMITH"},{"data":"MagicChant","floor":32,"key":"SMITH"},{"data":"PropBag","floor":44,"key":"SMITH"},{"data":"StarlightTyphoon","floor":49,"key":"SMITH"}],"circlet_count":0,"master_deck":["Strike_MRS+1","Strike_MRS+1","Strike_MRS+1","Strike_MRS+1","Defend_MRS+1","Defend_MRS+1","Defend_MRS+1","Defend_MRS+1","MasterSpark+1","UpSweep+1","GalacticHalo","Acceleration","GrandCross+1","ChargeUpSpray+1","MagicChant+1","MilkyWay","Parasite","Parasite","DoubleSpark+1","FinalSpark+1","WitchOfGreed","DoubleSpark+1","Acceleration","MagicChant+1","Shame","StarlightTyphoon+1","PropBag+1","Acceleration","UltimateShortwave","PulseMagic+1","DoubleSpark"],"relics":["BewitchedHakkero","NeowsBlessing","Whetstone","Sling","Anchor","Mummified Hand","Lizard Tail","WingedGreaves","ShroomBag","Coffee Dripper","DollysMirror","Blood Vial","Bag of Marbles","AntiCross","Lantern","Bronze Scales","Sundial","Potion Belt","Art of War"],"acts_visited":["Exordium","TheCity","TheBeyond"],"potions_floor_usage":[10,50,50],"damage_taken":[{"damage":0,"enemies":"Jaw Worm","floor":1,"turns":1},{"damage":0,"enemies":"Small Slimes","floor":3,"turns":1},{"damage":0,"enemies":"2 Louse","floor":5,"turns":1},{"damage":22,"enemies":"3 Sentries","floor":6,"turns":7},{"damage":0,"enemies":"Large Slime","floor":8,"turns":4},{"damage":0,"enemies":"Gremlin Nob","floor":10,"turns":3},{"damage":13,"enemies":"Lagavulin","floor":12,"turns":5},{"damage":3,"enemies":"The Mushroom Lair","floor":14,"turns":4},{"damage":33,"enemies":"The Guardian","floor":16,"turns":13},{"damage":4,"enemies":"2 Thieves","floor":18,"turns":3},{"damage":0,"enemies":"Spheric Guardian","floor":20,"turns":3},{"damage":19,"enemies":"Shelled Parasite and Fungi","floor":21,"turns":4},{"damage":0,"enemies":"Gremlin Leader","floor":24,"turns":3},{"damage":12,"enemies":"Centurion and Healer","floor":27,"turns":3},{"damage":16,"enemies":"Cultist and Chosen","floor":28,"turns":6},{"damage":8,"enemies":"Book of Stabbing","floor":30,"turns":3},{"damage":4,"enemies":"Sentry and Sphere","floor":31,"turns":3},{"damage":14,"enemies":"Collector","floor":33,"turns":3},{"damage":6,"enemies":"3 Shapes","floor":35,"turns":3},{"damage":0,"enemies":"Orb Walker","floor":36,"turns":1},{"damage":23,"enemies":"Maw","floor":39,"turns":5},{"damage":0,"enemies":"Jaw Worm Horde","floor":40,"turns":2},{"damage":0,"enemies":"Reptomancer","floor":41,"turns":2},{"damage":0,"enemies":"Spire Growth","floor":42,"turns":2},{"damage":23,"enemies":"Maw","floor":45,"turns":5},{"damage":11,"enemies":"Writhing Mass","floor":46,"turns":2},{"damage":0,"enemies":"Nemesis","floor":47,"turns":1},{"damage":0,"enemies":"Jaw Worm Horde","floor":48,"turns":2},{"damage":85,"enemies":"Awakened One","floor":50,"turns":6}],"seed_played":"-7718922543297817533","potions_obtained":[{"floor":3,"key":"FearPotion"},{"floor":5,"key":"StarNLove"},{"floor":6,"key":"Dexterity Potion"},{"floor":10,"key":"AttackPotion"}],"is_trial":false,"path_per_floor":["M","?","M","$","M","E","R","M","T","E","R","E","R","?","R","B",null,"M","$","M","M","?","R","E","$","T","M","M","?","E","M","R","B",null,"M","M","?","$","M","M","E","M","T","R","M","M","E","M","R","B",null],"character_chosen":"MARISA","items_purchased":["Whetstone","Sling","DollysMirror","Lantern","Bronze Scales","DoubleSpark"],"campfire_rested":1,"item_purchase_floors":[4,4,19,38,38,38],"current_hp_per_floor":[75,75,75,75,75,53,53,53,53,53,53,40,62,59,59,30,75,75,75,75,56,56,56,60,60,60,54,44,44,40,44,44,36,75,69,73,73,73,52,58,62,68,68,68,51,46,54,60,60,32],"gold":397,"neow_bonus":"THREE_ENEMY_KILL","is_daily":false,"chose_seed":false,"campfire_upgraded":7,"win_rate":0.0,"timestamp":1612922076,"path_taken":["M","?","M","$","M","E","R","M","T","E","R","E","R","?","R","BOSS","M","$","M","M","?","R","E","$","T","M","M","?","E","M","R","BOSS","M","M","?","$","M","M","E","M","T","R","M","M","E","M","R","BOSS"],"items_purchased_type":["Relic","Relic","Relic","Relic","Relic","Card"],"build_version":"2020-12-22","purchased_purges":0,"victory":true,"max_hp_per_floor":[75,75,75,75,75,75,75,75,75,75,75,75,75,75,75,75,75,75,75,75,75,75,75,75,75,75,75,75,75,75,75,75,75,75,75,75,75,75,75,75,75,75,75,75,75,75,75,75,75,75],"card_choices":[{"not_picked":["DoubleSpark","WitchLeyline"],"picked":"GalacticHalo","floor":1},{"not_picked":["EventHorizon","IllusionStar"],"picked":"Acceleration","floor":3},{"not_picked":["Acceleration","GalacticHalo"],"picked":"GrandCross","floor":5},{"not_picked":["IllusionStar","EnergyRecoil"],"picked":"ChargeUpSpray","floor":6},{"not_picked":["IllusionStar","MachineGunSpark"],"picked":"OrrerysSun","floor":8},{"not_picked":["BlazingStar","6A"],"picked":"MagicChant","floor":10},{"not_picked":["GravityBeat","Orbital"],"picked":"MilkyWay","floor":12},{"not_picked":["MilkyWay","UnstableBomb"],"picked":"DoubleSpark","floor":14},{"not_picked":["BinaryStars","SatelliteIllusion"],"picked":"FinalSpark","floor":16},{"not_picked":["GravityBeat+1","LuminesStrike+1"],"picked":"WitchOfGreed","floor":18},{"not_picked":["UnstableBomb+1","MysteriousBeam"],"picked":"NonDirectionalLaser","floor":20},{"not_picked":["LuminesStrike","DeepEcoloBomb+1"],"picked":"Acceleration","floor":21},{"not_picked":["AbsoluteMagnitude","OrrerysSun","NonDirectionalLaser"],"picked":"SKIP","floor":24},{"not_picked":["AsteroidBelt","SuperPerseids"],"picked":"MagicChant+1","floor":27},{"not_picked":["EarthLightRay","ChargeUpSpray","DarkMatter"],"picked":"SKIP","floor":28},{"not_picked":["OpenUniverse","ShootingEcho"],"picked":"PropBag","floor":30},{"not_picked":["LuminesStrike","PropBag"],"picked":"Acceleration","floor":31},{"not_picked":["BlazingStar","MaximisePower"],"picked":"UltimateShortwave","floor":33},{"not_picked":["StarBarrage","GalacticHalo+1","EnergyRecoil"],"picked":"SKIP","floor":35},{"not_picked":["DragonMeteor","MagicAbsorber+1"],"picked":"PulseMagic+1","floor":36},{"not_picked":["UnstableBomb+1","PowerUp+1","UltimateShortwave"],"picked":"SKIP","floor":39},{"not_picked":["GalacticHalo+1","DC","WitchOfGreed+1"],"picked":"SKIP","floor":40},{"not_picked":["OortCloud+1","Acceleration","ManaConvection+1"],"picked":"SKIP","floor":41},{"not_picked":["EnergyFlow","GravityBeat+1","StarDustReverie"],"picked":"SKIP","floor":42},{"not_picked":["AsteroidBelt","DC","DragonMeteor+1"],"picked":"SKIP","floor":45},{"not_picked":["DarkSpark","ShootingEcho","OortCloud"],"picked":"SKIP","floor":46},{"not_picked":["IllusionStar","AsteroidBelt+1","SporeBomb"],"picked":"SKIP","floor":47},{"not_picked":["OpenUniverse","Acceleration+1","WitchOfGreed+1"],"picked":"SKIP","floor":48}],"player_experience":95347,"relics_obtained":[{"floor":6,"key":"Anchor"},{"floor":9,"key":"Mummified Hand"},{"floor":10,"key":"Lizard Tail"},{"floor":12,"key":"WingedGreaves"},{"floor":14,"key":"ShroomBag"},{"floor":24,"key":"Blood Vial"},{"floor":26,"key":"Bag of Marbles"},{"floor":30,"key":"AntiCross"},{"floor":41,"key":"Sundial"},{"floor":43,"key":"Potion Belt"},{"floor":47,"key":"Art of War"}],"event_choices":[{"damage_healed":0,"gold_gain":175,"player_choice":"AGREE","damage_taken":0,"max_hp_gain":0,"max_hp_loss":0,"event_name":"Liars Game","floor":2,"gold_loss":0,"cards_obtained":["Doubt"]},{"damage_healed":0,"gold_gain":0,"player_choice":"Fought Mushrooms","damage_taken":0,"max_hp_gain":0,"max_hp_loss":0,"event_name":"Mushrooms_MRS","floor":14,"gold_loss":0},{"damage_healed":0,"gold_gain":0,"player_choice":"Simplicity","damage_taken":0,"max_hp_gain":0,"max_hp_loss":0,"event_name":"Back to Basics","floor":22,"gold_loss":0,"cards_upgraded":["Strike_MRS","Strike_MRS","Strike_MRS","Strike_MRS","Defend_MRS","Defend_MRS","Defend_MRS","Defend_MRS"]},{"damage_healed":0,"gold_gain":0,"cards_transformed":["Doubt","NonDirectionalLaser"],"player_choice":"Became Test Subject","damage_taken":0,"max_hp_gain":0,"max_hp_loss":0,"event_name":"Drug Dealer","floor":29,"gold_loss":0,"cards_obtained":["Shame","StarlightTyphoon"]},{"cards_removed":["OrrerysSun"],"damage_healed":0,"gold_gain":0,"player_choice":"Removed Power","damage_taken":0,"max_hp_gain":0,"max_hp_loss":0,"event_name":"Falling","floor":37,"gold_loss":0}],"is_beta":false,"boss_relics":[{"not_picked":["Tiny House","Runic Pyramid"],"picked":"Coffee Dripper"},{"not_picked":["Sozu","SacredBark"],"picked":"BewitchedHakkero"}],"items_purged_floors":[],"is_endless":false,"potions_floor_spawned":[3,5,6,10,20,21,30,31,33,35,36,39,41,48],"ascension_level":0}}