{"host":"avjwtc49fhlk6kym","time":1612995784,"event":{"mods":["AchievementEnabler","BaseMod","Better Match","Better Note","Better Third Choice","Colored Map","Colored Powertips","Displayed Cursed Tome","Highlight Path","Minty Spire (QoL Compilation)","Permanent Neow","Quick Restart","StSLib"],"gold_per_floor":[110,127,144,163,177,202,215,230,230,230,74,85,96,108,108,204,204,220,220,220,220,220,220,220,220,220,245,260,38,52,52,52,52,52],"floor_reached":33,"language":"ENG","playtime":1187,"items_purged":[],"score":311,"play_id":"0973e63a-dc5d-4cbc-9ac1-53d4082a080b","local_time":"20210210172304","is_ascension_mode":true,"campfire_choices":[{"data":"BattleHymn","floor":10,"key":"SMITH"},{"data":"ForeignInfluence","floor":15,"key":"SMITH"},{"data":"TalkToTheHand","floor":23,"key":"SMITH"},{"data":"CrushJoints","floor":25,"key":"SMITH"},{"floor":32,"key":"RECALL"}],"circlet_count":0,"master_deck":["Strike_P","Defend_P","Defend_P","Defend_P","Defend_P","Eruption","Vigilance","CrushJoints+1","ThirdEye","Judgement","Consecrate","BattleHymn+1","TalkToTheHand+1","Protect","ReachHeaven","Conclude","LikeWater","ForeignInfluence+1","MasterReality","Nirvana+1","WaveOfTheHand+1","DeceiveReality+1","Weave","FollowUp","PathToVictory+1","Apotheosis+1","FollowUp","LikeWater"],"relics":["PureWater","Torii","Eternal Feather","HandDrill","Astrolabe","MutagenicStrength","Enchiridion","Nloth\u0027s Gift","Toxic Egg 2","Ginger"],"acts_visited":["Exordium","TheCity"],"potions_floor_usage":[5,6,13,18,31],"damage_taken":[{"damage":2.0,"enemies":"Cultist","floor":1.0,"turns":6.0},{"damage":1.0,"enemies":"Jaw Worm","floor":2.0,"turns":3.0},{"damage":0.0,"enemies":"Small Slimes","floor":3.0,"turns":2.0},{"damage":0.0,"enemies":"Looter","floor":4.0,"turns":1.0},{"damage":7,"enemies":"Large Slime","floor":5,"turns":6},{"damage":0,"enemies":"3 Sentries","floor":6,"turns":7},{"damage":9,"enemies":"Exordium Thugs","floor":7,"turns":4},{"damage":0,"enemies":"Blue Slaver","floor":8,"turns":1},{"damage":1,"enemies":"Looter","floor":12,"turns":2},{"damage":0,"enemies":"3 Louse","floor":13,"turns":2},{"damage":0,"enemies":"Exordium Thugs","floor":14,"turns":3},{"damage":20,"enemies":"Hexaghost","floor":16,"turns":7},{"damage":4,"enemies":"3 Byrds","floor":18,"turns":3},{"damage":15,"enemies":"Gremlin Leader","floor":27,"turns":6},{"damage":1,"enemies":"Shell Parasite","floor":28,"turns":3},{"damage":3,"enemies":"Snake Plant","floor":30,"turns":2},{"damage":2,"enemies":"Colosseum Slavers","floor":31,"turns":6},{"damage":55,"enemies":"Automaton","floor":33,"turns":10}],"seed_played":"3709156863434397042","potions_obtained":[{"floor":2.0,"key":"ColorlessPotion"},{"floor":3.0,"key":"EssenceOfSteel"},{"floor":5,"key":"Explosive Potion"},{"floor":16,"key":"LiquidBronze"},{"floor":27,"key":"Block Potion"}],"is_trial":false,"path_per_floor":["M","M","M","M","M","E","M","M","T","R","$","M","M","M","R","B",null,"M","?","?","?","T","R","?","R","T","E","M","$","M","?","R","B"],"character_chosen":"WATCHER","items_purchased":["HandDrill","Apotheosis+1","FollowUp"],"campfire_rested":0,"item_purchase_floors":[11,29,29],"current_hp_per_floor":[63,62,62,62,55,55,46,46,46,55,55,54,59,59,65,45,65,61,61,45,34,34,46,46,58,58,43,42,42,39,37,52,0,0],"gold":52,"neow_bonus":"ONE_RARE_RELIC","is_daily":false,"chose_seed":false,"campfire_upgraded":4,"win_rate":0.0,"timestamp":1612995784,"path_taken":["M","M","M","?","?","E","M","M","T","R","$","M","?","M","R","BOSS","M","?","?","?","?","R","?","R","T","E","?","$","M","?","R","BOSS"],"items_purchased_type":["Relic","Card","Card"],"build_version":"2020-12-22","purchased_purges":0,"victory":false,"max_hp_per_floor":[65,65,65,65,65,65,65,65,65,65,65,65,65,65,65,65,65,65,65,65,70,70,70,70,70,70,70,70,70,70,70,70,70,70],"card_choices":[{"not_picked":["Consecrate","ThirdEye"],"picked":"CrushJoints","floor":1.0},{"not_picked":["MentalFortress","Evaluate"],"picked":"ThirdEye","floor":2.0},{"not_picked":["Prostrate","Halt"],"picked":"Judgement","floor":3.0},{"not_picked":["Wireheading","Swivel"],"picked":"Consecrate","floor":4.0},{"not_picked":["Crescendo","ClearTheMind"],"picked":"BattleHymn","floor":5},{"not_picked":["Fasting2","DeceiveReality"],"picked":"TalkToTheHand","floor":6},{"not_picked":["Halt","Prostrate"],"picked":"Protect","floor":7},{"not_picked":["InnerPeace","Crescendo"],"picked":"ReachHeaven","floor":8},{"not_picked":["WreathOfFlame","FlurryOfBlows"],"picked":"Conclude","floor":12},{"not_picked":["CutThroughFate","Evaluate"],"picked":"LikeWater","floor":13},{"not_picked":["Conclude","TalkToTheHand"],"picked":"ForeignInfluence","floor":14},{"not_picked":["Brilliance","ConjureBlade"],"picked":"MasterReality","floor":16},{"not_picked":["FlyingSleeves","Tantrum"],"picked":"Weave","floor":18},{"not_picked":["BowlingBash","ClearTheMind+1"],"picked":"FollowUp","floor":27},{"not_picked":["Halt+1","Crescendo+1"],"picked":"PathToVictory+1","floor":28},{"not_picked":["CarveReality","Crescendo+1"],"picked":"LikeWater","floor":30}],"player_experience":442944,"relics_obtained":[{"floor":6,"key":"Toy Ornithopter"},{"floor":9,"key":"Eternal Feather"},{"floor":26,"key":"Toxic Egg 2"},{"floor":27,"key":"Ginger"}],"event_choices":[{"damage_healed":0,"gold_gain":0,"player_choice":"Inject Mutagens","damage_taken":0,"relics_obtained":["MutagenicStrength"],"max_hp_gain":0,"max_hp_loss":0,"event_name":"Drug Dealer","floor":19,"gold_loss":0},{"damage_healed":0,"gold_gain":0,"player_choice":"Obtained Book","damage_taken":16,"max_hp_gain":0,"max_hp_loss":0,"event_name":"Cursed Tome","floor":20,"gold_loss":0},{"damage_healed":0,"gold_gain":0,"player_choice":"Shed Blood","damage_taken":16,"max_hp_gain":5,"max_hp_loss":0,"event_name":"Forgotten Altar","floor":21,"gold_loss":0},{"damage_healed":0,"gold_gain":0,"player_choice":"Traded Relic","damage_taken":0,"relics_obtained":["Nloth\u0027s Gift"],"max_hp_gain":0,"max_hp_loss":0,"event_name":"N\u0027loth","floor":24,"relics_lost":["Toy Ornithopter"],"gold_loss":0},{"damage_healed":0,"gold_gain":0,"player_choice":"Fight","damage_taken":0,"max_hp_gain":0,"max_hp_loss":0,"event_name":"Colosseum","floor":31,"gold_loss":0},{"damage_healed":0,"gold_gain":0,"player_choice":"Fled From Nobs","damage_taken":0,"max_hp_gain":0,"max_hp_loss":0,"event_name":"Colosseum","floor":31,"gold_loss":0}],"is_beta":false,"boss_relics":[{"not_picked":["VioletLotus","Runic Dome"],"picked":"Astrolabe"}],"items_purged_floors":[],"is_endless":false,"potions_floor_spawned":[2,3,5,16,27],"killed_by":"Automaton","ascension_level":1}}