{"host":"¿à÷økuyou","time":1612944991,"event":{"mods":["ATMod(°¢èªMod)","Act Like it!","BaseMod","BetterRewards","Minty Spire (QoL Compilation)","Quick Restart","StSLib"],"gold_per_floor":[144,319,319,394,70,160,160,250,250,295,340,290,380,380,380,680,680,725,725,770,815,860,860,950,995,1045,607,652,697,697,742,742,1042,1042,1087,1087,1132,1132,715,805,805,850,875,875,920,920,965,1037,1037,1037],"floor_reached":51,"language":"ZHS","playtime":1714,"items_purged":["Riddle With Holes","Dagger Throw"],"score":967,"play_id":"20014cfb-821d-4a8e-a1df-956f84f1f616","local_time":"20210210161631","daily_mods":["SealedDeck","Purple Cards","Midas"],"is_ascension_mode":false,"campfire_choices":[{"floor":7.0,"key":"REST"},{"floor":15,"key":"REST"},{"floor":23,"key":"REST"},{"floor":32,"key":"REST"},{"floor":41,"key":"REST"},{"floor":46,"key":"REST"},{"floor":49,"key":"REST"}],"circlet_count":0,"master_deck":["AT_ChampionStep","InnerPeace","Crescendo","Evaluate","Pray","Reflex","Tactician","Acrobatics","Backflip","AT_EssenceShift","Alpha","ForeignInfluence","Evaluate+1","Concentrate","Expertise","Collect","Adrenaline","Acrobatics","Concentrate","AT_EmpoweredMortalDraw","Madness","Madness","MasterReality"],"relics":["Ring of the Serpent","AT_ATBox","Unceasing Top","AT_SunfireAegis","Blood Vial","Oddly Smooth Stone","Strawberry","AT_GuinsooRageblade","Prayer Wheel","Bronze Scales","Membership Card","AT_ImmortalShieldbow","Ornamental Fan","HoveringKite","Matryoshka","PreservedInsect","Chemical X","AT_DeathDance","Regal Pillow","AT_ChloranthyRing","Calipers"],"acts_visited":["Exordium","TheCity","TheBeyond"],"potions_floor_usage":[],"damage_taken":[{"damage":5.0,"enemies":"Jaw Worm","floor":1.0,"turns":2.0},{"damage":0.0,"enemies":"Gremlin Nob","floor":6.0,"turns":2.0},{"damage":0,"enemies":"Lagavulin","floor":8,"turns":2},{"damage":0,"enemies":"Small Slimes","floor":10,"turns":2},{"damage":0,"enemies":"Cultist","floor":11,"turns":1},{"damage":0,"enemies":"3 Sentries","floor":13,"turns":1},{"damage":0,"enemies":"Slime Boss","floor":16,"turns":3},{"damage":22,"enemies":"3 Byrds","floor":18,"turns":3},{"damage":10,"enemies":"2 Thieves","floor":20,"turns":2},{"damage":13,"enemies":"Snake Plant","floor":21,"turns":3},{"damage":0,"enemies":"Chosen and Byrds","floor":22,"turns":2},{"damage":0,"enemies":"Slavers","floor":24,"turns":1},{"damage":3,"enemies":"Shelled Parasite and Fungi","floor":25,"turns":2},{"damage":0,"enemies":"Centurion and Healer","floor":28,"turns":2},{"damage":0,"enemies":"3 Cultists","floor":29,"turns":2},{"damage":0,"enemies":"Snecko","floor":31,"turns":2},{"damage":29,"enemies":"Collector","floor":33,"turns":4},{"damage":0,"enemies":"3 Shapes","floor":35,"turns":2},{"damage":0,"enemies":"Orb Walker","floor":37,"turns":1},{"damage":0,"enemies":"Nemesis","floor":40,"turns":3},{"damage":2,"enemies":"Maw","floor":42,"turns":3},{"damage":0,"enemies":"Sphere and 2 Shapes","floor":45,"turns":1},{"damage":0,"enemies":"4 Shapes","floor":47,"turns":2},{"damage":0,"enemies":"2 Orb Walkers","floor":48,"turns":1},{"damage":6,"enemies":"Awakened One","floor":50,"turns":3}],"seed_played":"-5810517303651203205","potions_obtained":[{"floor":1.0,"key":"PowerPotion"},{"floor":10,"key":"Strength Potion"},{"floor":16,"key":"Ancient Potion"},{"floor":18,"key":"Swift Potion"}],"is_trial":false,"path_per_floor":["M","?","?","?","$","E","R","E","T","M","M","?","E","?","R","B",null,"M","?","M","M","M","R","E","M","T","$","M","M","?","M","R","B",null,"M","?","M","?","$","E","R","M","T","?","M","R","M","?","R","B",null],"character_chosen":"THE_SILENT","items_purchased":["Unceasing Top","Consecrate","Membership Card","AT_ImmortalShieldbow","Ornamental Fan","AT_EmpoweredMortalDraw","Matryoshka","PreservedInsect","Chemical X"],"campfire_rested":7,"item_purchase_floors":[5,5,27,27,27,39,39,39,39],"current_hp_per_floor":[65,65,58,51,51,51,70,70,70,70,70,70,77,70,77,77,77,55,55,47,36,38,61,63,62,62,62,64,66,71,73,77,48,77,77,77,77,77,77,77,77,75,75,69,71,77,77,77,77,71],"gold":1037,"neow_bonus":"","is_daily":true,"chose_seed":false,"campfire_upgraded":0,"win_rate":0.0,"timestamp":1612944991,"path_taken":["M","?","?","?","$","E","R","E","T","?","M","?","E","?","R","BOSS","M","?","?","M","M","R","E","M","T","$","M","M","?","M","R","BOSS","M","?","?","?","$","E","R","M","T","?","M","R","M","?","R","BOSS"],"items_purchased_type":["Relic","Card","Relic","Relic","Relic","Card","Relic","Relic","Relic"],"build_version":"2020-12-18","purchased_purges":2,"victory":true,"max_hp_per_floor":[70,70,70,70,70,70,70,70,70,70,70,70,77,77,77,77,77,77,77,77,77,77,77,77,77,77,77,77,77,77,77,77,77,77,77,77,77,77,77,77,77,77,77,77,77,77,77,77,77,77],"card_choices":[{"not_picked":["EmptyBody","EmptyFist"],"picked":"Backflip","floor":1.0},{"not_picked":["BowlingBash","Halt"],"picked":"AT_EssenceShift","floor":6.0},{"not_picked":["Backstab","EmptyBody"],"picked":"Riddle With Holes","floor":8},{"not_picked":["Halt","Noxious Fumes","CutThroughFate"],"picked":"SKIP","floor":10},{"not_picked":["SashWhip","BattleHymn"],"picked":"AT_WindFlip","floor":11},{"not_picked":["Dodge and Roll","EmptyBody","Backstab"],"picked":"SKIP","floor":13},{"not_picked":["Devotion","Unload"],"picked":"Alpha","floor":16},{"not_picked":["Endless Agony","Well Laid Plans","Halt"],"picked":"SKIP","floor":18},{"not_picked":["Nirvana","Quick Slash","ReachHeaven"],"picked":"SKIP","floor":20},{"not_picked":["EmptyBody","Vengeance"],"picked":"Evaluate+1","floor":21},{"not_picked":["Prepared","CrushJoints+1"],"picked":"Concentrate","floor":22},{"not_picked":["AT_WindFlip","Flying Knee"],"picked":"Expertise","floor":24},{"not_picked":["AT_ShadowStep","Dodge and Roll"],"picked":"Collect","floor":25},{"not_picked":["Halt","CrushJoints+1","Skewer"],"picked":"SKIP","floor":25},{"not_picked":["Prostrate","Dodge and Roll"],"picked":"Adrenaline","floor":28},{"not_picked":["SashWhip+1","Deflect+1","Prostrate"],"picked":"SKIP","floor":28},{"not_picked":["Masterful Stab","ClearTheMind+1"],"picked":"Acrobatics","floor":29},{"not_picked":["EmptyFist","JustLucky+1","Evaluate"],"picked":"SKIP","floor":29},{"not_picked":["Poisoned Stab+1","AT_WindFlip","Swivel+1"],"picked":"SKIP","floor":31},{"not_picked":["FlyingSleeves","Deadly Poison+1","AT_ShadowStep"],"picked":"SKIP","floor":31},{"not_picked":["Deflect","CrushJoints+1","Protect"],"picked":"SKIP","floor":35},{"not_picked":["Protect","AT_Desolate+1","Leg Sweep"],"picked":"SKIP","floor":35},{"not_picked":["JustLucky","CrushJoints","EmptyFist+1"],"picked":"SKIP","floor":37},{"not_picked":["Flying Knee+1","Endless Agony+1","Accuracy"],"picked":"SKIP","floor":37},{"not_picked":["Crippling Poison+1","AT_DivineConfetti","Bouncing Flask"],"picked":"SKIP","floor":40},{"not_picked":["FlurryOfBlows","Flying Knee","Deflect+1"],"picked":"SKIP","floor":42},{"not_picked":["Deadly Poison+1","WaveOfTheHand","SpiritShield"],"picked":"SKIP","floor":42},{"not_picked":["Protect","Prostrate+1","Dodge and Roll+1"],"picked":"SKIP","floor":45},{"not_picked":["Wireheading","Caltrops","Escape Plan"],"picked":"SKIP","floor":45},{"not_picked":["Quick Slash+1","Cloak And Dagger+1","EmptyBody+1"],"picked":"SKIP","floor":47},{"not_picked":["Flying Knee+1","EmptyFist","Collect"],"picked":"SKIP","floor":47},{"not_picked":["Nirvana","Bouncing Flask"],"picked":"MasterReality","floor":48}],"player_experience":206865,"relics_obtained":[{"floor":6.0,"key":"AT_SunfireAegis"},{"floor":8,"key":"Blood Vial"},{"floor":9,"key":"Oddly Smooth Stone"},{"floor":13,"key":"Strawberry"},{"floor":24,"key":"Prayer Wheel"},{"floor":26,"key":"Bronze Scales"},{"floor":40,"key":"AT_DeathDance"},{"floor":43,"key":"Regal Pillow"},{"floor":43,"key":"AT_ChloranthyRing"},{"floor":48,"key":"Calipers"}],"event_choices":[{"damage_healed":0.0,"max_hp_gain":0.0,"max_hp_loss":0.0,"gold_gain":175.0,"event_name":"Liars Game","player_choice":"AGREE","floor":2.0,"gold_loss":0.0,"damage_taken":0.0,"cards_obtained":["Doubt"]},{"cards_removed":["Doubt"],"damage_healed":0.0,"max_hp_gain":0.0,"max_hp_loss":0.0,"gold_gain":0.0,"event_name":"Golden Wing","player_choice":"Card Removal","floor":3.0,"gold_loss":0.0,"damage_taken":7.0},{"damage_healed":0.0,"max_hp_gain":0.0,"max_hp_loss":0.0,"gold_gain":75.0,"event_name":"FaceTrader","player_choice":"Touch","floor":4.0,"gold_loss":0.0,"damage_taken":7.0},{"cards_removed":["ClearTheMind"],"damage_healed":0,"gold_gain":0,"player_choice":"Card Removal","damage_taken":0,"max_hp_gain":0,"max_hp_loss":0,"event_name":"The Cleric","floor":12,"gold_loss":50},{"damage_healed":0,"gold_gain":0,"player_choice":"Success","damage_taken":7,"relics_obtained":["AT_GuinsooRageblade"],"max_hp_gain":0,"max_hp_loss":0,"event_name":"Scrap Ooze","floor":14,"gold_loss":0},{"damage_healed":0,"gold_gain":0,"cards_transformed":["Consecrate"],"player_choice":"Transformed","damage_taken":0,"max_hp_gain":0,"max_hp_loss":0,"event_name":"Transmorgrifier","floor":19,"gold_loss":0,"cards_obtained":["ForeignInfluence"]},{"cards_removed":["FlurryOfBlows"],"damage_healed":5,"gold_gain":0,"player_choice":"Offered Common","damage_taken":0,"max_hp_gain":0,"max_hp_loss":0,"event_name":"Bonfire Elementals","floor":30,"gold_loss":0},{"cards_removed":["FlurryOfBlows"],"damage_healed":5,"gold_gain":0,"player_choice":"Offered Special","damage_taken":0,"max_hp_gain":0,"max_hp_loss":0,"event_name":"Bonfire Elementals","floor":30,"gold_loss":0},{"damage_healed":0,"gold_gain":0,"cards_transformed":["AT_WindFlip"],"player_choice":"Transformed","damage_taken":0,"max_hp_gain":0,"max_hp_loss":0,"event_name":"Transmorgrifier","floor":36,"gold_loss":0,"cards_obtained":["Concentrate"]},{"damage_healed":0,"gold_gain":0,"player_choice":"Ignored","damage_taken":0,"max_hp_gain":0,"max_hp_loss":0,"event_name":"Tomb of Lord Red Mask","floor":38,"gold_loss":0},{"damage_healed":0,"gold_gain":0,"player_choice":"Embrace Madness","damage_taken":10,"max_hp_gain":0,"max_hp_loss":0,"event_name":"Winding Halls","floor":44,"gold_loss":0,"cards_obtained":["Madness","Madness"]},{"damage_healed":0,"gold_gain":0,"player_choice":"Fight","damage_taken":0,"max_hp_gain":0,"max_hp_loss":0,"event_name":"Mysterious Sphere","floor":48,"gold_loss":0}],"is_beta":true,"boss_relics":[{"not_picked":["Cursed Key","Sozu"],"picked":"Ring of the Serpent"},{"not_picked":["SlaversCollar","WristBlade"],"picked":"HoveringKite"}],"items_purged_floors":[27,39],"is_endless":false,"potions_floor_spawned":[1,10,16,18,22,29,33,45,48],"ascension_level":0}}