{"host":"m552uo5jodlktm3e","time":1612950733,"event":{"mods":["BaseMod","Colored Powertips","Downfall","Minty Spire (QoL Compilation)","Quick Restart","StSLib"],"gold_per_floor":[99,112,173,192,192,102,102,116,116,134,152,37,37,22,33,33,33,33],"floor_reached":16,"language":"ENG","playtime":993,"items_purged":["champ:Defend","Pain"],"score":92,"play_id":"6e9c0adb-f5b1-4024-82d2-3c55fc462bec","local_time":"20210210015213","is_ascension_mode":false,"campfire_choices":[{"data":"champ:Execute","floor":1,"key":"SMITH"},{"data":"champ:Backstep","floor":13,"key":"SMITH"}],"circlet_count":0,"master_deck":["champ:Strike","champ:Strike","champ:Strike","champ:Defend","champ:Defend","champ:Defend","champ:Execute+1","champ:Taunt","champ:FocusedBerserking","champ:Haymaker","champ:Backstep+1","champ:Parry","champ:RecklessLeap","champ:FancyFootwork","champ:GladiatorForm","champ:SkillfulDodge"],"relics":["champ:ChampionCrown","Letter Opener","champ:GladiatorsBookOfMartialProwess","WarpedTongs"],"acts_visited":["Exordium"],"potions_floor_usage":[16,16],"damage_taken":[{"damage":11,"enemies":"Cultist","floor":2,"turns":4},{"damage":55,"enemies":"3 Sentries","floor":3,"turns":9},{"damage":8,"enemies":"Jaw Worm","floor":4,"turns":3},{"damage":15,"enemies":"downfall:FleeingMerchant","floor":6,"turns":4},{"damage":11,"enemies":"Small Slimes","floor":8,"turns":2},{"damage":28,"enemies":"3 Louse","floor":10,"turns":4},{"damage":45,"enemies":"Lots of Slimes","floor":11,"turns":4},{"damage":35,"enemies":"downfall:FleeingMerchant","floor":12,"turns":4},{"damage":36,"enemies":"downfall:FleeingMerchant","floor":14,"turns":4},{"damage":10,"enemies":"Large Slime","floor":15,"turns":4},{"damage":32,"enemies":"IC_STATUS_ARCHETYPE","floor":16,"turns":8}],"seed_played":"-7840300044009324888","potions_obtained":[{"floor":8,"key":"SpeedPotion"},{"floor":10,"key":"Dexterity Potion"},{"floor":11,"key":"SpeedPotion"},{"floor":15,"key":"AttackPotion"}],"is_trial":false,"path_per_floor":["R","M","?","M","?","$","T","M","?","M","M","$","R","$","M","B"],"character_chosen":"THE_CHAMP","items_purchased":[],"campfire_rested":0,"item_purchase_floors":[],"current_hp_per_floor":[99,98,68,65,65,65,65,64,64,46,36,32,32,31,31,0,0,0],"gold":33,"neow_bonus":"TEN_PERCENT_HP_BONUS","is_daily":false,"chose_seed":false,"campfire_upgraded":2,"win_rate":0.0,"timestamp":1612950733,"path_taken":["R","M","?","M","?","$","T","M","?","?","M","$","R","$","M","BOSS"],"items_purchased_type":[],"build_version":"2020-12-22","purchased_purges":2,"victory":false,"max_hp_per_floor":[99,99,99,99,99,99,99,99,99,99,99,99,99,99,99,99,99,99],"card_choices":[{"not_picked":["champ:PerfectedStrike","champ:CrookedStrike"],"picked":"champ:FocusedBerserking","floor":2},{"not_picked":["champ:BladeFlurry","champ:AdrenalArmor"],"picked":"champ:Haymaker","floor":3},{"not_picked":["champ:Haymaker","champ:BringItOn"],"picked":"champ:Backstep","floor":4},{"not_picked":["champ:GutPunch","champ:TornadoPunch"],"picked":"champ:Parry","floor":6},{"not_picked":["champ:Duel","champ:FalseCounter"],"picked":"champ:RecklessLeap","floor":8},{"not_picked":["champ:CrownThrow","champ:SetATrap"],"picked":"champ:FancyFootwork","floor":10},{"not_picked":["champ:FocusedBerserking","champ:Shatter","champ:PreciseThrust"],"picked":"SKIP","floor":11},{"not_picked":["champ:BringItOn","champ:Circumvent","champ:FalseCounter"],"picked":"SKIP","floor":12},{"not_picked":["champ:CrownThrow","champ:FocusedDefense"],"picked":"champ:GladiatorForm","floor":14},{"not_picked":["champ:BringItOn","champ:Circumvent"],"picked":"champ:SkillfulDodge","floor":15}],"player_experience":1033530,"relics_obtained":[{"floor":3,"key":"Letter Opener"},{"floor":7,"key":"champ:GladiatorsBookOfMartialProwess"}],"event_choices":[{"cards_removed":["champ:Strike"],"damage_healed":0,"gold_gain":0,"player_choice":"Card Removal","damage_taken":0,"max_hp_gain":0,"max_hp_loss":0,"event_name":"The Cleric","floor":5,"gold_loss":0},{"damage_healed":0,"gold_gain":0,"player_choice":"Rummage","damage_taken":0,"relics_obtained":["WarpedTongs"],"max_hp_gain":0,"max_hp_loss":0,"event_name":"Accursed Blacksmith","floor":9,"gold_loss":0,"cards_obtained":["Pain"]}],"is_beta":false,"boss_relics":[],"items_purged_floors":[6,12],"is_endless":false,"potions_floor_spawned":[8,10,11,15],"killed_by":"IC_STATUS_ARCHETYPE","ascension_level":0}}