{"host":"jt4xaqerixsfdsye","time":1612989236,"event":{"mods":["Astrologer","BaseMod","Clockwork Mod","Downfall","Gremlin Mod","Hermit","Jorbs\u0027s Wanderer Trilogy","Minty Spire (QoL Compilation)","StSLib","The Bug Knight","The Cursed","The Mystic"],"gold_per_floor":[111,126,126,126,7,36,36,50,123,136,136,136,136,136,136,235,235,251,25,25,25,25,25,43,43,43,43,53,53,72,88,88,88,88],"floor_reached":33,"language":"ENG","playtime":2958,"items_purged":[],"score":368,"play_id":"e1595c4e-ec5b-4081-a4cd-16f2c23b02f5","local_time":"20210210213356","is_ascension_mode":false,"campfire_choices":[{"data":"Clockwork:TimeOut","floor":11,"key":"SMITH"},{"data":"Clockwork:ZeroPointEnergy","floor":13,"key":"SMITH"},{"data":"Clockwork:AdaptiveShield","floor":15,"key":"SMITH"},{"data":"Clockwork:MechanicalBulk","floor":23,"key":"SMITH"},{"data":"Clockwork:ElasticNanites","floor":25,"key":"SMITH"},{"data":"Clockwork:Strangle","floor":27,"key":"SMITH"},{"data":"Clockwork:AdaptiveCannon","floor":29,"key":"SMITH"},{"data":"Clockwork:Roundhouse","floor":32,"key":"SMITH"}],"circlet_count":0,"master_deck":["Clockwork:Strike","Clockwork:Strike","Clockwork:Strike+1","Clockwork:Strike+1","Clockwork:Shield","Clockwork:Shield","Clockwork:Shield","Clockwork:Shield","Clockwork:Tinker","Clockwork:WarmUp","Clockwork:SnapKeep","Clockwork:MechanicalBulk+1","downfall:Icky","Clockwork:ZeroPointEnergy+1","Clockwork:ElasticNanites+1","Clockwork:TimeOut+1","Clockwork:Roundhouse+1","Normality","Parasite","Clockwork:AdaptiveShield+1","Regret","Clockwork:Strangle+1","Clockwork:HeadStart","Clockwork:RevUp","Clockwork:AdaptiveShield","Clockwork:StasisBreak","Clockwork:Enhance","Shame","Clockwork:AdaptiveCannon+1","downfall:Aged","Regret","Clockwork:SnapKeep+1","Clockwork:Pluck","Clockwork:CogBarrier"],"relics":["Clockwork:MomentumEngine","NeowsBlessing","downfall:ExtraCursedKey","Oddly Smooth Stone","Eternal Feather","Clockwork:QuicksilverHourglass","Meat on the Bone","Bronze Scales","Velvet Choker","Nunchaku","StoneCalendar"],"acts_visited":["Exordium","TheCity"],"potions_floor_usage":[10,10,33,33,33],"damage_taken":[{"damage":0,"enemies":"Small Slimes","floor":1,"turns":2},{"damage":0,"enemies":"Jaw Worm","floor":2,"turns":2},{"damage":0,"enemies":"HollowMod:MossKnight","floor":6,"turns":2},{"damage":8,"enemies":"2 Louse","floor":8,"turns":6},{"damage":0,"enemies":"Large Slime","floor":10,"turns":10},{"damage":39,"enemies":"Slime Boss","floor":16,"turns":17},{"damage":7,"enemies":"3 Byrds","floor":18,"turns":3},{"damage":29,"enemies":"Chosen and Byrds","floor":24,"turns":8},{"damage":14,"enemies":"Centurion and Healer","floor":28,"turns":7},{"damage":8,"enemies":"Cultist and Chosen","floor":30,"turns":5},{"damage":3,"enemies":"Snake Plant","floor":31,"turns":5},{"damage":86,"enemies":"Automaton","floor":33,"turns":12}],"seed_played":"-1488427671339610938","potions_obtained":[{"floor":2,"key":"Energy Potion"},{"floor":6,"key":"SmokeBomb"},{"floor":8,"key":"AttackPotion"},{"floor":24,"key":"sneckomod:MuddlingPotion"},{"floor":28,"key":"Guardian:BlockOnCardUsePotion"},{"floor":30,"key":"hexamod:SoulburnPotion"}],"is_trial":false,"path_per_floor":["M","M","?","?","$","E","$","M","T","M","R","?","R","?","R","B",null,"M","$","?","?","$","R","M","R","T","R","M","R","M","M","R","B"],"character_chosen":"CLOCKWORK","items_purchased":["Clockwork:ElasticNanites","Clockwork:TimeOut","Clockwork:RevUp","Clockwork:AdaptiveShield","Clockwork:StasisBreak","Clockwork:Enhance"],"campfire_rested":0,"item_purchase_floors":[5,5,19,19,19,19],"current_hp_per_floor":[85,85,85,68,68,68,68,60,60,60,72,72,84,66,78,51,85,78,78,78,78,78,85,56,74,74,85,71,85,77,74,85,0,0],"gold":88,"neow_bonus":"THREE_ENEMY_KILL","is_daily":false,"chose_seed":false,"campfire_upgraded":8,"win_rate":0.0,"timestamp":1612989236,"path_taken":["M","M","?","?","$","E","$","M","T","M","R","?","R","?","R","BOSS","M","$","?","?","?","R","M","R","T","R","M","R","M","M","R","BOSS"],"items_purchased_type":["Card","Card","Card","Card","Card","Card"],"build_version":"2020-12-22","purchased_purges":0,"victory":false,"max_hp_per_floor":[85,85,85,85,85,85,85,85,85,85,85,85,85,85,85,85,85,85,85,85,85,85,85,85,85,85,85,85,85,85,85,85,85,85],"card_choices":[{"not_picked":["Clockwork:Roundhouse","Clockwork:SystemScan"],"picked":"Clockwork:SnapKeep","floor":1},{"not_picked":["Clockwork:SearingStrike","Clockwork:ForgeStrike"],"picked":"Clockwork:MechanicalBulk","floor":2},{"not_picked":["Clockwork:SpringShield","Clockwork:SystemScan"],"picked":"Clockwork:Roundhouse","floor":6},{"not_picked":["Clockwork:CogBarrier","Clockwork:RitualDaggerMk0"],"picked":"Clockwork:CraftQuicksilverHourglass","floor":8},{"not_picked":["Clockwork:CraftBloodPhial","Clockwork:InertialShield"],"picked":"Clockwork:AdaptiveShield","floor":10},{"not_picked":["Clockwork:TimeWalk","Clockwork:Halt"],"picked":"Clockwork:Strangle","floor":16},{"not_picked":["Clockwork:ReserveSystems","Clockwork:Improve"],"picked":"Clockwork:HeadStart","floor":18},{"not_picked":["Clockwork:HoardingStrike","Clockwork:FalseStart"],"picked":"Clockwork:AdaptiveCannon","floor":24},{"not_picked":["Clockwork:Roundhouse","Clockwork:Clone+1"],"picked":"Clockwork:SnapKeep+1","floor":28},{"not_picked":["Clockwork:Minimalism","Clockwork:CogShield"],"picked":"Clockwork:Pluck","floor":30},{"not_picked":["Clockwork:ChargingShield","Clockwork:RevUp"],"picked":"Clockwork:CogBarrier","floor":31}],"player_experience":215533,"relics_obtained":[{"floor":6,"key":"Oddly Smooth Stone"},{"floor":9,"key":"Eternal Feather"},{"floor":26,"key":"StoneCalendar"}],"event_choices":[{"damage_healed":0,"gold_gain":0,"player_choice":"Entered Light","damage_taken":17,"max_hp_gain":0,"max_hp_loss":0,"event_name":"Shining Light","floor":4,"gold_loss":0,"cards_upgraded":["Clockwork:Strike","Clockwork:Strike"]},{"damage_healed":0,"gold_gain":0,"player_choice":"Box","damage_taken":0,"relics_obtained":["Meat on the Bone"],"max_hp_gain":0,"max_hp_loss":0,"event_name":"Big Fish","floor":12,"gold_loss":0,"cards_obtained":["Regret"]},{"damage_healed":0,"gold_gain":0,"player_choice":"Success","damage_taken":18,"relics_obtained":["Bronze Scales"],"max_hp_gain":0,"max_hp_loss":0,"event_name":"Scrap Ooze","floor":14,"gold_loss":0},{"damage_healed":0,"gold_gain":0,"player_choice":"Ignored","damage_taken":0,"max_hp_gain":0,"max_hp_loss":0,"event_name":"Ghosts","floor":20,"gold_loss":0},{"damage_healed":0,"gold_gain":0,"player_choice":"Stole Relic","damage_taken":0,"relics_obtained":["Nunchaku"],"max_hp_gain":0,"max_hp_loss":0,"event_name":"Addict","floor":21,"gold_loss":0,"cards_obtained":["Shame"]}],"is_beta":false,"boss_relics":[{"not_picked":["Empty Cage","SlaversCollar"],"picked":"Velvet Choker"}],"items_purged_floors":[],"is_endless":false,"potions_floor_spawned":[2,6,8,24,28,30],"killed_by":"Automaton","ascension_level":0}}