{"host":"bz6w3lfmpwgz81o3","time":1612925358,"event":{"mods":["BaseMod","Downfall","Hermit","Minty Spire (QoL Compilation)","StSLib"],"gold_per_floor":[99,110,123,33,47,104,157,172,198,198,215,233,233,233,250,350,350,350,365,381,144,154,174,198,217,250,261,281,296,196,196,211,313,313,313,333,44,44,44,6,33,49,64,64,99,115,15,25,39,39],"floor_reached":51,"language":"ENG","playtime":2960,"items_purged":["hermit:Strike_Hermit","hermit:Strike_Hermit+1"],"score":709,"play_id":"5c39e387-ff64-4ca2-a6a9-972d83f46035","local_time":"20210210034918","is_ascension_mode":false,"campfire_choices":[{"data":"hermit:Snapshot","floor":1,"key":"SMITH"},{"data":"hermit:Combo","floor":10,"key":"SMITH"},{"data":"hermit:Gestalt","floor":13,"key":"SMITH"},{"data":"hermit:Headshot","floor":18,"key":"SMITH"},{"data":"hermit:HeroicBravado","floor":30,"key":"SMITH"},{"data":"hermit:Ricochet","floor":35,"key":"SMITH"},{"floor":44,"key":"RECALL"},{"data":"expansioncontent:QuickStudy","floor":47,"key":"SMITH"}],"circlet_count":0,"master_deck":["hermit:Defend_Hermit+1","hermit:Defend_Hermit","hermit:Defend_Hermit","hermit:Defend_Hermit","hermit:Snapshot+1","hermit:Gestalt+1","hermit:Ricochet+1","hermit:Combo+1","hermit:Deadeye","hermit:Deadeye+1","hermit:Brawl+1","hermit:EyeOfTheStorm","hermit:HeroicBravado+1","hermit:EyeOfTheStorm","RitualDagger+1","hermit:Enervate+1","hermit:GhostlyPresence","expansioncontent:QuickStudy+1","hermit:Gestalt","hermit:Vantage+1"],"relics":["hermit:ClaspedLocket","Slimebound:PreparedRelic","Pen Nib","Bottled Flame","Coffee Dripper","champ:Barbells","Toy Ornithopter","Bag of Marbles","downfall:HeartBlessingGreen","Membership Card","Ornamental Fan","Bottled Lightning","downfall:HeartBlessingRed"],"acts_visited":["Exordium","TheCity","TheBeyond"],"potions_floor_usage":[6,9,15,16,23,26,26,28,33,33,42,45,45,50,50,50],"damage_taken":[{"damage":0,"enemies":"2 Louse","floor":2,"turns":3},{"damage":5,"enemies":"Small Slimes","floor":3,"turns":3},{"damage":2,"enemies":"downfall:FleeingMerchant","floor":4,"turns":4},{"damage":2,"enemies":"Cultist","floor":5,"turns":4},{"damage":2,"enemies":"Gremlin Nob","floor":6,"turns":4},{"damage":3,"enemies":"Blue Slaver","floor":8,"turns":3},{"damage":2,"enemies":"Lagavulin","floor":9,"turns":6},{"damage":0,"enemies":"2 Fungi Beasts","floor":11,"turns":2},{"damage":0,"enemies":"3 Louse","floor":12,"turns":1},{"damage":1,"enemies":"Large Slime","floor":15,"turns":5},{"damage":34,"enemies":"DF_ARCHETYPE_STREAMLINE","floor":16,"turns":9},{"damage":0,"enemies":"Chosen","floor":19,"turns":1},{"damage":1,"enemies":"Snecko","floor":20,"turns":4},{"damage":10,"enemies":"downfall:FleeingMerchant","floor":21,"turns":4},{"damage":8,"enemies":"Centurion and Healer","floor":22,"turns":4},{"damage":6,"enemies":"Shelled Parasite and Fungi","floor":23,"turns":2},{"damage":8,"enemies":"Snecko","floor":25,"turns":4},{"damage":11,"enemies":"Book of Stabbing","floor":26,"turns":4},{"damage":3,"enemies":"Sentry and Sphere","floor":27,"turns":5},{"damage":2,"enemies":"Chosen and Byrds","floor":28,"turns":3},{"damage":0,"enemies":"Snecko","floor":29,"turns":2},{"damage":1,"enemies":"Centurion and Healer","floor":32,"turns":4},{"damage":1,"enemies":"WA_ARCHETYPE_CALM","floor":33,"turns":4},{"damage":0,"enemies":"Orb Walker","floor":36,"turns":2},{"damage":0,"enemies":"downfall:FleeingMerchant","floor":37,"turns":2},{"damage":3,"enemies":"3 Darklings","floor":42,"turns":6},{"damage":13,"enemies":"Sphere and 2 Shapes","floor":43,"turns":5},{"damage":2,"enemies":"Reptomancer","floor":45,"turns":5},{"damage":3,"enemies":"Writhing Mass","floor":46,"turns":5},{"damage":9,"enemies":"Maw","floor":48,"turns":8},{"damage":8,"enemies":"Sphere and 2 Shapes","floor":49,"turns":4},{"damage":20,"enemies":"SI_POISON_ARCHETYPE","floor":50,"turns":14}],"seed_played":"6942972145810457316","potions_obtained":[{"floor":3,"key":"hermit:Tonic"},{"floor":5,"key":"Swift Potion"},{"floor":6,"key":"Explosive Potion"},{"floor":11,"key":"Fire Potion"},{"floor":15,"key":"LiquidBronze"},{"floor":20,"key":"champ:CounterPotion"},{"floor":23,"key":"Explosive Potion"},{"floor":26,"key":"Weak Potion"},{"floor":27,"key":"ColorlessPotion"},{"floor":31,"key":"CultistPotion"},{"floor":32,"key":"SpeedPotion"},{"floor":42,"key":"FearPotion"},{"floor":46,"key":"bronze:BurnAndBuffPotion"},{"floor":48,"key":"Ancient Potion"},{"floor":49,"key":"Guardian:BlockOnCardUsePotion"}],"is_trial":false,"path_per_floor":["R","M","M","$","M","?","T","M","E","R","M","M","R","?","M","B",null,"R","M","M","$","M","M","T","M","E","M","M","M","R","?","M","B",null,"R","M","?","?","?","$","T","M","M","R","E","M","R","M","M","B",null],"character_chosen":"HERMIT","items_purchased":["hermit:Combo","champ:Barbells","expansioncontent:QuickStudy","Membership Card","hermit:Gestalt","Ornamental Fan","PowerPotion","SkillPotion","Ancient Potion"],"campfire_rested":0,"item_purchase_floors":[4,21,37,37,37,37,37,37,40],"current_hp_per_floor":[68,68,63,61,59,57,57,54,52,52,52,52,52,52,51,17,68,68,68,67,57,49,43,43,35,34,31,34,34,34,34,33,42,68,68,68,68,68,68,68,68,65,52,52,60,57,57,48,40,35],"gold":39,"neow_bonus":"REMOVE_TWO","is_daily":false,"chose_seed":false,"campfire_upgraded":7,"win_rate":0.0,"timestamp":1612925358,"path_taken":["R","M","M","$","M","?","T","M","E","R","M","M","R","?","M","BOSS","R","M","M","$","M","?","T","M","E","M","M","M","R","?","M","BOSS","R","M","?","?","?","?","T","M","M","R","E","?","R","M","M","BOSS"],"items_purchased_type":["Card","Relic","Card","Relic","Card","Relic","Potion","Potion","Potion"],"build_version":"2020-12-22","purchased_purges":2,"victory":true,"max_hp_per_floor":[68,68,68,68,68,68,68,68,68,68,68,68,68,68,68,68,68,68,68,68,68,68,68,68,68,68,68,68,68,68,68,68,68,68,68,68,68,68,68,68,68,68,68,68,68,68,68,68,68,68],"card_choices":[{"not_picked":["hermit:Coalescence","hermit:NoHoldsBarred"],"picked":"hermit:Gestalt","floor":2},{"not_picked":["hermit:Feint","hermit:Desperado"],"picked":"hermit:Headshot","floor":3},{"not_picked":["hermit:Grudge","hermit:Quickdraw"],"picked":"hermit:Ricochet","floor":4},{"not_picked":["hermit:TakeAim","hermit:TakeCover","hermit:LoneWolf"],"picked":"SKIP","floor":5},{"not_picked":["hermit:Maintenance","hermit:Malice"],"picked":"hermit:Deadeye","floor":8},{"not_picked":["hermit:BigShot","hermit:Gestalt","hermit:Feint"],"picked":"SKIP","floor":9},{"not_picked":["hermit:TrackingShot","hermit:BodyArmor","hermit:Glare"],"picked":"SKIP","floor":11},{"not_picked":["hermit:BigShot","hermit:Cheat"],"picked":"hermit:Deadeye","floor":12},{"not_picked":["hermit:Coalescence","hermit:HighNoon","hermit:BodyArmor"],"picked":"SKIP","floor":15},{"not_picked":["hermit:Snipe","hermit:Spite"],"picked":"hermit:Brawl+1","floor":19},{"not_picked":["hermit:Showdown","hermit:TrackingShot"],"picked":"hermit:EyeOfTheStorm","floor":20},{"not_picked":["hermit:ShadowCloak","hermit:Feint","hermit:Headshot"],"picked":"SKIP","floor":21},{"not_picked":["hermit:TakeAim","hermit:Desperado","hermit:Grudge"],"picked":"SKIP","floor":22},{"not_picked":["hermit:Headshot","hermit:NoHoldsBarred","hermit:LowProfile"],"picked":"SKIP","floor":23},{"not_picked":["hermit:Glare","hermit:PistolWhip+1"],"picked":"hermit:HeroicBravado","floor":25},{"not_picked":["hermit:Vantage","hermit:BodyArmor"],"picked":"hermit:EyeOfTheStorm","floor":26},{"not_picked":["hermit:Malice","hermit:Quickdraw+1","hermit:LuckOfTheDraw"],"picked":"SKIP","floor":27},{"not_picked":["hermit:CursedWeapon","hermit:LowProfile","hermit:Headshot"],"picked":"SKIP","floor":28},{"not_picked":["hermit:TrackingShot","hermit:Determination","hermit:ItchyTrigger+1"],"picked":"SKIP","floor":29},{"not_picked":["hermit:BodyArmor","hermit:Malice+1"],"picked":"hermit:Enervate","floor":32},{"not_picked":["hermit:Shortfuse","hermit:Spite+1","hermit:Brawl"],"picked":"SKIP","floor":36},{"not_picked":["hermit:Ricochet","hermit:CursedWeapon"],"picked":"hermit:GhostlyPresence","floor":37},{"not_picked":["hermit:Headshot+1","hermit:Dive","hermit:Midnight+1"],"picked":"SKIP","floor":42},{"not_picked":["hermit:Misfire","hermit:Desperado+1","hermit:Snipe+1"],"picked":"SKIP","floor":43},{"not_picked":["hermit:Manifest","hermit:LuckOfTheDraw","hermit:HighNoon"],"picked":"SKIP","floor":45},{"not_picked":["hermit:Manifest","hermit:LuckOfTheDraw","hermit:HighNoon"],"picked":"SKIP","floor":45},{"not_picked":["hermit:Spite","hermit:Headshot+1","hermit:CalledShot+1"],"picked":"SKIP","floor":46},{"not_picked":["hermit:Desperado+1","hermit:WideOpen","hermit:GoldenBullet"],"picked":"SKIP","floor":48},{"not_picked":["hermit:Ricochet+1","hermit:CursedWeapon"],"picked":"hermit:Vantage+1","floor":49}],"player_experience":33101,"relics_obtained":[{"floor":7,"key":"Pen Nib"},{"floor":9,"key":"Bottled Flame"},{"floor":24,"key":"Toy Ornithopter"},{"floor":26,"key":"Bag of Marbles"},{"floor":45,"key":"Bottled Lightning"}],"event_choices":[{"cards_removed":["hermit:Headshot"],"damage_healed":0,"gold_gain":0,"player_choice":"Removed Attack","damage_taken":0,"max_hp_gain":0,"max_hp_loss":0,"event_name":"Falling","floor":39,"gold_loss":0}],"is_beta":false,"boss_relics":[{"not_picked":["Snecko Eye","Velvet Choker"],"picked":"Coffee Dripper"},{"not_picked":["SlaversCollar","Empty Cage"],"picked":"hermit:ClaspedLocket"}],"items_purged_floors":[21,37],"is_endless":false,"potions_floor_spawned":[3,5,6,11,15,20,23,26,27,32,42,46,48,49],"ascension_level":0}}