{"host":"7f01flv6y0vhl3vt","time":1612984841,"event":{"mods":["Act Like it!","BaseMod","Downfall","Minty Spire (QoL Compilation)","StSLib"],"gold_per_floor":[99,110,127,302,302,202,276,286,186,186,199,199,199,228,243,347,347,347,26,26,43,56,56,56,56],"floor_reached":23,"language":"ENG","playtime":4182,"items_purged":[],"score":214,"play_id":"c4bf3c09-b3a1-46b1-8f57-1a654fe4c28e","local_time":"20210210142041","is_ascension_mode":false,"campfire_choices":[{"floor":1,"key":"RECALL"},{"data":"bronze:Repair","floor":6,"key":"SMITH"},{"data":"bronze:ForceShield","floor":9,"key":"SMITH"},{"data":"bronze:DigitalCarnage","floor":13,"key":"SMITH"},{"data":"bronze:Assembly","floor":18,"key":"SMITH"}],"circlet_count":0,"master_deck":["bronze:Strike","bronze:Strike","bronze:Strike","bronze:Strike","bronze:Defend","bronze:Defend","bronze:Defend","bronze:Replicate","bronze:Goto","bronze:Repair+1","bronze:ForceShield+1","bronze:DigitalCarnage+1","bronze:Constructor","bronze:Philosophize","bronze:FollowUp","bronze:Constructor","bronze:Assembly+1","bronze:Terminator+1","bronze:Optimize","bronze:NullPointer"],"relics":["bronze:PlatinumCore","Happy Flower","downfall:HeartBlessingRed","downfall:HeartBlessingBlue","CaptainsWheel","Ice Cream","MutagenicStrength"],"acts_visited":["Exordium","TheCity"],"potions_floor_usage":[2,11,16,16,16],"damage_taken":[{"damage":0,"enemies":"Jaw Worm","floor":2,"turns":5},{"damage":0,"enemies":"Small Slimes","floor":3,"turns":4},{"damage":0,"enemies":"2 Louse","floor":8,"turns":4},{"damage":0,"enemies":"2 Fungi Beasts","floor":11,"turns":2},{"damage":0,"enemies":"Gremlin Nob","floor":14,"turns":3},{"damage":0,"enemies":"Red Slaver","floor":15,"turns":1},{"damage":29,"enemies":"WA_ARCHETYPE_RETAIN","floor":16,"turns":6},{"damage":0,"enemies":"downfall:FleeingMerchant","floor":19,"turns":4},{"damage":5,"enemies":"Chosen","floor":21,"turns":5},{"damage":23,"enemies":"Sentry and Sphere","floor":22,"turns":8},{"damage":73,"enemies":"Book of Stabbing","floor":23,"turns":5}],"seed_played":"-3377370083063024521","potions_obtained":[{"floor":0,"key":"BlessingOfTheForge"},{"floor":0,"key":"Block Potion"},{"floor":0,"key":"Explosive Potion"},{"floor":2,"key":"Block Potion"},{"floor":14,"key":"PowerPotion"}],"is_trial":false,"path_per_floor":["R","M","M","?","?","R","T","M","R","?","M","?","R","E","M","B",null,"R","$","?","M","M","E"],"character_chosen":"THE_AUTOMATON","items_purchased":["Ice Cream"],"campfire_rested":0,"item_purchase_floors":[19],"current_hp_per_floor":[70,70,70,70,63,63,63,70,80,80,80,80,80,80,80,60,80,80,80,80,75,57,0,0,0],"gold":56,"neow_bonus":"THREE_SMALL_POTIONS","is_daily":false,"chose_seed":false,"campfire_upgraded":4,"win_rate":0.0,"timestamp":1612984841,"path_taken":["R","M","M","?","?","R","T","M","R","?","M","?","R","E","M","BOSS","R","$","?","M","M","E"],"items_purchased_type":["Relic"],"build_version":"2020-12-22","purchased_purges":0,"victory":false,"max_hp_per_floor":[70,70,70,70,70,70,70,70,80,80,80,80,80,80,80,80,80,80,80,80,80,80,80,80,80],"card_choices":[{"not_picked":["bronze:CloningBeam","bronze:ChildClass"],"picked":"bronze:Repair","floor":2},{"not_picked":["bronze:WhirlingStrike","bronze:WildBeam"],"picked":"bronze:ForceShield","floor":3},{"not_picked":["bronze:BronzeArmor","bronze:ItsAFeature"],"picked":"bronze:DigitalCarnage","floor":8},{"not_picked":["bronze:FollowUp","bronze:FineTuning"],"picked":"bronze:Philosophize","floor":11},{"not_picked":["bronze:BuggyMess","bronze:Separator"],"picked":"bronze:FollowUp","floor":14},{"not_picked":["bronze:WildBeam","bronze:DelayedSlice"],"picked":"bronze:Constructor","floor":15},{"not_picked":["bronze:CleanCode","bronze:Verify"],"picked":"bronze:Assembly","floor":16},{"not_picked":["bronze:ItsAFeature","bronze:WhirlingStrike+1"],"picked":"bronze:Terminator+1","floor":19},{"not_picked":["bronze:Shield+1","bronze:Frontload+1"],"picked":"bronze:Optimize","floor":21},{"not_picked":["bronze:Constructor","bronze:Turbo"],"picked":"bronze:NullPointer","floor":22}],"player_experience":1700058,"relics_obtained":[{"floor":14,"key":"CaptainsWheel"}],"event_choices":[{"damage_healed":0,"gold_gain":0,"player_choice":"Success","damage_taken":7,"relics_obtained":["Happy Flower"],"max_hp_gain":0,"max_hp_loss":0,"event_name":"Scrap Ooze","floor":5,"gold_loss":0},{"cards_removed":["bronze:Defend"],"damage_healed":0,"gold_gain":0,"player_choice":"Card Removal","damage_taken":0,"max_hp_gain":0,"max_hp_loss":0,"event_name":"The Cleric","floor":12,"gold_loss":0},{"damage_healed":0,"gold_gain":0,"player_choice":"Inject Mutagens","damage_taken":0,"relics_obtained":["MutagenicStrength"],"max_hp_gain":0,"max_hp_loss":0,"event_name":"Drug Dealer","floor":20,"gold_loss":0}],"is_beta":false,"boss_relics":[{"not_picked":["Tiny House","Calling Bell"],"picked":"bronze:PlatinumCore"}],"items_purged_floors":[],"is_endless":false,"potions_floor_spawned":[2,3,14,15],"killed_by":"Book of Stabbing","ascension_level":0}}