{"host":"kh91mfnoze99ny0y","time":1612959061,"event":{"mods":["Act Like it!","BaseMod","Downfall","Gensokyo","KinomotoSakuraMod(Ä¾Ö®±¾Ó£)","Lobotomy","LobotomyExtend","Minty Spire (QoL Compilation)","StSLib","The Bug Knight","The Cursed"],"gold_per_floor":[116,129,129,129,129,165,186,186,186,211,250,274,274,310,310,440,440,456,456,456,472,486,486,509,523,121,71,91,91,122,122,122,122,160,176,176,176],"floor_reached":36,"language":"ZHS","playtime":3927,"items_purged":["ClowCardTheShield"],"score":279,"play_id":"5612de5d-2a41-4f0e-94a4-ebed537eafd5","local_time":"20210210201101","is_ascension_mode":false,"campfire_choices":[{"floor":8.0,"key":"REST"},{"floor":13.0,"key":"REST"},{"data":"ClowCardTheReturn","floor":15.0,"key":"SMITH"},{"data":"ClowCardTheFloat","floor":29,"key":"SMITH"},{"data":"ClowCardTheLock","floor":31,"key":"SMITH"}],"circlet_count":0,"master_deck":["SakuraCardTheVoice+","ClowCardTheSword","ClowCardTheSword","ClowCardTheSword","ClowCardTheShield","ClowCardTheShield+1","ClowCardTheShield+1","SpellCardSeal","SpellCardRelease","ClowCardTheThrough","ClowCardThePower","ClowCardTheMirror+1","Regret","ClowCardTheMaze+1","ClowCardTheFreeze","ClowCardTheLibra","ClowCardTheShadow","ClowCardTheReturn+1","ClowCardTheTwin","ClowCardTheShot","ClowCardTheLock+1","ClowCardTheLibra+1","Dazed","ClowCardTheVoice+1","ClowCardTheGlow","ClowCardTheFloat+1","ClowCardTheFirey","ClowCardTheVoice","ClowCardTheLight+1"],"relics":["KSMOD_SealedBook","KSMOD_SealedWand","KSMOD_Cerberus","Golden Idol","Bottled Lightning","Pocketwatch","Velvet Choker","Enchiridion","Kunai","LetterFromLob","Strange Spoon","Question Card","Mummified Hand","Letter Opener","Moonlight_r"],"acts_visited":["Exordium","TheCity"],"potions_floor_usage":[],"damage_taken":[{"damage":0.0,"enemies":"Small Slimes","floor":1.0,"turns":2.0},{"damage":1.0,"enemies":"Jaw Worm","floor":2.0,"turns":2.0},{"damage":2.0,"enemies":"3 Sentries","floor":6.0,"turns":6.0},{"damage":0.0,"enemies":"2 Louse","floor":7.0,"turns":1.0},{"damage":0.0,"enemies":"Red Slaver","floor":10.0,"turns":1.0},{"damage":13.0,"enemies":"Gremlin Nob","floor":11.0,"turns":3.0},{"damage":5.0,"enemies":"Blue Slaver","floor":12.0,"turns":4.0},{"damage":5.0,"enemies":"Lagavulin","floor":14.0,"turns":4.0},{"damage":55.0,"enemies":"Hexaghost","floor":16.0,"turns":12.0},{"damage":12.0,"enemies":"3 Byrds","floor":18.0,"turns":5.0},{"damage":0.0,"enemies":"Spheric Guardian","floor":21.0,"turns":1.0},{"damage":9.0,"enemies":"Centurion and Healer","floor":22.0,"turns":6.0},{"damage":0,"enemies":"Cultist","floor":24,"turns":2},{"damage":1,"enemies":"Jaw Worm","floor":25,"turns":2},{"damage":7,"enemies":"2 Louse","floor":28,"turns":2},{"damage":8,"enemies":"Gremlin Nob","floor":30,"turns":5},{"damage":4,"enemies":"Lagavulin","floor":34,"turns":6},{"damage":13,"enemies":"Lots of Slimes","floor":35,"turns":4}],"seed_played":"-9115441397122219011","potions_obtained":[{"floor":1.0,"key":"DuplicationPotion"},{"floor":7.0,"key":"AttackPotion"},{"floor":12.0,"key":"champ:CounterPotion"},{"floor":16.0,"key":"CultistPotion"},{"floor":22.0,"key":"Guardian:BlockOnCardUsePotion"},{"floor":34,"key":"Fruit Juice"}],"is_trial":false,"path_per_floor":["M","M","?","?","?","E","M","R","T","M","E","M","R","E","R","B",null,"M","?","?","M","M","E","M","M","$","?","M","R","E","R","T","?","E","M","M"],"character_chosen":"KINOMOTOSAKURA","items_purchased":["Strange Spoon","ClowCardTheVoice","ClowCardTheGlow","ClowCardTheFloat"],"campfire_rested":2,"item_purchase_floors":[26,26,26,26],"current_hp_per_floor":[70,69,69,55,38,36,36,57,57,57,44,39,60,55,55,12,70,68,52,52,52,43,70,70,69,69,69,62,62,62,62,62,62,62,62,0,0],"gold":176,"neow_bonus":"ONE_RANDOM_RARE_CARD","is_daily":false,"chose_seed":false,"campfire_upgraded":3,"win_rate":0.0,"timestamp":1612959061,"path_taken":["M","M","?","?","?","E","?","R","T","M","E","M","R","E","R","BOSS","M","?","?","M","M","E","M","M","$","?","M","R","E","R","T","?","E","M","M"],"items_purchased_type":["Relic","Card","Card","Card"],"build_version":"2020-12-22","purchased_purges":1,"victory":false,"max_hp_per_floor":[70,70,70,70,70,70,70,70,70,70,70,70,70,70,70,70,70,70,70,70,70,70,70,70,70,70,70,70,70,70,70,70,70,70,70,70,70],"card_choices":[{"not_picked":["ClowCardTheBubbles","ClowCardTheWatery"],"picked":"ClowCardThePower","floor":1.0},{"not_picked":["ClowCardTheMist","ClowCardTheBig"],"picked":"ClowCardTheMirror","floor":2.0},{"not_picked":["ClowCardTheChange","ClowCardTheWood"],"picked":"ClowCardTheMaze","floor":6.0},{"not_picked":["ClowCardTheSnow","ClowCardTheArrow"],"picked":"ClowCardTheFreeze","floor":7.0},{"not_picked":["ClowCardTheArrow","ClowCardTheCloud"],"picked":"ClowCardTheLibra","floor":10.0},{"not_picked":["ClowCardTheMirror","ClowCardTheSnow"],"picked":"ClowCardTheVoice","floor":11.0},{"not_picked":["ClowCardTheWood","ClowCardTheMaze"],"picked":"ClowCardTheShadow","floor":12.0},{"not_picked":["ClowCardTheFlower","ClowCardThePower"],"picked":"ClowCardTheReturn","floor":14.0},{"not_picked":["ClowCardTheDash","ClowCardTheReturn"],"picked":"ClowCardTheTwin","floor":16.0},{"not_picked":["ClowCardTheBubbles","ClowCardTheMist"],"picked":"ClowCardTheShot","floor":18.0},{"not_picked":["ClowCardThePower","ClowCardTheErase"],"picked":"ClowCardTheLock","floor":21.0},{"not_picked":["ClowCardTheSand","ClowCardTheWave"],"picked":"ClowCardTheLibra+1","floor":22.0},{"not_picked":["ClowCardTheSand","ClowCardTheWood","ClowCardTheErase"],"picked":"SKIP","floor":24},{"not_picked":["ClowCardTheSand","ClowCardTheMirror","ClowCardTheMist"],"picked":"SKIP","floor":25},{"not_picked":["ClowCardTheJump","ClowCardTheArrow"],"picked":"ClowCardTheFirey","floor":28},{"not_picked":["ClowCardTheShot","ClowCardTheFreeze"],"picked":"ClowCardTheVoice","floor":30},{"not_picked":["ClowCardTheBig","ClowCardTheShot","ClowCardTheSand"],"picked":"ClowCardTheLight","floor":34},{"not_picked":["ClowCardTheMaze","ClowCardTheShot","ClowCardTheFly","ClowCardTheWood"],"picked":"SKIP","floor":35}],"player_experience":157700,"relics_obtained":[{"floor":1.0,"key":"LetterFromLob"},{"floor":6.0,"key":"Bottled Lightning"},{"floor":9.0,"key":"Pocketwatch"},{"floor":19.0,"key":"Enchiridion"},{"floor":20.0,"key":"Kunai"},{"floor":24,"key":"LetterFromLob"},{"floor":30,"key":"Question Card"},{"floor":32,"key":"Mummified Hand"},{"floor":34,"key":"Letter Opener"}],"event_choices":[{"damage_healed":0.0,"max_hp_gain":0.0,"max_hp_loss":0.0,"gold_gain":0.0,"event_name":"Big Fish","player_choice":"Box","floor":3.0,"gold_loss":0.0,"damage_taken":0.0,"relics_obtained":["KSMOD_Cerberus"],"cards_obtained":["Regret"]},{"damage_healed":0.0,"max_hp_gain":0.0,"max_hp_loss":0.0,"gold_gain":0.0,"event_name":"Shining Light","player_choice":"Entered Light","floor":4.0,"gold_loss":0.0,"damage_taken":14.0,"cards_upgraded":["ClowCardTheShield","ClowCardTheShield"]},{"damage_healed":0.0,"max_hp_gain":0.0,"max_hp_loss":0.0,"gold_gain":0.0,"event_name":"Golden Idol","player_choice":"Take Damage","floor":5.0,"gold_loss":0.0,"damage_taken":17.0,"relics_obtained":["Golden Idol"]},{"damage_healed":0.0,"max_hp_gain":0.0,"max_hp_loss":0.0,"gold_gain":0.0,"event_name":"Cursed Tome","player_choice":"Obtained Book","floor":19.0,"gold_loss":0.0,"damage_taken":16.0},{"damage_healed":0.0,"max_hp_gain":0.0,"max_hp_loss":0.0,"gold_gain":0.0,"event_name":"Wheel of Change","player_choice":"Relic","floor":20.0,"gold_loss":0.0,"damage_taken":0.0},{"cards_removed":["ClowCardTheSword"],"damage_healed":0,"gold_gain":0,"player_choice":"Card Removal","damage_taken":0,"max_hp_gain":0,"max_hp_loss":0,"event_name":"The Cleric","floor":27,"gold_loss":50},{"damage_healed":0,"gold_gain":0,"player_choice":"Bought 0 Potions","damage_taken":0,"max_hp_gain":0,"max_hp_loss":0,"event_name":"The Woman in Blue","floor":33,"gold_loss":0}],"is_beta":false,"boss_relics":[{"not_picked":["Busted Crown","SacredBark"],"picked":"Velvet Choker"}],"items_purged_floors":[26],"is_endless":false,"potions_floor_spawned":[1,7,12,16,22,25,34,35],"ascension_level":0}}