{"host":"it04jaz8eul1eh3d","time":1612967774,"event":{"mods":["AchievementEnabler","BaseMod","Colored Map","DeckTracker","Keyboard Shortcuts","Minty Spire (QoL Compilation)","SuperFastMode"],"gold_per_floor":[210,59,79,39,51,80,144,144,170,345,345,364,374,403,403,508,508,527,527,65,76,88,88,88,88,111,125,325,70,88,88,88],"floor_reached":31,"language":"KOR","playtime":896,"items_purged":["Strike_R","Doubt"],"score":245,"play_id":"5c26a144-9510-4b87-8c77-a51b162c1d55","local_time":"20210210233614","is_ascension_mode":false,"campfire_choices":[{"floor":8,"key":"REST"},{"floor":15,"key":"REST"},{"data":"Armaments","floor":24,"key":"SMITH"}],"circlet_count":0,"master_deck":["Strike_R","Strike_R","Strike_R","Strike_R","Defend_R","Defend_R","Defend_R","Defend_R","Bash","Whirlwind","Combust","Dropkick","Blood for Blood","Whirlwind","Uppercut","Barricade","Shrug It Off+1","Ghostly Armor","Armaments+1","Armaments","Iron Wave+1","Ghostly Armor"],"relics":["Burning Blood","Regal Pillow","WingedGreaves","Strawberry","Paper Frog","Cursed Key","Molten Egg 2","Frozen Eye","Centennial Puzzle","TheAbacus"],"acts_visited":["Exordium","TheCity"],"potions_floor_usage":[16,16,16,22],"damage_taken":[{"damage":6,"enemies":"Jaw Worm","floor":1,"turns":5},{"damage":2,"enemies":"Small Slimes","floor":3,"turns":3},{"damage":1,"enemies":"2 Louse","floor":5,"turns":2},{"damage":33,"enemies":"3 Sentries","floor":6,"turns":5},{"damage":34,"enemies":"3 Sentries","floor":7,"turns":6},{"damage":25,"enemies":"Gremlin Gang","floor":12,"turns":3},{"damage":8,"enemies":"Looter","floor":13,"turns":4},{"damage":32,"enemies":"Lagavulin","floor":14,"turns":6},{"damage":60,"enemies":"Slime Boss","floor":16,"turns":10},{"damage":8,"enemies":"Chosen","floor":18,"turns":3},{"damage":26,"enemies":"3 Byrds","floor":21,"turns":5},{"damage":22,"enemies":"Cultist and Chosen","floor":22,"turns":7},{"damage":19,"enemies":"Centurion and Healer","floor":27,"turns":8},{"damage":6,"enemies":"Snake Plant","floor":30,"turns":8},{"damage":0,"enemies":"Chosen and Byrds","floor":31,"turns":4}],"seed_played":"4275489360985559666","potions_obtained":[{"floor":5,"key":"Swift Potion"},{"floor":6,"key":"BloodPotion"},{"floor":7,"key":"Fire Potion"},{"floor":12,"key":"Fire Potion"},{"floor":16,"key":"SkillPotion"},{"floor":27,"key":"Fire Potion"}],"is_trial":false,"path_per_floor":["M","$","M","$","M","E","?","R","T","?","?","M","M","E","R","B",null,"M","?","$","M","M","?","R","?","T","M","?","$","M","M"],"character_chosen":"IRONCLAD","items_purchased":["Combust","Dropkick","Armaments","Molten Egg 2","Frozen Eye","TheAbacus"],"campfire_rested":2,"item_purchase_floors":[2,4,20,20,20,29],"current_hp_per_floor":[80,80,80,80,80,53,25,64,71,71,71,52,50,24,65,28,87,85,85,85,65,49,49,49,32,32,19,19,19,19,19,19],"gold":88,"neow_bonus":"HUNDRED_GOLD","is_daily":false,"chose_seed":false,"campfire_upgraded":1,"win_rate":0.0,"timestamp":1612967774,"path_taken":["M","$","M","$","M","E","?","R","T","?","?","?","M","E","R","BOSS","M","?","$","M","M","?","R","?","T","M","?","$","M","?"],"items_purchased_type":["Card","Card","Card","Relic","Relic","Relic"],"build_version":"2020-12-22","purchased_purges":2,"victory":false,"max_hp_per_floor":[80,80,80,80,80,80,80,80,87,87,87,87,87,87,87,87,87,87,87,87,87,87,87,87,92,92,92,92,92,92,92,92],"card_choices":[{"not_picked":["Thunderclap","Body Slam"],"picked":"Whirlwind","floor":1},{"not_picked":["Anger","Pummel","Headbutt"],"picked":"SKIP","floor":3},{"not_picked":["Reckless Charge","Searing Blow","Burning Pact"],"picked":"SKIP","floor":5},{"not_picked":["Power Through","Clash","Dark Embrace"],"picked":"SKIP","floor":6},{"not_picked":["Iron Wave","Twin Strike"],"picked":"Blood for Blood","floor":7},{"not_picked":["Power Through","Thunderclap"],"picked":"Whirlwind","floor":12},{"not_picked":["Clash","Dark Embrace","Flex"],"picked":"SKIP","floor":13},{"not_picked":["Blood for Blood","Evolve"],"picked":"Uppercut","floor":14},{"not_picked":["Fiend Fire","Berserk"],"picked":"Barricade","floor":16},{"not_picked":["Heavy Blade","Reckless Charge+1"],"picked":"Shrug It Off+1","floor":18},{"not_picked":["Power Through+1","Thunderclap+1"],"picked":"Armaments","floor":21},{"not_picked":["Rampage+1","Clash+1"],"picked":"Iron Wave+1","floor":22},{"not_picked":["Armaments+1","Sentinel+1","Havoc"],"picked":"SKIP","floor":27},{"not_picked":["Brutality","Havoc"],"picked":"Ghostly Armor","floor":30}],"player_experience":161626,"relics_obtained":[{"floor":6,"key":"Regal Pillow"},{"floor":7,"key":"WingedGreaves"},{"floor":9,"key":"Strawberry"},{"floor":14,"key":"Paper Frog"},{"floor":26,"key":"Centennial Puzzle"}],"event_choices":[{"damage_healed":0,"gold_gain":30,"player_choice":"Searched \u00272\u0027 times","damage_taken":0,"max_hp_gain":0,"max_hp_loss":0,"event_name":"Dead Adventurer","floor":7,"gold_loss":0},{"damage_healed":0,"gold_gain":175,"player_choice":"AGREE","damage_taken":0,"max_hp_gain":0,"max_hp_loss":0,"event_name":"Liars Game","floor":10,"gold_loss":0,"cards_obtained":["Doubt"]},{"cards_removed":["Doubt"],"damage_healed":0,"gold_gain":0,"player_choice":"Purged","damage_taken":0,"max_hp_gain":0,"max_hp_loss":0,"event_name":"Purifier","floor":11,"gold_loss":0},{"damage_healed":0,"gold_gain":0,"player_choice":"Read","damage_taken":0,"max_hp_gain":0,"max_hp_loss":0,"event_name":"The Library","floor":19,"gold_loss":0,"cards_obtained":["Ghostly Armor"]},{"damage_healed":0,"gold_gain":0,"player_choice":"Ignored","damage_taken":0,"max_hp_gain":0,"max_hp_loss":0,"event_name":"The Mausoleum","floor":23,"gold_loss":0},{"damage_healed":0,"gold_gain":0,"player_choice":"Shed Blood","damage_taken":22,"max_hp_gain":5,"max_hp_loss":0,"event_name":"Forgotten Altar","floor":25,"gold_loss":0},{"damage_healed":0,"gold_gain":200,"player_choice":"Gold","damage_taken":0,"max_hp_gain":0,"max_hp_loss":0,"event_name":"Wheel of Change","floor":28,"gold_loss":0}],"is_beta":false,"boss_relics":[{"not_picked":["Coffee Dripper","Fusion Hammer"],"picked":"Cursed Key"}],"items_purged_floors":[2,29],"is_endless":false,"potions_floor_spawned":[5,6,7,12,16,27],"killed_by":"Chosen and Byrds","ascension_level":0}}