{"host":"7jl4uf745pjtflnx","time":1612937256,"event":{"mods":["BaseMod","BetterRewards","Hubris","Minty Spire (QoL Compilation)","Reliquary","Replay The Spire","StSLib","SuperFastMode","The Construct"],"gold_per_floor":[115,129,140,152,170,170,170,186,240,240,265,265,215,230,230,329,329,349,359,359,370,388,422,521,521,575,575,594,405,405,86,86,183,183,196,196,207,29,43,71,71,71,98,98,117,147,147,175,175,175,175,175,22,57,57],"floor_reached":56,"language":"ENG","playtime":1769,"items_purged":["Strike_B","Strike_B","Strike_B","Strike_B","Defend_B"],"score":2236,"play_id":"3ceb8a7f-9465-40dd-9ef7-6a53569fe369","local_time":"20210210010736","is_ascension_mode":true,"campfire_choices":[{"data":"Self Repair","floor":6,"key":"SMITH"},{"data":"Capacitor","floor":10,"key":"SMITH"},{"data":"Self Repair","floor":12,"key":"SMITH"},{"floor":15,"key":"RECALL"},{"data":"Echo Form","floor":25,"key":"SMITH"},{"data":"Panacea","floor":27,"key":"SMITH"},{"data":"Seek","floor":30,"key":"SMITH"},{"data":"Mayhem","floor":32,"key":"SMITH"},{"data":"Mayhem","floor":42,"key":"SMITH"},{"data":"Mayhem","floor":44,"key":"SMITH"},{"data":"hubris:PowerSurge","floor":47,"key":"SMITH"},{"data":"Jack Of All Trades","floor":49,"key":"SMITH"},{"data":"Echo Form","floor":52,"key":"SMITH"}],"circlet_count":0,"master_deck":["AscendersBane","Defend_B","Defend_B","Zap","Dualcast","Panacea+1","Cold Snap+1","Static Discharge","Chill","Chill","Barrage+1","Auto Shields+1","Coolheaded","FIFO Queue","Static Discharge+1","Leap","Self Repair+1","Capacitor+1","Self Repair+1","Ball Lightning+1","Seek+1","Blizzard+1","Cold Snap+1","Echo Form+1","Ball Lightning+1","Crystallizer+1","hubris:PowerSurge+1","Mayhem+1","Conserve Battery","Violence","Dramatic Entrance+1","Jack Of All Trades+1","Echo Form+1","Storm+1","Madness","Madness","Coolheaded+1","Mayhem+1","Mayhem+1","Finesse","Double Energy","Mayhem+1","Defragment","Defragment","Crystallizer"],"relics":["Cracked Core","Membership Card","PreservedInsect","Whetstone","reliquary:RoseTintedGlasses","Blue Doll","Runic Dome","hubris:Icosahedron","Vajra","Lantern","Blood Vial","ReplayTheSpireMod:ShopPack","reliquary:RedPaperclip","reliquary:Buckler","reliquary:BallBearing","MealTicket","hubris:Metronome","Mirror","reliquary:LoveEmittingDiode","Torii"],"acts_visited":["Exordium","TheCity","TheBeyond","TheEnding"],"potions_floor_usage":[11,16,23,23,33,55,55],"damage_taken":[{"damage":3,"enemies":"Jaw Worm","floor":1,"turns":2},{"damage":0,"enemies":"2 Louse","floor":2,"turns":4},{"damage":0,"enemies":"Small Slimes","floor":3,"turns":4},{"damage":3,"enemies":"Red Slaver","floor":4,"turns":3},{"damage":1,"enemies":"2 Fungi Beasts","floor":5,"turns":3},{"damage":0,"enemies":"3 Louse","floor":8,"turns":6},{"damage":3,"enemies":"Replay:BlueRogue","floor":11,"turns":8},{"damage":0,"enemies":"Blue Slaver","floor":14,"turns":6},{"damage":18,"enemies":"Hexaghost","floor":16,"turns":11},{"damage":32,"enemies":"2 Thieves","floor":18,"turns":3},{"damage":9,"enemies":"Spheric Guardian","floor":19,"turns":4},{"damage":18,"enemies":"Cultist and Chosen","floor":21,"turns":6},{"damage":5,"enemies":"Chosen and Byrds","floor":22,"turns":6},{"damage":33,"enemies":"Book of Stabbing","floor":23,"turns":4},{"damage":20,"enemies":"3 Cultists","floor":28,"turns":5},{"damage":0,"enemies":"Automaton","floor":33,"turns":7},{"damage":6,"enemies":"3 Shapes","floor":35,"turns":4},{"damage":20,"enemies":"3 Darklings","floor":37,"turns":4},{"damage":4,"enemies":"Jaw Worm Horde","floor":39,"turns":3},{"damage":16,"enemies":"Reptomancer","floor":40,"turns":4},{"damage":17,"enemies":"4 Shapes","floor":45,"turns":3},{"damage":3,"enemies":"Nemesis","floor":46,"turns":5},{"damage":17,"enemies":"Reptomancer","floor":48,"turns":5},{"damage":63,"enemies":"Time Eater","floor":50,"turns":9},{"damage":28,"enemies":"Shield and Spear","floor":54,"turns":3},{"damage":32,"enemies":"The Heart","floor":55,"turns":6}],"seed_played":"7964848220640076270","potions_obtained":[{"floor":2,"key":"Weak Potion"},{"floor":5,"key":"Doom Potion"},{"floor":8,"key":"Regen Potion"},{"floor":16,"key":"AttackPotion"},{"floor":19,"key":"Cursed Concoction"},{"floor":21,"key":"ColorlessPotion"},{"floor":23,"key":"PowerPotion"},{"floor":39,"key":"SmokeBomb"},{"floor":40,"key":"LiquidMemories"},{"floor":46,"key":"Elixir"}],"is_trial":false,"path_per_floor":["M","M","M","M","M","R","?","M","T","R","E","R","?","M","R","B",null,"M","M","?","M","M","E","?","R","T","R","M","$","R","$","R","B",null,"M","?","M","$","M","E","?","R","T","R","M","E","R","E","R","B",null,"R","$","E","B",null],"character_chosen":"DEFECT","items_purchased":["Cables","Panacea","Cold Snap","Molten Egg 2","Static Discharge","Chill","Membership Card","Barrage+1","PreservedInsect","Auto Shields","Coolheaded","FIFO Queue","Whetstone","Static Discharge+1","Crystallizer+1","Vajra","hubris:PowerSurge","Mayhem","Conserve Battery","Lantern","Blood Vial","ReplayTheSpireMod:ShopPack","Mayhem","reliquary:Buckler","Finesse","Defragment","reliquary:LoveEmittingDiode"],"campfire_rested":0,"item_purchase_floors":[0,0,0,0,0,0,0,0,0,0,0,0,0,0,29,29,31,31,31,31,31,31,38,38,38,53,53],"current_hp_per_floor":[18,18,18,22,28,28,33,50,50,50,64,64,64,80,80,80,80,68,79,79,80,80,67,67,67,67,67,57,57,57,57,57,79,80,80,70,72,72,80,80,80,80,80,80,63,80,80,73,73,42,71,71,80,52,52],"gold":57,"neow_bonus":"","is_daily":false,"chose_seed":false,"campfire_upgraded":12,"win_rate":0.0,"timestamp":1612937256,"path_taken":["M","M","M","M","M","R","?","M","T","R","E","R","?","M","R","BOSS","M","M","?","M","M","E","?","R","T","R","M","$","R","$","R","BOSS","M","?","M","$","M","E","?","R","T","R","M","E","R","E","R","BOSS","R","$","E","BOSS"],"items_purchased_type":["Relic","Card","Card","Relic","Card","Card","Relic","Card","Relic","Card","Card","Card","Relic","Card","Card","Relic","Card","Card","Card","Relic","Relic","Relic","Card","Relic","Card","Card","Relic"],"build_version":"2020-12-22","purchased_purges":5,"victory":true,"max_hp_per_floor":[75,75,75,75,75,75,80,80,80,80,80,80,80,80,80,80,80,80,80,80,80,80,80,80,80,80,80,80,80,80,80,80,80,80,80,80,80,80,80,80,80,80,80,80,80,80,80,80,80,80,80,80,80,80,80],"card_choices":[{"not_picked":["Sweeping Beam+1","Rip and Tear+1"],"picked":"Leap","floor":1},{"not_picked":["Leap","Compile Driver+1","Beam Cell+1"],"picked":"SKIP","floor":2},{"not_picked":["BasicCrystalCard","Fusion"],"picked":"Self Repair","floor":3},{"not_picked":["Conserve Battery","Hologram"],"picked":"Capacitor","floor":4},{"not_picked":["Rip and Tear+1","ReplayTheSpireMod:System Scan"],"picked":"Self Repair","floor":5},{"not_picked":["BasicCrystalCard","Redo","Genetic Algorithm"],"picked":"SKIP","floor":8},{"not_picked":["Stack","Lockon+1"],"picked":"Ball Lightning+1","floor":11},{"not_picked":["Capacitor","Undo","Sunder+1"],"picked":"SKIP","floor":14},{"not_picked":["hubris:DoWhile","All For One+1"],"picked":"Seek","floor":16},{"not_picked":["Sweeping Beam+1","Melter+1"],"picked":"Blizzard+1","floor":18},{"not_picked":["Rebound+1","Stack","Fusion"],"picked":"SKIP","floor":19},{"not_picked":["ReplayTheSpireMod:Repulse","Skim"],"picked":"Cold Snap+1","floor":21},{"not_picked":["Force Field","Rip and Tear+1","ReplayGash+1"],"picked":"SKIP","floor":22},{"not_picked":["Coolheaded","Barrage+1"],"picked":"Echo Form","floor":23},{"not_picked":["ReplayTheSpireMod:System Scan+1","Cold Snap+1"],"picked":"Ball Lightning+1","floor":28},{"not_picked":["Sadistic Nature","Transmutation"],"picked":"Violence","floor":31},{"not_picked":["Secret Technique","Enlightenment"],"picked":"Dramatic Entrance","floor":31},{"not_picked":["Replay:Sssssssssshield","Survey Options"],"picked":"Jack Of All Trades","floor":31},{"not_picked":["ReplayTheSpireMod:Fabricate Wheel","ReplayTheSpireMod:Omega Cannon+1"],"picked":"Echo Form","floor":33},{"not_picked":["ReplayTheSpireMod:Reroute Power+1","Redo+1"],"picked":"Storm+1","floor":35},{"not_picked":["ReplaySolidLightProjector+1","Panic Button+1"],"picked":"Coolheaded+1","floor":37},{"not_picked":["Sweeping Beam","Gash+1","Aggregate+1"],"picked":"SKIP","floor":39},{"not_picked":["Recycle","Blizzard"],"picked":"Double Energy","floor":40},{"not_picked":["Chrysalis","Bandage Up"],"picked":"Mayhem","floor":41},{"not_picked":["Sunder","Rebound+1","Go for the Eyes+1"],"picked":"SKIP","floor":45},{"not_picked":["Steam+1","Conserve Battery","ReplaySort"],"picked":"SKIP","floor":46},{"not_picked":["ReplaySolidLightProjector+1","Auto Shields","Reboot"],"picked":"SKIP","floor":48},{"not_picked":["Stack+1","Skim+1"],"picked":"Crystallizer","floor":54}],"player_experience":813511,"relics_obtained":[{"floor":9,"key":"reliquary:RoseTintedGlasses"},{"floor":11,"key":"Blue Doll"},{"floor":40,"key":"reliquary:BallBearing"},{"floor":43,"key":"MealTicket"},{"floor":46,"key":"hubris:Metronome"},{"floor":48,"key":"Mirror"},{"floor":54,"key":"Torii"}],"event_choices":[{"damage_healed":0,"gold_gain":0,"player_choice":"Donut","damage_taken":0,"max_hp_gain":5,"max_hp_loss":0,"event_name":"Big Fish","floor":7,"gold_loss":0},{"cards_removed":["Defend_B"],"damage_healed":0,"gold_gain":0,"player_choice":"Card Removal","damage_taken":0,"max_hp_gain":0,"max_hp_loss":0,"event_name":"The Cleric","floor":13,"gold_loss":50},{"damage_healed":0,"gold_gain":99,"player_choice":"Stole From Cult","damage_taken":0,"max_hp_gain":0,"max_hp_loss":0,"event_name":"Nest","floor":24,"gold_loss":0},{"damage_healed":0,"gold_gain":0,"player_choice":"Embrace Madness","damage_taken":10,"max_hp_gain":0,"max_hp_loss":0,"event_name":"Winding Halls","floor":36,"gold_loss":0,"cards_obtained":["Madness","Madness"]},{"damage_healed":0,"gold_gain":0,"player_choice":"Memory 1","damage_taken":0,"max_hp_gain":0,"max_hp_loss":0,"event_name":"SensoryStone","floor":41,"gold_loss":0}],"is_beta":false,"boss_relics":[{"not_picked":["SacredBark","construct:ClawGrip"],"picked":"Runic Dome"},{"not_picked":["reliquary:Ember","Philosopher\u0027s Stone"],"picked":"reliquary:RedPaperclip"}],"items_purged_floors":[0,0,0,0,29],"is_endless":false,"potions_floor_spawned":[2,5,8,16,19,21,23,39,40,46,48],"ascension_level":10}}