{"host":"pdq28s6637cpsst2","time":1612994812,"event":{"mods":["BaseMod","Colored Map","Highlight Path","Minty Spire (QoL Compilation)","Quick Restart"],"gold_per_floor":[114,46,46,64,77,77,109,109,163,188,288,301,330,13,13,109,159,131,131,146,180,192,192,222,222,222],"floor_reached":25,"language":"ENG","playtime":3579,"items_purged":["Strike_R"],"score":276,"play_id":"d38287aa-9e7a-43b3-9fe2-b7ee2da78364","local_time":"20210210170652","is_ascension_mode":true,"campfire_choices":[{"data":"Bash","floor":6,"key":"SMITH"},{"data":"Pommel Strike","floor":15,"key":"SMITH"},{"data":"Deep Breath","floor":23,"key":"SMITH"}],"circlet_count":0,"master_deck":["Strike_R","Strike_R","Strike_R+1","Defend_R","Defend_R","Defend_R","Defend_R","Bash+1","Bloodletting","Armaments","Pommel Strike+1","Metallicize","Cleave","Warcry","Bloodletting","Demon Form","Pummel","Intimidate+1","Sword Boomerang+1","Deep Breath+1","Warcry","Shrug It Off","True Grit+1","Second Wind"],"relics":["Burning Blood","PreservedInsect","Ancient Tea Set","Prayer Wheel","Blood Vial","Meat on the Bone","Tiny House","Red Mask","Strawberry"],"acts_visited":["Exordium","TheCity"],"potions_floor_usage":[7,16,18,21,24,25],"damage_taken":[{"damage":3,"enemies":"2 Louse","floor":1,"turns":4},{"damage":8,"enemies":"Small Slimes","floor":4,"turns":4},{"damage":3,"enemies":"Cultist","floor":5,"turns":3},{"damage":32,"enemies":"3 Sentries","floor":7,"turns":9},{"damage":6,"enemies":"Gremlin Nob","floor":10,"turns":3},{"damage":15,"enemies":"Blue Slaver","floor":12,"turns":5},{"damage":10,"enemies":"Lagavulin","floor":13,"turns":8},{"damage":37,"enemies":"The Guardian","floor":16,"turns":14},{"damage":40,"enemies":"2 Thieves","floor":18,"turns":5},{"damage":4,"enemies":"3 Byrds","floor":20,"turns":6},{"damage":43,"enemies":"Masked Bandits","floor":21,"turns":7},{"damage":43,"enemies":"Cultist and Chosen","floor":22,"turns":7},{"damage":35,"enemies":"Gremlin Leader","floor":24,"turns":5},{"damage":40,"enemies":"3 Cultists","floor":25,"turns":5}],"seed_played":"630550896533219695","potions_obtained":[{"floor":5,"key":"Regen Potion"},{"floor":13,"key":"Ancient Potion"},{"floor":16,"key":"ColorlessPotion"},{"floor":17,"key":"FairyPotion"},{"floor":20,"key":"Block Potion"},{"floor":22,"key":"ColorlessPotion"},{"floor":24,"key":"SkillPotion"}],"is_trial":false,"path_per_floor":["M","$","?","M","M","R","E","?","T","E","?","M","E","$","R","B",null,"M","?","M","?","M","R","E","M"],"character_chosen":"IRONCLAD","items_purchased":["Bloodletting","Meat on the Bone"],"campfire_rested":0,"item_purchase_floors":[2,14],"current_hp_per_floor":[80,80,80,78,80,80,69,74,74,74,74,65,61,61,61,44,90,56,56,60,37,45,45,37,0,0],"gold":222,"neow_bonus":"RANDOM_COMMON_RELIC","is_daily":false,"chose_seed":false,"campfire_upgraded":3,"win_rate":0.0,"timestamp":1612994812,"path_taken":["M","$","?","M","M","R","E","?","T","E","?","?","E","$","R","BOSS","M","?","?","?","M","R","E","M"],"items_purchased_type":["Card","Relic"],"build_version":"2020-12-22","purchased_purges":1,"victory":false,"max_hp_per_floor":[80,80,80,80,80,80,80,85,85,85,85,85,85,85,85,85,90,90,90,90,90,90,90,97,97,97],"card_choices":[{"not_picked":["Anger","Searing Blow","Wild Strike"],"picked":"SKIP","floor":1},{"not_picked":["Perfected Strike","Flex"],"picked":"Armaments","floor":4},{"not_picked":["Impervious","Body Slam"],"picked":"Pommel Strike","floor":5},{"not_picked":["Perfected Strike","Carnage","Rupture"],"picked":"SKIP","floor":7},{"not_picked":["Power Through","Wild Strike"],"picked":"Metallicize","floor":10},{"not_picked":["Bludgeon","Seeing Red"],"picked":"Cleave","floor":12},{"not_picked":["Heavy Blade","Flex"],"picked":"Warcry","floor":12},{"not_picked":["Headbutt","Carnage"],"picked":"Bloodletting","floor":13},{"not_picked":["Berserk","Limit Break"],"picked":"Demon Form","floor":16},{"not_picked":["Flex","Iron Wave"],"picked":"Pummel","floor":17},{"not_picked":["Clash+1","Dropkick+1"],"picked":"Intimidate+1","floor":18},{"not_picked":["Wild Strike","Anger"],"picked":"Sword Boomerang+1","floor":18},{"not_picked":["Cleave","Body Slam"],"picked":"Warcry","floor":20},{"not_picked":["Searing Blow","Entrench"],"picked":"Shrug It Off","floor":20},{"not_picked":["Flex","Sword Boomerang"],"picked":"True Grit+1","floor":22},{"not_picked":["Warcry","Perfected Strike","Inflame+1"],"picked":"SKIP","floor":22},{"not_picked":["Reckless Charge","Headbutt"],"picked":"Second Wind","floor":24}],"player_experience":95416,"relics_obtained":[{"floor":7,"key":"Ancient Tea Set"},{"floor":10,"key":"Prayer Wheel"},{"floor":13,"key":"Blood Vial"},{"floor":21,"key":"Red Mask"},{"floor":24,"key":"Strawberry"}],"event_choices":[{"cards_removed":["Strike_R"],"damage_healed":0,"gold_gain":0,"player_choice":"Forget","damage_taken":0,"max_hp_gain":0,"max_hp_loss":0,"event_name":"Living Wall","floor":3,"gold_loss":0},{"damage_healed":0,"gold_gain":0,"player_choice":"Donut","damage_taken":0,"max_hp_gain":5,"max_hp_loss":0,"event_name":"Big Fish","floor":8,"gold_loss":0},{"damage_healed":0,"gold_gain":100,"player_choice":"Pray","damage_taken":0,"max_hp_gain":0,"max_hp_loss":0,"event_name":"Golden Shrine","floor":11,"gold_loss":0},{"damage_healed":0,"gold_gain":0,"player_choice":"1 cards matched","damage_taken":0,"max_hp_gain":0,"max_hp_loss":0,"event_name":"Match and Keep!","floor":19,"gold_loss":0,"cards_obtained":["Deep Breath"]},{"damage_healed":0,"gold_gain":0,"player_choice":"Fought Bandits","damage_taken":0,"max_hp_gain":0,"max_hp_loss":0,"event_name":"Masked Bandits","floor":21,"gold_loss":0}],"is_beta":false,"boss_relics":[{"not_picked":["Runic Dome","Snecko Eye"],"picked":"Tiny House"}],"items_purged_floors":[14],"is_endless":false,"potions_floor_spawned":[5,13,16,20,22,24],"killed_by":"3 Cultists","ascension_level":1}}