{"host":"pdq28s6637cpsst2","time":1612996399,"event":{"mods":["BaseMod","Colored Map","Highlight Path","Minty Spire (QoL Compilation)","Quick Restart"],"gold_per_floor":[118,130,149,149,149,182,196,196,196,239,239,74,97,115,115,115,115],"floor_reached":16,"language":"ENG","playtime":1585,"items_purged":["Strike_R"],"score":118,"play_id":"0b8a9c5e-0e4d-4127-918f-78453563b580","local_time":"20210210173319","is_ascension_mode":true,"campfire_choices":[{"data":"Bash","floor":8,"key":"SMITH"},{"data":"Brutality","floor":11,"key":"SMITH"},{"data":"Fiend Fire","floor":15,"key":"SMITH"}],"circlet_count":0,"master_deck":["Strike_R","Strike_R","Strike_R","Strike_R","Defend_R","Defend_R","Defend_R","Defend_R","Bash+1","Fiend Fire+1","Shrug It Off","Flame Barrier","Brutality+1","Dramatic Entrance","Bloodletting","Feel No Pain"],"relics":["Burning Blood","Golden Idol","Shuriken","Thread and Needle","Unceasing Top"],"acts_visited":["Exordium"],"potions_floor_usage":[16,16,16],"damage_taken":[{"damage":6,"enemies":"Jaw Worm","floor":1,"turns":4},{"damage":0,"enemies":"Small Slimes","floor":2,"turns":2},{"damage":0,"enemies":"2 Louse","floor":3,"turns":3},{"damage":14,"enemies":"Gremlin Nob","floor":6,"turns":4},{"damage":0,"enemies":"Looter","floor":7,"turns":4},{"damage":13,"enemies":"3 Sentries","floor":10,"turns":12},{"damage":5,"enemies":"Blue Slaver","floor":13,"turns":3},{"damage":5,"enemies":"Exordium Thugs","floor":14,"turns":3},{"damage":56,"enemies":"Hexaghost","floor":16,"turns":11}],"seed_played":"-2460617726416747737","potions_obtained":[{"floor":7,"key":"Swift Potion"},{"floor":10,"key":"CultistPotion"},{"floor":14,"key":"SpeedPotion"}],"is_trial":false,"path_per_floor":["M","M","M","?","?","E","M","R","T","E","R","$","M","M","R","B"],"character_chosen":"IRONCLAD","items_purchased":["Dramatic Entrance"],"campfire_rested":0,"item_purchase_floors":[12],"current_hp_per_floor":[80,80,80,80,60,52,58,58,58,51,51,51,52,53,53,0,0],"gold":115,"neow_bonus":"ONE_RANDOM_RARE_CARD","is_daily":false,"chose_seed":false,"campfire_upgraded":3,"win_rate":0.0,"timestamp":1612996399,"path_taken":["M","M","M","?","?","E","M","R","T","E","R","?","M","M","R","BOSS"],"items_purchased_type":["Card"],"build_version":"2020-12-22","purchased_purges":1,"victory":false,"max_hp_per_floor":[80,80,80,80,80,80,80,80,80,80,80,80,80,80,80,80,80],"card_choices":[{"not_picked":["Sword Boomerang","True Grit"],"picked":"Shrug It Off","floor":1},{"not_picked":["Perfected Strike","Twin Strike"],"picked":"Flame Barrier","floor":2},{"not_picked":["Perfected Strike","Sword Boomerang","Armaments"],"picked":"SKIP","floor":3},{"not_picked":["Flame Barrier","Rupture","Carnage"],"picked":"SKIP","floor":6},{"not_picked":["Pummel","Second Wind","Juggernaut"],"picked":"SKIP","floor":7},{"not_picked":["Spot Weakness","Headbutt"],"picked":"Brutality","floor":10},{"not_picked":["Sever Soul","Intimidate"],"picked":"Bloodletting","floor":13},{"not_picked":["Perfected Strike","Metallicize"],"picked":"Feel No Pain","floor":14}],"player_experience":95416,"relics_obtained":[{"floor":6,"key":"Shuriken"},{"floor":9,"key":"Thread and Needle"},{"floor":10,"key":"Unceasing Top"}],"event_choices":[{"damage_healed":0,"gold_gain":0,"player_choice":"Ignored","damage_taken":0,"max_hp_gain":0,"max_hp_loss":0,"event_name":"Liars Game","floor":4,"gold_loss":0},{"damage_healed":0,"gold_gain":0,"player_choice":"Take Damage","damage_taken":20,"relics_obtained":["Golden Idol"],"max_hp_gain":0,"max_hp_loss":0,"event_name":"Golden Idol","floor":5,"gold_loss":0}],"is_beta":false,"boss_relics":[],"items_purged_floors":[12],"is_endless":false,"potions_floor_spawned":[7,10,14],"killed_by":"Hexaghost","ascension_level":1}}