{"host":"ekyl8r8j8fco3zlk","time":1612977699,"event":{"mods":["Act Like it!","Arknights","BaseMod","CapriCore","Decade(王小明)","Dota2Spire","Friendly Minions","Gensokyo","Marisa（F雨　魔理沙）","Minty Spire (QoL Compilation)","READ ME - Guardian Mod","Rare Cards Sparkle","Reimu（博丽灵梦）","StSLib","The Alterego","The Immortal","The Jungle","The Senshi","TheWitcher","Waifu the Spire","WarShipGirlsR/战舰少女R mod","Yakumo Yukari mod","【遗物卡牌】REMEMod"],"gold_per_floor":[119,136,136,136,152,187,187,37,61,61,61,61,61,61,61,158,158,168,188,207,207,218,246,48,48,73,73,136,136,136,156,156,286,286,300,300,70,85,85,85,85],"floor_reached":40,"language":"ZHS","playtime":1112,"items_purged":["Writhe"],"score":420,"play_id":"86d0bdca-f1e8-4e3e-abc3-d991ed39d7e2","local_time":"20210211012139","is_ascension_mode":false,"campfire_choices":[{"data":"ats:Sword Rain","floor":7,"key":"SMITH"},{"data":"ats:Part Time Job","floor":11,"key":"SMITH"},{"data":"ats:Armor Crushing Shot","floor":13,"key":"SMITH"},{"data":"ats:Overload","floor":15,"key":"SMITH"},{"data":"ats:Shell Defense","floor":25,"key":"SMITH"},{"data":"ats:Encircling Forest","floor":29,"key":"SMITH"},{"data":"ats:Directed Diagnosis","floor":32,"key":"SMITH"}],"circlet_count":0,"master_deck":["ats:Strike C","ats:Strike G","ats:Strike S","ats:Armor Crushing Shot+1","ats:Defend","ats:Defend","ats:Defend","ats:Emotion Absorption","ats:Part Time Job+1","ats:Overload+1","ats:Blood Oath","ats:Flexible Camouflage+1","ats:Powerful Strike","ats:Sword Rain+1","ats:Soul Rend+1","ats:Consecutive Shot Auto+1","ats:Curse Doll+1","ats:Mental Burst+1","ats:Shell Defense+1","ats:Encircling Forest+1","ats:Directed Diagnosis+1","ats:Assault Order"],"relics":["ats:Sanity","REME_ComplimentaryCards","theSenshi:FeatherClipsRelic","ats:Originium","Bag of Preparation","ClockworkSouvenir","Ancient Tea Set","ats:Tactical Delivery","Dota2Spire:LotusOrb","Dota2Spire:HandOfMidas","ats:Spiritual Recovery","alterego_mod:SomeoneToFightFor","Art of War","Empty Cage","ats:Arts"],"acts_visited":["Exordium","TheCity","TheBeyond"],"potions_floor_usage":[6,16,22,23,28,33,33,40],"damage_taken":[{"damage":6,"enemies":"Cultist","floor":1,"turns":3},{"damage":13,"enemies":"Jaw Worm","floor":2,"turns":3},{"damage":0,"enemies":"2 Louse","floor":5,"turns":3},{"damage":14,"enemies":"Gremlin Nob","floor":6,"turns":3},{"damage":36,"enemies":"The Guardian","floor":16,"turns":5},{"damage":3,"enemies":"3 Byrds","floor":18,"turns":3},{"damage":5,"enemies":"Chosen","floor":19,"turns":3},{"damage":15,"enemies":"Snake Plant","floor":20,"turns":2},{"damage":12,"enemies":"3 Cultists","floor":22,"turns":3},{"damage":20,"enemies":"Slavers","floor":23,"turns":2},{"damage":6,"enemies":"Book of Stabbing","floor":28,"turns":3},{"damage":0,"enemies":"Chosen and Byrds","floor":31,"turns":2},{"damage":50,"enemies":"Champ","floor":33,"turns":8},{"damage":15,"enemies":"3 Shapes","floor":35,"turns":2},{"damage":2,"enemies":"Orb Walker","floor":38,"turns":2},{"damage":84,"enemies":"Giant Head","floor":40,"turns":7}],"seed_played":"8911735354626404187","potions_obtained":[{"floor":1,"key":"LiquidMemories"},{"floor":2,"key":"ColorlessPotion"},{"floor":6,"key":"GrandPatriotsElixir:ReiMu"},{"floor":18,"key":"DuplicationPotion"},{"floor":19,"key":"REME_GoldPotion"},{"floor":22,"key":"Strength Potion"},{"floor":31,"key":"DuplicationPotion"},{"floor":38,"key":"FearPotion"}],"is_trial":false,"path_per_floor":["M","M","T","$","M","E","R","$","T","$","R","?","R","?","R","B",null,"M","M","M","?","M","E","$","R","T","?","E","R","?","M","R","B",null,"M","?","$","M","?","E"],"character_chosen":"DOCTOR_CLASS","items_purchased":["ClockworkSouvenir","Dota2Spire:HandOfMidas","Dota2Spire:HealingSalve","ats:Arts"],"campfire_rested":0,"item_purchase_floors":[8,24,24,37],"current_hp_per_floor":[66,56,56,56,65,63,63,63,63,63,63,63,63,63,63,42,72,72,72,64,64,61,47,47,47,47,47,63,63,72,72,72,59,72,64,72,72,72,72,0,0],"gold":85,"neow_bonus":"THREE_CARDS","is_daily":false,"chose_seed":false,"campfire_upgraded":7,"win_rate":0.0,"timestamp":1612977699,"path_taken":["M","M","?","$","?","E","R","$","T","$","R","?","R","?","R","BOSS","M","M","M","?","?","E","$","R","T","?","E","R","?","M","R","BOSS","M","?","$","M","?","E"],"items_purchased_type":["Relic","Relic","Potion","Relic"],"build_version":"2020-12-22","purchased_purges":1,"victory":false,"max_hp_per_floor":[72,72,72,72,72,72,72,72,72,72,72,72,72,72,72,72,72,72,72,72,72,72,72,72,72,72,72,72,72,72,72,72,72,72,72,72,72,72,72,72,72],"card_choices":[{"not_picked":["ats:Hammer On","ats:Curse Doll"],"picked":"ats:Part Time Job","floor":0},{"not_picked":["ats:Hook Shot","ats:Automatic Cover"],"picked":"ats:Blood Oath","floor":1},{"not_picked":["ats:Automatic Cover","ats:Thorns"],"picked":"ats:Flexible Camouflage","floor":2},{"not_picked":["ats:Consecutive Shot Auto","ats:Ignite"],"picked":"ats:Powerful Strike","floor":5},{"not_picked":["ats:Explosion Area Strengthen","ats:Very Hot Blade"],"picked":"ats:Sword Rain","floor":6},{"not_picked":["ats:Roar Of Ursus","ats:Echo Reverb"],"picked":"ats:Soul Rend","floor":16},{"not_picked":["ats:Hammer On","ats:Apocalypse"],"picked":"ats:Consecutive Shot Auto+1","floor":18},{"not_picked":["ats:Consecutive Shot Auto","ats:Ignite+1"],"picked":"ats:Curse Doll+1","floor":19},{"not_picked":["ats:Very Hot Blade+1","ats:Explosion Area Strengthen"],"picked":"ats:Mental Burst+1","floor":20},{"not_picked":["ats:Flexible Camouflage","ats:Chain Hook"],"picked":"ats:Shell Defense","floor":22},{"not_picked":["ats:Defend Order","ats:Guard Mode","ats:Disruption Kick"],"picked":"SKIP","floor":23},{"not_picked":["ats:Hook Shot","ats:Red Shift"],"picked":"ats:Encircling Forest","floor":28},{"not_picked":["ats:Apocalypse","ats:Flexible Camouflage"],"picked":"ats:Directed Diagnosis","floor":31},{"not_picked":["ats:Consecutive Shot Auto+1","ats:Powerful Strike+1","ats:Ignite"],"picked":"SKIP","floor":35},{"not_picked":["ats:Powerful Strike+1","ats:Closed Bolt Burst Fire"],"picked":"ats:Assault Order","floor":38}],"player_experience":612190,"relics_obtained":[{"floor":3,"key":"theSenshi:FeatherClipsRelic"},{"floor":6,"key":"ats:Originium"},{"floor":6,"key":"Bag of Preparation"},{"floor":9,"key":"Ancient Tea Set"},{"floor":23,"key":"ats:Originium"},{"floor":23,"key":"Dota2Spire:LotusOrb"},{"floor":26,"key":"ats:Spiritual Recovery"},{"floor":28,"key":"Art of War"}],"event_choices":[{"damage_healed":0,"gold_gain":0,"player_choice":"Grow","damage_taken":0,"max_hp_gain":0,"max_hp_loss":0,"event_name":"Living Wall","floor":12,"gold_loss":0,"cards_upgraded":["ats:Flexible Camouflage"]},{"damage_healed":0,"gold_gain":0,"player_choice":"Bought 0 Potions","damage_taken":0,"max_hp_gain":0,"max_hp_loss":0,"event_name":"The Woman in Blue","floor":14,"gold_loss":0},{"damage_healed":0,"gold_gain":0,"player_choice":"Upgraded","damage_taken":0,"max_hp_gain":0,"max_hp_loss":0,"event_name":"Upgrade Shrine","floor":21,"gold_loss":0,"cards_upgraded":["ats:Soul Rend"]},{"damage_healed":0,"gold_gain":0,"player_choice":"Choice 2","damage_taken":0,"relics_obtained":["alterego_mod:SomeoneToFightFor"],"max_hp_gain":0,"max_hp_loss":0,"event_name":"爱的神圣花园","floor":27,"gold_loss":0},{"damage_healed":24,"gold_gain":0,"player_choice":"Heal","damage_taken":0,"max_hp_gain":0,"max_hp_loss":0,"event_name":"The Library","floor":30,"gold_loss":0},{"damage_healed":18,"gold_gain":0,"player_choice":"Writhe","damage_taken":0,"max_hp_gain":0,"max_hp_loss":0,"event_name":"Winding Halls","floor":36,"gold_loss":0,"cards_obtained":["Writhe"]},{"damage_healed":0,"gold_gain":0,"player_choice":"Full Heal","damage_taken":0,"max_hp_gain":0,"max_hp_loss":0,"event_name":"Wheel of Change","floor":39,"gold_loss":0}],"is_beta":false,"boss_relics":[{"not_picked":["ats:Sanity Plus","REME_ChargedStone"],"picked":"ats:Tactical Delivery"},{"not_picked":["RedLine:ReiMu","Sozu"],"picked":"Empty Cage"}],"items_purged_floors":[37],"is_endless":false,"potions_floor_spawned":[1,2,6,18,19,22,31,38],"killed_by":"Giant Head","ascension_level":0}}