{"host":"og21o26alpnbwmz8","time":1612971982,"event":{"mods":["100% Spire Juice","Act Like it!","Aspiration","BaseMod","Conspire","Downfall","Gensokyo","Halation","Hubris","Jedi Mod","Mimic Mod","Minty Spire (QoL Compilation)","Pale of the Ancients","Reliquary","Replay The Spire","Shop Mod","Spikes Relics","StSLib","The Alterego","The Blue Laboratory","The Marked","Waifu the Spire"],"gold_per_floor":[112,131,145,145,145,145,157,157,157,157,182,199,199,213,213,317,317,336,261,301,49,63,63,81,81,81,81,101,101,101,101,101,202,202,218,218,128,128,138,138,158,158,158,176,196,209,209,227,227,227],"floor_reached":51,"language":"ENG","playtime":1965,"items_purged":["theMarked:ChannelForce","Masterful Stab"],"score":674,"play_id":"6fe35fd8-3cb7-47f7-94fb-b904774062a9","local_time":"20210210104622","is_ascension_mode":false,"campfire_choices":[{"data":"theMarked:EmpowerWeapon","floor":6,"key":"SMITH"},{"data":"theMarked:Defend","floor":8,"key":"SMITH"},{"data":"theMarked:Defend","floor":13,"key":"SMITH"},{"data":"Atom Bomb","floor":15,"key":"PURGE"},{"data":"theMarked:Defend","floor":23,"key":"SMITH"},{"data":"Deflect","floor":25,"key":"SMITH"},{"floor":27,"key":"RECALL"},{"floor":32,"key":"DIG"},{"data":"theMarked:Toughness","floor":40,"key":"SMITH"}],"circlet_count":0,"master_deck":["theMarked:Defend+1","theMarked:Defend+1","theMarked:Defend+1","theMarked:SoldierOfQuellstein+1","theMarked:EmpowerWeapon+1","Deflect+1","theMarked:ParalyzingBlade+1","theMarked:EmpowerWeapon+1","theMarked:Toughness+1","Gensokyo:CustomPotion"],"relics":["theMarked:ArtifactOfAir","halation:BlackBeret","reliquary:QuartzCube","Anchor","halation:PinkAlligatorPlush","reliquary:BoilingFlask","DollysMirror","Happy Flower","ReplayFunnel","reliquary:HotPoker","Replay:Grab Bag","Coffee Dripper","jedi:hotpepper","aspiration:IroncladSkillbook","hubris:Icosahedron","hubris:Metronome"],"acts_visited":["Exordium","Gensokyo:Gensokyo","Gensokyo:Gensokyoer"],"potions_floor_usage":[50,50],"damage_taken":[{"damage":3,"enemies":"Gensokyo:2_Kodama","floor":1,"turns":3},{"damage":0,"enemies":"Gensokyo:3_Fairies","floor":2,"turns":3},{"damage":1,"enemies":"Gensokyo:Python","floor":3,"turns":3},{"damage":1,"enemies":"Gensokyo:Kitsune","floor":7,"turns":3},{"damage":1,"enemies":"Gensokyo:Mamizou","floor":11,"turns":6},{"damage":0,"enemies":"Gensokyo:5_Fairies","floor":12,"turns":6},{"damage":6,"enemies":"Gensokyo:Gryphon_and_Rabbit","floor":14,"turns":4},{"damage":8,"enemies":"Gensokyo:Yukari","floor":16,"turns":8},{"damage":6,"enemies":"Gensokyo:AngelMirror","floor":18,"turns":3},{"damage":12,"enemies":"Gensokyo:3_Dogs","floor":20,"turns":6},{"damage":34,"enemies":"Gensokyo:3_Dogs","floor":22,"turns":6},{"damage":24,"enemies":"Gensokyo:Chomper_and_Gloop","floor":24,"turns":5},{"damage":0,"enemies":"Gensokyo:Wraith","floor":28,"turns":5},{"damage":31,"enemies":"Gensokyo:Eternal_Rivals","floor":33,"turns":10},{"damage":0,"enemies":"Gensokyo:3_Boulders","floor":35,"turns":5},{"damage":3,"enemies":"Gensokyo:AncientGuardian","floor":39,"turns":4},{"damage":0,"enemies":"Gensokyo:4_Bats","floor":41,"turns":4},{"damage":3,"enemies":"Gensokyo:Rafflesia","floor":44,"turns":4},{"damage":0,"enemies":"Gensokyo:3_Boulders","floor":45,"turns":4},{"damage":0,"enemies":"Gensokyo:Sharpion","floor":46,"turns":3},{"damage":7,"enemies":"Gensokyo:Rafflesia","floor":48,"turns":4},{"damage":35,"enemies":"Gensokyo:Scarlet_Devils","floor":50,"turns":6}],"seed_played":"2225275967760105180","potions_obtained":[{"floor":7,"key":"Regen Potion"},{"floor":11,"key":"blueLaboratory:HeartbeatPotion"},{"floor":14,"key":"Milkshake"},{"floor":33,"key":"blueLaboratory:StoneskinPotion"}],"is_trial":false,"path_per_floor":["M","M","M","T","?","R","M","R","T","?","E","M","R","M","R","B",null,"M","$","MIM","$","M","R","M","R","T","R","M","$","?","$","R","B",null,"M","?","?","?","M","R","M","$","T","M","M","M","?","M","R","B",null],"character_chosen":"THE_DEFAULT","items_purchased":["DollysMirror","Happy Flower"],"campfire_rested":0,"item_purchase_floors":[21,29],"current_hp_per_floor":[67,67,66,66,38,38,37,37,37,37,36,36,36,30,30,22,70,64,64,52,52,21,21,70,70,70,70,70,60,60,60,60,29,48,48,41,41,41,45,45,48,48,48,48,48,48,48,45,45,19],"gold":227,"neow_bonus":"UPGRADE_CARD","is_daily":false,"chose_seed":false,"campfire_upgraded":6,"win_rate":0.0,"timestamp":1612971982,"path_taken":["M","M","?","?","?","R","M","R","T","?","E","?","R","M","R","BOSS","M","$","?","$","?","R","M","R","T","R","M","?","?","?","R","BOSS","M","?","?","?","M","R","M","$","T","M","?","M","?","?","R","BOSS"],"items_purchased_type":["Relic","Relic"],"build_version":"2020-12-22","purchased_purges":2,"victory":true,"max_hp_per_floor":[70,70,70,70,70,70,70,70,70,70,70,70,70,70,70,70,70,70,70,70,70,70,70,70,70,70,70,70,70,65,65,65,65,48,48,48,48,48,48,48,48,48,48,48,48,48,48,48,48,48],"card_choices":[{"not_picked":["theMarked:BanishingStrike","theMarked:WardOff","theMarked:Memento"],"picked":"SKIP","floor":1},{"not_picked":["theMarked:AttractMetal","theMarked:Friction"],"picked":"theMarked:EmpowerWeapon","floor":2},{"not_picked":["theMarked:ResourceFulStrike","theMarked:Parkour","theMarked:AttractMetal"],"picked":"SKIP","floor":3},{"not_picked":["theMarked:Levitate","theMarked:TakeCover","theMarked:TwofoldDefense"],"picked":"SKIP","floor":7},{"not_picked":["theMarked:Parry","theMarked:MysticalArsenal"],"picked":"theMarked:ChannelForce","floor":11},{"not_picked":["theMarked:Convert","theMarked:Frustration","theMarked:Pokerface"],"picked":"SKIP","floor":12},{"not_picked":["theMarked:HeightenedSenses","theMarked:Determination","theMarked:AttractMetal"],"picked":"SKIP","floor":14},{"not_picked":["theMarked:Friction","theMarked:HeightenedSenses"],"picked":"theMarked:ParalyzingBlade+1","floor":18},{"not_picked":["theMarked:HeightenedSenses+1","theMarked:PowerFlow","theMarked:EmpowerWeapon"],"picked":"SKIP","floor":22},{"not_picked":["theMarked:TakeCover","theMarked:ComboAttacks","theMarked:Memento"],"picked":"SKIP","floor":24},{"not_picked":["theMarked:ResourceFulStrike","theMarked:Memento","theMarked:RepellingDischarge+1"],"picked":"SKIP","floor":28},{"not_picked":["theMarked:UnarmedFury","theMarked:Defy"],"picked":"theMarked:Toughness","floor":33},{"not_picked":["Heavy Blade+1","Pommel Strike","Headbutt","Seeing Red"],"picked":"SKIP","floor":35},{"not_picked":["Run Through","theMarked:HeightenedSenses+1","theMarked:Static","Headbutt+1"],"picked":"SKIP","floor":39},{"not_picked":["Abandon","theMarked:Improvise+1","theMarked:BanishingStrike","True Grit+1"],"picked":"SKIP","floor":41},{"not_picked":["Havoc","Pommel Strike+1","theMarked:AttractMetal","Shrug It Off+1"],"picked":"SKIP","floor":44},{"not_picked":["Perfected Strike","theMarked:Abjuration","Havoc","Sword Boomerang+1"],"picked":"SKIP","floor":45},{"not_picked":["theMarked:ResourceFulStrike+1","theMarked:TwofoldDefense","theMarked:ElectricStrings","Body Slam+1"],"picked":"SKIP","floor":46},{"not_picked":["Seeing Red","Abandon+1","theMarked:ChainLightning+1","theMarked:WardOff+1"],"picked":"SKIP","floor":48}],"player_experience":242251,"relics_obtained":[{"floor":4,"key":"halation:BlackBeret"},{"floor":9,"key":"reliquary:QuartzCube"},{"floor":11,"key":"Anchor"},{"floor":20,"key":"reliquary:BoilingFlask"},{"floor":32,"key":"reliquary:HotPoker"},{"floor":43,"key":"hubris:Metronome"}],"event_choices":[],"is_beta":false,"boss_relics":[{"not_picked":["bronze:MakeshiftBattery","halation:Risk"],"picked":"halation:PinkAlligatorPlush"},{"not_picked":["hubris:ScarierMask","Tiny House"],"picked":"Replay:Grab Bag"},{"not_picked":["reliquary:Ember","ReplayTheSpireMod:DimensionalGlitch"],"picked":"Coffee Dripper"},{"not_picked":["halation:CatFaceCupcake","jedi:battlestandard"],"picked":"jedi:hotpepper"},{"not_picked":["Snecko Heart","conspire:RunicOctahedron"],"picked":"aspiration:IroncladSkillbook"}],"items_purged_floors":[19,21],"is_endless":false,"potions_floor_spawned":[7,11,14,22,24,33,35,39,45,46],"ascension_level":0}}