{"host":"Sylvester","time":1612942554,"event":{"mods":["AchievementEnabler","BaseMod","Filter the Spire","Lobotomy","Minty Spire (QoL Compilation)","Replay The Spire","StSLib"],"gold_per_floor":[109,159,176,191,191,220,220,253,253,302,33,66,78,78,90,90,168,168,179,194,194,194,209,209,209],"floor_reached":24,"language":"ENG","playtime":900,"items_purged":[],"score":532,"play_id":"504d49be-4337-4b8b-8cb2-67a189f0e252","local_time":"20210209233554","is_ascension_mode":true,"campfire_choices":[{"floor":7.0,"key":"REST"},{"data":"SpiritShield","floor":16.0,"key":"SMITH"}],"circlet_count":0,"master_deck":["AscendersBane","Strike_P+1","Strike_P+1","Strike_P+1","Defend_P","Defend_P+1","Defend_P","Defend_P+1","Eruption","Vigilance+1","LessonLearned+1","Replay:Anticipation","WindmillStrike+1","Replay:BluntJabs","BattleHymn+1","TalkToTheHand+1","EmptyFist","DevaForm","ThirdEye+1","FollowUp","SpiritShield+1","Omniscience","Replay:Cycle+1","EmptyFist"],"relics":["PureWater","Gremlin Horn","Peace Pipe","Bird Faced Urn","Akabeko","Mummified Hand","ChewingGum"],"acts_visited":["Exordium","TheCity"],"potions_floor_usage":[],"damage_taken":[{"damage":0.0,"enemies":"2 Louse","floor":1.0,"turns":6.0},{"damage":7.0,"enemies":"Cultist","floor":3.0,"turns":5.0},{"damage":2.0,"enemies":"Jaw Worm","floor":4.0,"turns":5.0},{"damage":31.0,"enemies":"Lagavulin","floor":6.0,"turns":5.0},{"damage":0.0,"enemies":"Gremlin Nob","floor":8.0,"turns":3.0},{"damage":0.0,"enemies":"Lagavulin","floor":12.0,"turns":4.0},{"damage":0.0,"enemies":"Looter","floor":13.0,"turns":3.0},{"damage":9.0,"enemies":"Exordium Thugs","floor":15.0,"turns":2.0},{"damage":2.0,"enemies":"The Guardian","floor":17.0,"turns":7.0},{"damage":16.0,"enemies":"2 Thieves","floor":19.0,"turns":4.0},{"damage":18.0,"enemies":"Chosen","floor":20.0,"turns":5.0},{"damage":9,"enemies":"Shelled Parasite and Fungi","floor":23,"turns":4},{"damage":35,"enemies":"Slavers","floor":24,"turns":4}],"seed_played":"-8149043335311425918","potions_obtained":[{"floor":3.0,"key":"Explosive Potion"},{"floor":4.0,"key":"SteroidPotion"},{"floor":12.0,"key":"DistilledChaos"},{"floor":15.0,"key":"Dexterity Potion"}],"is_trial":false,"path_per_floor":["M","?","M","M","?","E","R","E","T","T","$","E","M","?","M","R","B",null,"M","M","?","?","M","E"],"character_chosen":"WATCHER","items_purchased":["TalkToTheHand+1","EmptyFist","DevaForm"],"campfire_rested":1,"item_purchase_floors":[11,11,11],"current_hp_per_floor":[61,61,54,52,52,21,39,39,39,39,39,43,45,50,43,43,45,62,50,34,34,34,31,0,0],"gold":209,"neow_bonus":"THREE_RARE_CARDS","is_daily":false,"chose_seed":false,"campfire_upgraded":1,"win_rate":0.0,"timestamp":1612942554,"path_taken":["M","?","M","?","?","E","R","E","T","T","$","E","M","?","M","R","BOSS","M","M","?","?","M","E"],"items_purchased_type":["Card","Card","Card"],"build_version":"2020-11-17","purchased_purges":0,"victory":false,"max_hp_per_floor":[62,62,62,62,62,62,62,62,62,62,62,62,62,67,67,67,67,67,67,67,67,67,67,67,67],"card_choices":[{"not_picked":["Vault","Scrawl"],"picked":"LessonLearned","floor":0.0},{"not_picked":["PathToVictory","Collect"],"picked":"Replay:Anticipation","floor":1.0},{"not_picked":["Replay:ManipulateFuture","ThirdEye"],"picked":"WindmillStrike","floor":3.0},{"not_picked":["FlyingSleeves","Halt"],"picked":"Replay:BluntJabs","floor":4.0},{"not_picked":["ClearTheMind","Crescendo"],"picked":"BattleHymn","floor":6.0},{"not_picked":["Replay:AtTheReady","WaveOfTheHand","Sanctity"],"picked":"SKIP","floor":8.0},{"not_picked":["JustLucky","FlyingSleeves"],"picked":"ThirdEye","floor":12.0},{"not_picked":["ThirdEye","InnerPeace"],"picked":"FollowUp","floor":13.0},{"not_picked":["BowlingBash","Pray"],"picked":"SpiritShield","floor":15.0},{"not_picked":["Ragnarok","Scrawl"],"picked":"Omniscience","floor":17.0},{"not_picked":["SashWhip","ReachHeaven"],"picked":"Replay:Cycle","floor":19.0},{"not_picked":["Replay:ManipulateFuture","Replay:DivineShield","Replay:AtTheReady"],"picked":"SKIP","floor":20.0},{"not_picked":["ClearTheMind","Crescendo"],"picked":"EmptyFist","floor":23}],"player_experience":234209,"relics_obtained":[{"floor":6.0,"key":"Gremlin Horn"},{"floor":8.0,"key":"Peace Pipe"},{"floor":9.0,"key":"Bird Faced Urn"},{"floor":10.0,"key":"Akabeko"},{"floor":12.0,"key":"Mummified Hand"}],"event_choices":[{"damage_healed":0.0,"max_hp_gain":0.0,"max_hp_loss":0.0,"gold_gain":50.0,"event_name":"Golden Shrine","player_choice":"Pray","floor":2.0,"gold_loss":0.0,"damage_taken":0.0},{"damage_healed":0.0,"max_hp_gain":5.0,"max_hp_loss":0.0,"gold_gain":0.0,"event_name":"Big Fish","player_choice":"Donut","floor":14.0,"gold_loss":0.0,"damage_taken":0.0},{"cards_removed":["Strike_P"],"damage_healed":0.0,"max_hp_gain":0.0,"max_hp_loss":0.0,"gold_gain":0.0,"event_name":"Back to Basics","player_choice":"Elegance","floor":21.0,"gold_loss":0.0,"damage_taken":0.0},{"damage_healed":0,"gold_gain":0,"player_choice":"Ignored","damage_taken":0,"max_hp_gain":0,"max_hp_loss":0,"event_name":"The Mausoleum","floor":22,"gold_loss":0}],"is_beta":true,"boss_relics":[{"not_picked":["Tiny House","Busted Crown"],"picked":"ChewingGum"}],"items_purged_floors":[],"is_endless":false,"potions_floor_spawned":[3,4,12,15,17],"killed_by":"Slavers","ascension_level":20}}