{"host":"i0m6ffz3lpe3z1ky","time":1612956879,"event":{"mods":["Aspiration","BaseMod","Bestiary","BetterRewards","Colored Map","Conspire","Energized Spire","Highlight Path","Hubris","Ironclad Rager","Minty Spire (QoL Compilation)","Quick Restart","Reliquary","Shop Mod","Spicy Shops","StSLib","Thieving Mod"],"gold_per_floor":[112,34,54,129,91,119,119,144,144,159,170,202,215,233,233,331,331,345,363,373,384,395,36,56,67,67,0,0,32,49,83,83,185,185,198,211,205,205,216,216,216,139,216,235,235,246,258,158,158,158,158,158,45,79,79],"floor_reached":56,"language":"KOR","playtime":4119,"items_purged":["Strike_R","Strike_R","Strike_R","Strike_R","Defend_R","Bash","conspire:Purge"],"score":1877,"play_id":"1e1ebbd9-dda2-44f5-956d-5dc092bfffe1","local_time":"20210210203439","is_ascension_mode":true,"campfire_choices":[{"data":"Body Slam","floor":7.0,"key":"SMITH"},{"data":"Corruption","floor":15.0,"key":"SMITH"},{"floor":28.0,"key":"RECALL"},{"data":"Armaments","floor":32.0,"key":"SMITH"},{"data":"Havoc","floor":40,"key":"SMITH"},{"data":"Sentinel","floor":45,"key":"SMITH"},{"data":"hubris:StunningStrike","floor":49,"key":"SMITH"},{"data":"Seeing Red","floor":52,"key":"SMITH"}],"circlet_count":0,"master_deck":["Defend_R","Seeing Red+1","Shrug It Off","Body Slam+1","Headbutt","Corruption+1","Shrug It Off","Exhume","hubris:StunningStrike+1","Armaments+1","Havoc+1","conspire:Banana","Shrug It Off","Sentinel+1","Havoc+1","Feel No Pain","conspire:Banana"],"relics":["Burning Blood","aspiration:Nostalgia","Cracked Core","Bag of Marbles","Pear","Happy Flower","Boot","Membership Card","Ginger","Bronze Scales","Prayer Wheel","Oddly Smooth Stone","Sling","Medical Kit","hubris:IronBody","PreservedInsect","Ancient Tea Set","conspire:DeflatedDodgeball","Nunchaku","hubris:Backtick","Dead Branch","Lee\u0027s Waffle","ClockworkSouvenir","Singing Bowl","InkBottle","reliquary:TatteredRug","reliquary:Stiletto","aspiration:WatcherSkillbook","Ice Cream","hubris:ChampionShield","hubris:Towel","hubris:ToyBattleship","Frozen Egg 2","Bag of Preparation"],"acts_visited":["Exordium","TheCity","TheBeyond","TheEnding"],"potions_floor_usage":[42],"damage_taken":[{"damage":2.0,"enemies":"Small Slimes","floor":1.0,"turns":3.0},{"damage":0.0,"enemies":"Cultist","floor":3.0,"turns":3.0},{"damage":8.0,"enemies":"Lagavulin","floor":6.0,"turns":6.0},{"damage":0.0,"enemies":"3 Sentries","floor":8.0,"turns":5.0},{"damage":0.0,"enemies":"Jaw Worm","floor":10.0,"turns":2.0},{"damage":0.0,"enemies":"2 Fungi Beasts","floor":11.0,"turns":3.0},{"damage":7.0,"enemies":"Lagavulin","floor":12.0,"turns":4.0},{"damage":0.0,"enemies":"3 Louse","floor":13.0,"turns":2.0},{"damage":0.0,"enemies":"Exordium Wildlife","floor":14.0,"turns":2.0},{"damage":14.0,"enemies":"Slime Boss","floor":16.0,"turns":9.0},{"damage":5.0,"enemies":"Shell Parasite","floor":18.0,"turns":3.0},{"damage":10.0,"enemies":"2 Thieves","floor":19.0,"turns":3.0},{"damage":15.0,"enemies":"Snake Plant","floor":20.0,"turns":2.0},{"damage":15.0,"enemies":"Snecko","floor":21.0,"turns":3.0},{"damage":15.0,"enemies":"Centurion and Healer","floor":22.0,"turns":6.0},{"damage":2.0,"enemies":"Shelled Parasite and Fungi","floor":24.0,"turns":4.0},{"damage":3.0,"enemies":"Snecko","floor":25.0,"turns":3.0},{"damage":10.0,"enemies":"Gremlin Leader","floor":29.0,"turns":2.0},{"damage":10.0,"enemies":"Centurion and Healer","floor":30.0,"turns":4.0},{"damage":6.0,"enemies":"Slavers","floor":31.0,"turns":1.0},{"damage":19.0,"enemies":"hubris:MusketHawk","floor":33.0,"turns":3.0},{"damage":10.0,"enemies":"Orb Walker","floor":35.0,"turns":3.0},{"damage":29.0,"enemies":"3 Darklings","floor":36.0,"turns":7.0},{"damage":0,"enemies":"Spire Growth","floor":39,"turns":1},{"damage":4,"enemies":"Sphere and 2 Shapes","floor":44,"turns":3},{"damage":7,"enemies":"Maw","floor":46,"turns":4},{"damage":5,"enemies":"Writhing Mass","floor":47,"turns":4},{"damage":11,"enemies":"hubris:GrandSnecko","floor":50,"turns":3},{"damage":0,"enemies":"Shield and Spear","floor":54,"turns":2},{"damage":12,"enemies":"The Heart","floor":55,"turns":5}],"seed_played":"8890301014441399009","potions_obtained":[{"floor":3.0,"key":"Explosive Potion"},{"floor":6.0,"key":"Fire Potion"},{"floor":20.0,"key":"DistilledChaos"},{"floor":25.0,"key":"CultistPotion"},{"floor":44,"key":"Energy Potion"}],"is_trial":false,"path_per_floor":["M","$","M","?","$","E","R","E","T","M","M","E","M","M","R","B",null,"M","M","M","M","M","$","M","M","T","$","R","E","M","E","R","B",null,"M","M","$","?","M","R","?","$","T","M","R","M","M","$","R","B",null,"R","$","E","B",null],"character_chosen":"IRONCLAD","items_purchased":["aspiration:Nostalgia","Bag of Marbles","Pear","Happy Flower","Boot","Membership Card","Ginger","Bronze Scales","Prayer Wheel","Seeing Red","Oddly Smooth Stone","Energy Potion","Medical Kit","Lee\u0027s Waffle","ClockworkSouvenir","Singing Bowl","InkBottle","Sentinel","hubris:ChampionShield","EntropicBrew","hubris:ToyBattleship"],"campfire_rested":0,"item_purchase_floors":[0,0,0,0,0,0,0,0,0,0,0,0,2,23,23,23,23,27,37,42,42],"current_hp_per_floor":[46,46,52,43,43,41,41,47,47,53,59,58,64,70,70,62,90,90,86,77,68,59,97,102,104,104,104,104,104,104,106,106,95,116,116,98,98,98,110,110,110,110,110,118,118,125,136,136,136,133,157,157,157,161,157],"gold":79,"neow_bonus":"","is_daily":false,"chose_seed":false,"campfire_upgraded":7,"win_rate":0.0,"timestamp":1612956879,"path_taken":["M","$","M","?","$","E","R","E","T","M","M","E","?","M","R","BOSS","M","M","M","M","M","$","M","M","T","$","R","E","M","E","R","BOSS","M","M","$","?","M","R","?","$","T","M","R","M","M","$","R","BOSS","R","$","E","BOSS"],"items_purchased_type":["Relic","Relic","Relic","Relic","Relic","Relic","Relic","Relic","Relic","Card","Relic","Potion","Relic","Relic","Relic","Relic","Relic","Card","Relic","Potion","Relic"],"build_version":"2020-12-22","purchased_purges":7,"victory":true,"max_hp_per_floor":[90,90,90,90,90,90,90,90,90,90,90,90,90,90,90,90,90,90,90,90,90,90,97,102,104,104,104,104,108,112,114,114,116,116,120,125,125,125,131,131,131,131,131,137,137,145,155,155,155,157,157,157,157,161,163],"card_choices":[{"not_picked":["Blood for Blood","Fire Breathing"],"picked":"Shrug It Off","floor":1.0},{"not_picked":["Iron Wave","Havoc"],"picked":"Body Slam","floor":1.0},{"not_picked":["Rampage","Shockwave"],"picked":"Spot Weakness","floor":3.0},{"not_picked":["Cleave","hubris:ReadiedAction","Wild Strike"],"picked":"SKIP","floor":3.0},{"not_picked":["hubris:ReadiedAction","Wild Strike"],"picked":"Cleave","floor":3.0},{"not_picked":["Disarm","Headbutt","Feel No Pain"],"picked":"SKIP","floor":6.0},{"not_picked":["Disarm","Feel No Pain"],"picked":"Headbutt","floor":6.0},{"not_picked":["Heavy Blade","Clothesline"],"picked":"Corruption","floor":8.0},{"not_picked":["Pommel Strike","Havoc","hubris:ReadiedAction"],"picked":"SKIP","floor":10.0},{"not_picked":["Thunderclap","Perfected Strike","Warcry"],"picked":"SKIP","floor":10.0},{"not_picked":["hubris:ReadiedAction","Anger"],"picked":"Shrug It Off","floor":11.0},{"not_picked":["Warcry","hubris:ReadiedAction"],"picked":"Exhume","floor":11.0},{"not_picked":["hubris:SharpeningStone","Heavy Blade","Fire Breathing"],"picked":"SKIP","floor":12.0},{"not_picked":["Clothesline","Twin Strike","Reckless Charge"],"picked":"SKIP","floor":13.0},{"not_picked":["Warcry","hubris:ReadiedAction","Dropkick"],"picked":"SKIP","floor":13.0},{"not_picked":["Havoc","hubris:ReadiedAction"],"picked":"hubris:CleavingFinish","floor":14.0},{"not_picked":["Anger","Pommel Strike","Wild Strike"],"picked":"SKIP","floor":14.0},{"not_picked":["Demon Form","Brutality"],"picked":"hubris:StunningStrike","floor":16.0},{"not_picked":["Sever Soul","Heavy Blade+1"],"picked":"Armaments","floor":18.0},{"not_picked":["Flex+1","Clash+1","Corruption"],"picked":"SKIP","floor":18.0},{"not_picked":["Wild Strike","Headbutt+1"],"picked":"Havoc","floor":19.0},{"not_picked":["Hemokinesis","Twin Strike","Headbutt"],"picked":"SKIP","floor":19.0},{"not_picked":["Clash","Body Slam"],"picked":"Immolate","floor":20.0},{"not_picked":["hubris:SharpeningStone","Headbutt","Wild Strike+1"],"picked":"SKIP","floor":20.0},{"not_picked":["Pommel Strike","Uppercut","Body Slam"],"picked":"SKIP","floor":21.0},{"not_picked":["Flex","Anger","Sever Soul"],"picked":"SKIP","floor":21.0},{"not_picked":["Body Slam","hubris:ReadiedAction+1","Twin Strike+1"],"picked":"SKIP","floor":22.0},{"not_picked":["Iron Wave","Wild Strike+1","Sever Soul"],"picked":"SKIP","floor":22.0},{"not_picked":["Cleave","Wild Strike","Headbutt"],"picked":"Singing Bowl","floor":24.0},{"not_picked":["Rampage","conspire:Charge","Body Slam"],"picked":"Singing Bowl","floor":24.0},{"not_picked":["Whirlwind","Dark Embrace"],"picked":"Shrug It Off","floor":25.0},{"not_picked":["Disarm","Headbutt+1","Exhume"],"picked":"Singing Bowl","floor":25.0},{"not_picked":["Brutality","Twin Strike","Headbutt"],"picked":"Singing Bowl","floor":29.0},{"not_picked":["Perfected Strike","Combust+1"],"picked":"Havoc+1","floor":30.0},{"not_picked":["Power Through+1","Warcry","Anger"],"picked":"Singing Bowl","floor":30.0},{"not_picked":["hubris:ReadiedAction","Whirlwind"],"picked":"Feel No Pain","floor":31.0},{"not_picked":["Impervious","Demon Form"],"picked":"conspire:Purge","floor":33.0},{"not_picked":["Crescendo+1","Prostrate","Clash+1","hubris:ReadiedAction+1"],"picked":"Singing Bowl","floor":35.0},{"not_picked":["Twin Strike+1","PathToVictory","EmptyFist","CrushJoints+1"],"picked":"Singing Bowl","floor":35.0},{"not_picked":["Evaluate+1","Thunderclap","ICR:Serenity","Headbutt+1"],"picked":"Singing Bowl","floor":36.0},{"not_picked":["InnerPeace","Clash","SandsOfTime","Pommel Strike+1"],"picked":"Singing Bowl","floor":36.0},{"not_picked":["Mind Blast","Dark Shackles","Jack Of All Trades"],"picked":"conspire:Banana","floor":38},{"not_picked":["ThirdEye+1","Whirlwind+1","SignatureMove","SashWhip"],"picked":"Singing Bowl","floor":39},{"not_picked":["Body Slam+1","Evaluate+1","Protect","Battle Trance+1"],"picked":"Singing Bowl","floor":39},{"not_picked":["Heavy Blade+1","Clothesline","Sword Boomerang+1","hubris:ReadiedAction"],"picked":"Singing Bowl","floor":44},{"not_picked":["Swivel+1","Entrench","Body Slam+1","Bloodletting"],"picked":"Singing Bowl","floor":44},{"not_picked":["SignatureMove+1","ICR:HungryGhost","conspire:Charge","Heavy Blade+1"],"picked":"Singing Bowl","floor":46},{"not_picked":["WreathOfFlame","BowlingBash+1","Headbutt+1","Pommel Strike+1"],"picked":"Singing Bowl","floor":46},{"not_picked":["EmptyBody","hubris:ReadiedAction+1","Flex","Immolate"],"picked":"Singing Bowl","floor":47},{"not_picked":["Wireheading+1","Consecrate","Battle Trance","CutThroughFate"],"picked":"Singing Bowl","floor":47},{"not_picked":["Headbutt","Blasphemy","Twin Strike+1","Perfected Strike+1"],"picked":"Singing Bowl","floor":54}],"player_experience":408064,"relics_obtained":[{"floor":6.0,"key":"PreservedInsect"},{"floor":8.0,"key":"Ancient Tea Set"},{"floor":9.0,"key":"conspire:DeflatedDodgeball"},{"floor":12.0,"key":"Nunchaku"},{"floor":29.0,"key":"reliquary:TatteredRug"},{"floor":31.0,"key":"reliquary:Stiletto"},{"floor":43,"key":"Frozen Egg 2"},{"floor":54,"key":"Bag of Preparation"}],"event_choices":[{"damage_healed":0.0,"max_hp_gain":0.0,"max_hp_loss":0.0,"gold_gain":75.0,"event_name":"FaceTrader","player_choice":"Touch","floor":4.0,"gold_loss":0.0,"damage_taken":9.0},{"damage_healed":0,"gold_gain":0,"player_choice":"Memory 1","damage_taken":0,"max_hp_gain":0,"max_hp_loss":0,"event_name":"SensoryStone","floor":38,"gold_loss":0}],"is_beta":false,"boss_relics":[{"not_picked":["Fusion Hammer","energizedSpire:OgreHead"],"picked":"hubris:Backtick"},{"not_picked":["Runic Cube","Snecko Eye"],"picked":"aspiration:WatcherSkillbook"}],"items_purged_floors":[5,27,37,37,42,48,53],"is_endless":false,"potions_floor_spawned":[3,6,16,20,25,29,31,33,35,44],"ascension_level":2}}