{"host":"0awa854l6bexpjrv","time":1612999264,"event":{"mods":["BaseMod","Block Reminder","Colored Map","Colored Powertips","Downfall","Highlight Path","Minty Spire (QoL Compilation)","Quick Restart","Rare Cards Sparkle","StSLib","SuperFastMode"],"gold_per_floor":[10,10,0,18,32,32,32,32,57,84,103,124,74,74,74,184,184,181,181,96,105,105,105,105,105,105,126,152,1,28,28,28],"floor_reached":31,"language":"ENG","playtime":4190,"items_purged":["Strike_B"],"score":282,"play_id":"96dc316c-188a-4da1-b4ff-93d1308e818a","local_time":"20210210152104","is_ascension_mode":true,"campfire_choices":[{"data":"Zap","floor":6,"key":"SMITH"},{"data":"Glacier","floor":8,"key":"SMITH"},{"data":"Sunder","floor":15,"key":"SMITH"},{"data":"RitualDagger","floor":23,"key":"SMITH"},{"data":"Echo Form","floor":25,"key":"SMITH"}],"circlet_count":0,"master_deck":["Strike_B","Strike_B","Defend_B","Defend_B","Defend_B","Defend_B","Zap+1","Dualcast","Sunder+1","Rebound","Glacier+1","FTL","Undo","Leap","Echo Form+1","Conserve Battery","RitualDagger+1","Ball Lightning","Loop+1","Glacier"],"relics":["Cracked Core","Blue Candle","CeramicFish","Happy Flower","Philosopher\u0027s Stone","Frozen Egg 2","Potion Belt"],"acts_visited":["Exordium","TheCity"],"potions_floor_usage":[18,24,24,30],"damage_taken":[{"damage":1,"enemies":"Cultist","floor":1,"turns":4},{"damage":0,"enemies":"2 Louse","floor":4,"turns":2},{"damage":0,"enemies":"Small Slimes","floor":5,"turns":2},{"damage":3,"enemies":"Blue Slaver","floor":10,"turns":3},{"damage":4,"enemies":"Exordium Thugs","floor":11,"turns":4},{"damage":0,"enemies":"Large Slime","floor":12,"turns":5},{"damage":1,"enemies":"Slime Boss","floor":16,"turns":13},{"damage":12,"enemies":"2 Thieves","floor":18,"turns":4},{"damage":0,"enemies":"Gremlin Leader","floor":24,"turns":5},{"damage":7,"enemies":"Spheric Guardian","floor":27,"turns":4},{"damage":4,"enemies":"Snecko","floor":28,"turns":6},{"damage":38,"enemies":"Centurion and Healer","floor":30,"turns":6},{"damage":16,"enemies":"Chosen and Byrds","floor":31,"turns":5}],"seed_played":"994942162294917996","potions_obtained":[{"floor":5,"key":"SteroidPotion"},{"floor":7,"key":"LiquidBronze"},{"floor":7,"key":"ColorlessPotion"},{"floor":7,"key":"SmokeBomb"},{"floor":27,"key":"Dexterity Potion"},{"floor":30,"key":"PotionOfCapacity"}],"is_trial":false,"path_per_floor":["M","?","?","M","M","R","?","R","T","M","M","M","?","T","R","B",null,"M","?","?","?","?","R","E","R","T","M","M","$","M","M"],"character_chosen":"DEFECT","items_purchased":["DuplicationPotion"],"campfire_rested":0,"item_purchase_floors":[29],"current_hp_per_floor":[88,83,83,83,83,83,83,83,83,80,76,76,76,76,76,75,89,77,77,77,71,71,71,71,71,71,64,60,60,22,6,6],"gold":28,"neow_bonus":"TWENTY_PERCENT_HP_BONUS","is_daily":false,"chose_seed":false,"campfire_upgraded":5,"win_rate":0.0,"timestamp":1612999264,"path_taken":["M","?","?","M","M","R","?","R","T","M","?","M","?","?","R","BOSS","M","?","?","?","?","R","E","R","T","?","M","$","M","M"],"items_purchased_type":["Potion"],"build_version":"2020-12-22","purchased_purges":1,"victory":false,"max_hp_per_floor":[89,89,89,89,89,89,89,89,89,89,89,89,89,89,89,89,89,89,89,89,89,89,89,89,89,89,89,89,89,89,89,89],"card_choices":[{"not_picked":["Coolheaded","Doom and Gloom"],"picked":"Sunder","floor":1},{"not_picked":["Recycle","Compile Driver"],"picked":"Rebound","floor":4},{"not_picked":["Turbo","Hologram"],"picked":"Glacier","floor":5},{"not_picked":["Redo","Aggregate"],"picked":"FTL","floor":10},{"not_picked":["Coolheaded","White Noise"],"picked":"Undo","floor":11},{"not_picked":["Hello World","Seek"],"picked":"Leap","floor":12},{"not_picked":["Creative AI","Hyperbeam"],"picked":"Echo Form","floor":16},{"not_picked":["Barrage","Turbo"],"picked":"Conserve Battery","floor":18},{"not_picked":["Stack","Barrage+1"],"picked":"Ball Lightning","floor":27},{"not_picked":["Turbo","Cold Snap"],"picked":"Loop+1","floor":28},{"not_picked":["Turbo","Rebound"],"picked":"Glacier","floor":30}],"player_experience":748983,"relics_obtained":[{"floor":9,"key":"CeramicFish"},{"floor":14,"key":"Happy Flower"},{"floor":26,"key":"Potion Belt"}],"event_choices":[{"damage_healed":0,"gold_gain":0,"player_choice":"Left Gold","damage_taken":0,"max_hp_gain":0,"max_hp_loss":0,"event_name":"World of Goop","floor":3,"gold_loss":10},{"damage_healed":0,"gold_gain":0,"player_choice":"Got Potions","damage_taken":0,"max_hp_gain":0,"max_hp_loss":0,"event_name":"Lab","floor":7,"gold_loss":0},{"cards_removed":["Strike_B"],"damage_healed":0,"gold_gain":0,"player_choice":"Card Removal","damage_taken":0,"max_hp_gain":0,"max_hp_loss":0,"event_name":"The Cleric","floor":13,"gold_loss":50},{"damage_healed":0,"gold_gain":0,"player_choice":"Ignored","damage_taken":0,"max_hp_gain":0,"max_hp_loss":0,"event_name":"Ghosts","floor":19,"gold_loss":0},{"damage_healed":0,"gold_gain":0,"player_choice":"Obtained Relic","damage_taken":0,"relics_obtained":["Frozen Egg 2"],"max_hp_gain":0,"max_hp_loss":0,"event_name":"Addict","floor":20,"gold_loss":85},{"damage_healed":0,"gold_gain":0,"player_choice":"Joined the Cult","damage_taken":6,"max_hp_gain":0,"max_hp_loss":0,"event_name":"Nest","floor":21,"gold_loss":0,"cards_obtained":["RitualDagger"]},{"damage_healed":0,"gold_gain":0,"player_choice":"Ignored","damage_taken":0,"max_hp_gain":0,"max_hp_loss":0,"event_name":"Vampires","floor":22,"gold_loss":0}],"is_beta":false,"boss_relics":[{"not_picked":["Tiny House","SacredBark"],"picked":"Philosopher\u0027s Stone"}],"items_purged_floors":[29],"is_endless":false,"potions_floor_spawned":[5,10,11,27,30],"killed_by":"Chosen and Byrds","ascension_level":3}}