{"host":"kh6fvhxn285ncg0o","time":1612930026,"event":{"mods":["Act Like it!","BaseMod","Colored Map","Friendly Minions","Keyboard Shortcuts","Minty Spire (QoL Compilation)","Quick Restart","Relic Stats","StSLib","SuperFastMode","UnlockEverythingMod"],"gold_per_floor":[109,34,34,34,60,60,91,91,91,91,132,155,173,173,173,173,173],"floor_reached":16,"language":"KOR","playtime":414,"items_purged":["Strike_R"],"score":312,"play_id":"f47c0d9b-d0f3-43ca-8be8-4b00b684d2fd","local_time":"20210210130706","is_ascension_mode":true,"campfire_choices":[{"data":"Bash","floor":6,"key":"SMITH"},{"floor":8,"key":"RECALL"},{"data":"Defend_R","floor":10,"key":"SMITH"},{"data":"Juggernaut","floor":15,"key":"SMITH"}],"circlet_count":0,"master_deck":["AscendersBane","Strike_R","Strike_R","Defend_R","Defend_R","Defend_R","Defend_R+1","Bash+1","Juggernaut+1","Dual Wield"],"relics":["Burning Blood","NeowsBlessing","Golden Idol","Bag of Marbles","The Courier","Letter Opener","Sundial"],"acts_visited":["Exordium"],"potions_floor_usage":[16],"damage_taken":[{"damage":0,"enemies":"Jaw Worm","floor":1,"turns":1},{"damage":0,"enemies":"Lagavulin","floor":7,"turns":1},{"damage":0,"enemies":"Gremlin Nob","floor":11,"turns":1},{"damage":4,"enemies":"Small Slimes","floor":12,"turns":4},{"damage":4,"enemies":"2 Louse","floor":13,"turns":6},{"damage":65,"enemies":"Slime Boss","floor":16,"turns":8}],"seed_played":"-5351378240324617535","potions_obtained":[{"floor":12,"key":"LiquidMemories"}],"is_trial":false,"path_per_floor":["M","$","?","?","T","R","E","R","T","R","E","M","M","?","R","B"],"character_chosen":"IRONCLAD","items_purchased":[],"campfire_rested":0,"item_purchase_floors":[],"current_hp_per_floor":[74,74,74,48,48,48,54,54,54,54,60,62,64,57,57,0,0],"gold":173,"neow_bonus":"THREE_ENEMY_KILL","is_daily":false,"chose_seed":false,"campfire_upgraded":3,"win_rate":0.0,"timestamp":1612930026,"path_taken":["M","$","?","?","?","R","E","R","T","R","E","M","M","?","R","BOSS"],"items_purchased_type":[],"build_version":"2020-12-22","purchased_purges":1,"victory":false,"max_hp_per_floor":[75,75,75,75,75,75,75,75,75,75,75,75,75,75,75,75,75],"relic_stats":{"counters":[6,21],"Golden Idol":23,"Sundial":[4],"Letter Opener":[13],"obtain_stats":[{"NeowsBlessing":0,"Golden Idol":4,"Sundial":11,"The Courier":7,"Bag of Marbles":5,"Letter Opener":9,"Burning Blood":0},{"NeowsBlessing":0,"Golden Idol":1,"Sundial":3,"The Courier":2,"Bag of Marbles":1,"Letter Opener":2,"Burning Blood":0},{"NeowsBlessing":0,"Golden Idol":1,"Sundial":3,"The Courier":2,"Bag of Marbles":1,"Letter Opener":2,"Burning Blood":0}],"Burning Blood":30},"card_choices":[{"not_picked":["Twin Strike","Havoc"],"picked":"Juggernaut","floor":11},{"not_picked":["Searing Blow","Iron Wave"],"picked":"Dual Wield","floor":12},{"not_picked":["Rupture","Warcry","Headbutt"],"picked":"SKIP","floor":13}],"player_experience":1355825,"relics_obtained":[{"floor":5,"key":"Bag of Marbles"},{"floor":7,"key":"The Courier"},{"floor":9,"key":"Letter Opener"},{"floor":11,"key":"Sundial"}],"event_choices":[{"cards_removed":["Strike_R"],"damage_healed":0,"gold_gain":0,"player_choice":"Forget","damage_taken":0,"max_hp_gain":0,"max_hp_loss":0,"event_name":"Living Wall","floor":3,"gold_loss":0},{"damage_healed":0,"gold_gain":0,"player_choice":"Take Damage","damage_taken":26,"relics_obtained":["Golden Idol"],"max_hp_gain":0,"max_hp_loss":0,"event_name":"Golden Idol","floor":4,"gold_loss":0},{"cards_removed":["Strike_R"],"damage_healed":0,"gold_gain":0,"player_choice":"Card Removal","damage_taken":7,"max_hp_gain":0,"max_hp_loss":0,"event_name":"Golden Wing","floor":14,"gold_loss":0}],"is_beta":false,"boss_relics":[],"items_purged_floors":[2],"is_endless":false,"potions_floor_spawned":[12],"killed_by":"Slime Boss","ascension_level":20}}