{"host":"qp7xs8nuzfsyommi","time":1612990747,"event":{"mods":["2.2 Compatiblity","BaseMod","Colored Powertips","DeckTracker","Highlight Path","Minty Spire (QoL Compilation)","Permanent Neow","StSLib"],"gold_per_floor":[113,125,7,7,24,24,42,42,110,121,149,224,236,250,250,323,323,336,386,396,396,396],"floor_reached":21,"language":"ENG","playtime":1937,"items_purged":[],"score":366,"play_id":"b91d2aa7-b614-4d25-875b-f3c45fd00e9d","local_time":"20210210155907","is_ascension_mode":true,"campfire_choices":[{"floor":6.0,"key":"REST"},{"data":"Coolheaded","floor":8.0,"key":"SMITH"},{"floor":15,"key":"REST"}],"circlet_count":0,"master_deck":["AscendersBane","Strike_B","Strike_B","Defend_B","Defend_B","Defend_B+1","Defend_B","Zap+1","Dualcast","Writhe","Streamline","Hologram","Doom and Gloom","Go for the Eyes","Leap","Coolheaded+1","Hologram","Rainbow","Glacier","Gash","Buffer"],"relics":["Cracked Core","Du-Vu Doll","War Paint","Letter Opener","Regal Pillow","Empty Cage"],"acts_visited":["Exordium","TheCity"],"potions_floor_usage":[11,16,18,20],"damage_taken":[{"damage":4.0,"enemies":"Small Slimes","floor":1.0,"turns":3.0},{"damage":1.0,"enemies":"Cultist","floor":2.0,"turns":3.0},{"damage":0.0,"enemies":"2 Louse","floor":5.0,"turns":2.0},{"damage":6.0,"enemies":"Looter","floor":7.0,"turns":4.0},{"damage":6.0,"enemies":"Gremlin Gang","floor":10.0,"turns":3.0},{"damage":38,"enemies":"3 Sentries","floor":11,"turns":6},{"damage":3,"enemies":"2 Fungi Beasts","floor":13,"turns":2},{"damage":7,"enemies":"Lots of Slimes","floor":14,"turns":3},{"damage":15,"enemies":"The Guardian","floor":16,"turns":10},{"damage":14,"enemies":"2 Thieves","floor":18,"turns":4},{"damage":18,"enemies":"Shell Parasite","floor":20,"turns":7},{"damage":32,"enemies":"Snecko","floor":21,"turns":5}],"seed_played":"5597347175850343396","potions_obtained":[{"floor":1.0,"key":"Regen Potion"},{"floor":7.0,"key":"Ancient Potion"},{"floor":10.0,"key":"FearPotion"},{"floor":14,"key":"EntropicBrew"},{"floor":16,"key":"Fire Potion"}],"is_trial":false,"path_per_floor":["M","M","$","?","M","R","M","R","T","M","E","?","M","M","R","B",null,"M","?","M","M"],"character_chosen":"DEFECT","items_purchased":["Doom and Gloom","Go for the Eyes"],"campfire_rested":2,"item_purchase_floors":[3,3],"current_hp_per_floor":[60,59,59,41,41,62,56,56,56,50,27,16,13,6,42,27,60,46,46,28,0,0],"gold":396,"neow_bonus":"ONE_RARE_RELIC","is_daily":false,"chose_seed":false,"campfire_upgraded":1,"win_rate":0.0,"timestamp":1612990747,"path_taken":["M","M","$","?","M","R","M","R","T","M","E","?","M","M","R","BOSS","M","?","M","?"],"items_purchased_type":["Card","Card"],"build_version":"2020-12-22","purchased_purges":0,"victory":false,"max_hp_per_floor":[71,71,71,71,71,71,71,71,71,71,71,71,71,71,71,71,71,71,71,71,71,71],"card_choices":[{"not_picked":["Conserve Battery","Turbo"],"picked":"Streamline","floor":1.0},{"not_picked":["Redo","Auto Shields"],"picked":"Hologram","floor":2.0},{"not_picked":["Force Field","Streamline"],"picked":"Leap","floor":5.0},{"not_picked":["Turbo","Sweeping Beam"],"picked":"Coolheaded","floor":7.0},{"not_picked":["Conserve Battery","Stack"],"picked":"Hologram","floor":10.0},{"not_picked":["Ball Lightning","Heatsinks"],"picked":"Rainbow","floor":11},{"not_picked":["Force Field","Blizzard"],"picked":"Glacier","floor":13},{"not_picked":["Go for the Eyes","Reprogram"],"picked":"Gash","floor":14},{"not_picked":["Core Surge","Seek"],"picked":"Buffer","floor":16},{"not_picked":["Consume","Rebound","Coolheaded"],"picked":"SKIP","floor":18},{"not_picked":["Stack","Consume","Skim"],"picked":"SKIP","floor":20}],"player_experience":1852699,"relics_obtained":[{"floor":9.0,"key":"Letter Opener"},{"floor":11,"key":"Regal Pillow"}],"event_choices":[{"damage_healed":0.0,"max_hp_gain":0.0,"max_hp_loss":0.0,"gold_gain":0.0,"event_name":"Scrap Ooze","player_choice":"Success","floor":4.0,"gold_loss":0.0,"damage_taken":18.0,"relics_obtained":["War Paint"]},{"damage_healed":0,"gold_gain":75,"player_choice":"Gather Gold","damage_taken":11,"max_hp_gain":0,"max_hp_loss":0,"event_name":"World of Goop","floor":12,"gold_loss":0},{"damage_healed":0,"gold_gain":50,"player_choice":"Pray","damage_taken":0,"max_hp_gain":0,"max_hp_loss":0,"event_name":"Golden Shrine","floor":19,"gold_loss":0}],"is_beta":false,"boss_relics":[{"not_picked":["Runic Dome","Inserter"],"picked":"Empty Cage"}],"items_purged_floors":[],"is_endless":false,"potions_floor_spawned":[1,7,10,14,16,20],"killed_by":"Snecko","ascension_level":20}}