{"host":"rlwsj8oje50c4na7","time":1612970463,"event":{"mods":["2.2 Compatiblity","Act Like it!","Arknights","Aspiration","BaseMod","Beaked The Cultist","Bestiary","Better Altar","Better Match","Better Note","Better Sensory Stone","Better Skull","Better Third Choice","Better Vampires","BetterRewards","Bossed Relics","Colored Map","Colored Powertips","Conspire","Defuse TimeMaze Blight","Energized Spire","Friendly Minions","Gensokyo","GifTheSpireLib","GungeonMod","Halation","Hallownest","Hermit","Highlight Path","Hubris","Infinite Spire","Ironclad Rager","Jedi Mod","JesterMod","Jorbs\u0027s Wanderer Trilogy","Mad Scientist","Minty Spire (QoL Compilation)","Pale of the Ancients","Quick Restart","Random Character Button","Relic Filter","Relic Stats","Reliquary","Reorder Act Four","Replay The Spire","Retaliation","Shop Mod","Spicy Shops","StSLib","Stuff the Spire","The Administrix","The Bladedancer","The Blue Laboratory","The Bug Knight","The Construct","The Cursed","The Exalted","The Hierophant","The IronCluck","The Judge","The Kombatant","The Necromancer","The Runesmith","TheSwordswoman","Waifu the Spire","everything is the same but u backflip on backflip","slay the spire mod where everything is the same but ironclad has a cowboy hat"],"gold_per_floor":[118,130,32,32,47,80,80,92,146,174,174,200,212,246,246,342,342,362,395,149,64,64,99,113,113,137,166,166,201,214,229,229,325,325,345,365,365,380,380,380,409,425,450,479,479,498,532,387,387,387,387,123,123,155,155],"floor_reached":56,"language":"ENG","playtime":5493,"items_purged":["Injury","Strike_R","Strike_R","Strike_R","Parasite","Strike_R"],"score":1810,"play_id":"26b257f1-a2db-4710-8c47-49dc5e062497","local_time":"20210210172103","is_ascension_mode":true,"campfire_choices":[{"data":"Bash","floor":7.0,"key":"SMITH"},{"floor":11.0,"key":"REST"},{"floor":15.0,"key":"RECALL"},{"data":"True Grit","floor":25.0,"key":"SMITH"},{"data":"Immolate","floor":28.0,"key":"SMITH"},{"data":"Clothesline","floor":32.0,"key":"SMITH"},{"data":"Double Tap","floor":40.0,"key":"SMITH"},{"data":"Armaments","floor":49,"key":"SMITH"},{"data":"ReplayReversal","floor":53,"key":"SMITH"}],"circlet_count":0,"master_deck":["Defend_R","Defend_R","Defend_R","Defend_R","Bash+1","Immolate+1","infinitespire:OneForAll","Clash","Demon Form","Twin Strike","Clothesline+1","Shrug It Off","True Grit+1","Whirlwind+1","Double Tap+1","Dropkick","DDmod:UnstoppableAttack+1","Iron Wave","Armaments+1","DDmod:PokeAttack+1","Impervious","ReplayReversal+1"],"relics":["Burning Blood","Membership Card","jedi:HeartOfTheCards","Oddly Smooth Stone","hubris:Spice","Shuriken","energizedSpire:TabascoSauce","aspiration:Lifesprig","Garlic","DemoMod:OrangeGuonStone","energizedSpire:MagnifyingGlass","Art of War","reliquary:BallBearing","StuffTheSpire:HeavyRock","hubris:ToyBattleship"],"acts_visited":["Exordium","TheCity","TheBeyond","TheEnding"],"potions_floor_usage":[55,55,55],"damage_taken":[{"damage":7.0,"enemies":"Jaw Worm","floor":1.0,"turns":4.0},{"damage":11.0,"enemies":"ats:Genji","floor":2.0,"turns":3.0},{"damage":0.0,"enemies":"2 Louse","floor":5.0,"turns":2.0},{"damage":34.0,"enemies":"HollowMod:MossKnight","floor":6.0,"turns":11.0},{"damage":13.0,"enemies":"Large Slime","floor":8.0,"turns":4.0},{"damage":28.0,"enemies":"Lagavulin","floor":10.0,"turns":6.0},{"damage":0.0,"enemies":"HollowMod:MossKnight","floor":12.0,"turns":7.0},{"damage":0.0,"enemies":"Exordium Thugs","floor":13.0,"turns":3.0},{"damage":19.0,"enemies":"3 Sentries","floor":14.0,"turns":6.0},{"damage":4.0,"enemies":"Slime Boss","floor":16.0,"turns":7.0},{"damage":9.0,"enemies":"Shell Parasite","floor":18.0,"turns":3.0},{"damage":26.0,"enemies":"conspire:MimicChest","floor":19.0,"turns":6.0},{"damage":0.0,"enemies":"conspire:Head Lice","floor":23.0,"turns":2.0},{"damage":0.0,"enemies":"Spheric Guardian","floor":24.0,"turns":3.0},{"damage":6.0,"enemies":"Book of Stabbing","floor":27.0,"turns":4.0},{"damage":4.0,"enemies":"Slavers","floor":29.0,"turns":4.0},{"damage":0.0,"enemies":"Snake Plant","floor":30.0,"turns":3.0},{"damage":0.0,"enemies":"Shelled Parasite and Fungi","floor":31.0,"turns":2.0},{"damage":9.0,"enemies":"Automaton","floor":33.0,"turns":5.0},{"damage":20.0,"enemies":"3 Shapes","floor":35.0,"turns":1.0},{"damage":0.0,"enemies":"Orb Walker","floor":36.0,"turns":3.0},{"damage":0.0,"enemies":"Spire Growth","floor":38.0,"turns":4.0},{"damage":0.0,"enemies":"HollowMod:StalkingDevout","floor":41.0,"turns":4.0},{"damage":0,"enemies":"Writhing Mass","floor":42,"turns":4},{"damage":2,"enemies":"Nemesis","floor":44,"turns":5},{"damage":0,"enemies":"Transient","floor":46,"turns":5},{"damage":0,"enemies":"Giant Head","floor":47,"turns":6},{"damage":36,"enemies":"Awakened One","floor":50,"turns":8},{"damage":0,"enemies":"Shield and Spear","floor":54,"turns":5},{"damage":23,"enemies":"The Heart","floor":55,"turns":12}],"seed_played":"-8693013677220098707","potions_obtained":[{"floor":8.0,"key":"FearPotion"},{"floor":12.0,"key":"Elixir"},{"floor":14.0,"key":"blueLaboratory:FruitPunch"},{"floor":18.0,"key":"blueLaboratory:BottledHope"},{"floor":23.0,"key":"Languid Potion"},{"floor":31.0,"key":"DemoMod:LeadSkinPotion"},{"floor":36.0,"key":"jedi:StrikingPotion"}],"is_trial":false,"path_per_floor":["M","M","$","?","M","E","R","M","T","E","R","E","M","E","R","B",null,"M","?","$","?","AVR","E","M","R","T","E","R","E","M","M","R","B",null,"M","M","?","M","?","R","E","M","T","E","AVR","M","E","$","R","B",null,"$","R","E","B",null],"character_chosen":"IRONCLAD","items_purchased":["Membership Card","aspiration:Lifesprig","Garlic","Impervious","StuffTheSpire:HeavyRock","ReplayReversal","hubris:ToyBattleship"],"campfire_rested":1,"item_purchase_floors":[3,20,20,48,52,52,52],"current_hp_per_floor":[71,66,66,72,72,44,44,37,37,23,47,61,67,54,54,58,70,64,41,41,41,41,44,47,47,47,44,44,43,46,49,49,43,54,37,40,40,43,43,43,50,58,58,58,58,58,58,55,55,30,49,49,49,55,39],"gold":155,"neow_bonus":"THREE_RARE_CARDS","is_daily":false,"chose_seed":false,"campfire_upgraded":7,"win_rate":0.0,"timestamp":1612970463,"path_taken":["M","M","$","?","M","E","R","M","T","E","R","E","?","E","R","BOSS","M","?","$","?","AVR","E","M","R","T","E","R","E","M","M","R","BOSS","M","M","?","?","?","R","E","M","T","E","AVR","M","E","$","R","BOSS","$","R","E","BOSS"],"items_purchased_type":["Relic","Relic","Relic","Card","Relic","Card","Relic"],"build_version":"2020-12-22","purchased_purges":6,"victory":true,"max_hp_per_floor":[72,72,72,72,72,72,72,72,72,80,80,88,88,80,80,74,74,74,66,66,58,58,58,58,58,58,58,58,58,58,58,58,58,58,58,58,58,58,58,58,58,58,58,58,58,58,58,55,55,55,55,55,55,55,55],"relic_stats":{"counters":[30,142],"Shuriken":[32],"Art of War":[2],"obtain_stats":[{"aspiration:Lifesprig":20,"DemoMod:OrangeGuonStone":27,"Oddly Smooth Stone":9,"DemoMod:GlassGuonStoneRelic":2,"jedi:HeartOfTheCards":6,"Burning Blood":0,"hubris:Spice":10,"Shuriken":14,"StuffTheSpire:HeavyRock":52,"energizedSpire:TabascoSauce":17,"reliquary:BallBearing":47,"Garlic":20,"energizedSpire:MagnifyingGlass":34,"Art of War":43,"hubris:ToyBattleship":52,"Membership Card":3},{"aspiration:Lifesprig":12,"DemoMod:OrangeGuonStone":15,"Oddly Smooth Stone":5,"DemoMod:GlassGuonStoneRelic":2,"jedi:HeartOfTheCards":4,"Burning Blood":0,"hubris:Spice":6,"Shuriken":9,"StuffTheSpire:HeavyRock":28,"energizedSpire:TabascoSauce":10,"reliquary:BallBearing":27,"Garlic":12,"energizedSpire:MagnifyingGlass":19,"Art of War":24,"hubris:ToyBattleship":28,"Membership Card":2},{"aspiration:Lifesprig":62,"DemoMod:OrangeGuonStone":71,"Oddly Smooth Stone":24,"DemoMod:GlassGuonStoneRelic":7,"jedi:HeartOfTheCards":20,"Burning Blood":0,"hubris:Spice":30,"Shuriken":46,"StuffTheSpire:HeavyRock":125,"energizedSpire:TabascoSauce":53,"reliquary:BallBearing":117,"Garlic":62,"energizedSpire:MagnifyingGlass":85,"Art of War":101,"hubris:ToyBattleship":125,"Membership Card":7}],"Burning Blood":106},"card_choices":[{"not_picked":["jedi:bloodyhammer","DDmod:AllInSkill"],"picked":"Immolate","floor":0.0},{"not_picked":["Anger","DDmod:SpikedSkill"],"picked":"infinitespire:OneForAll","floor":1.0},{"not_picked":["DemoMod:WhiteBlade","Warcry"],"picked":"Clash","floor":2.0},{"not_picked":["Searing Blow","Entrench","DDmod:SpikedSkill"],"picked":"SKIP","floor":5.0},{"not_picked":["Seeing Red","Rage"],"picked":"Demon Form","floor":6.0},{"not_picked":["DDmod:BurningFumesPowerCard","Headbutt"],"picked":"Twin Strike","floor":8.0},{"not_picked":["DDmod:CallousedSkill","Disarm"],"picked":"Clothesline","floor":10.0},{"not_picked":["Sword Boomerang","Offering","Body Slam"],"picked":"SKIP","floor":12.0},{"not_picked":["StuffTheSpire:RockThrow","StuffTheSpire:Incineration","DDmod:SpikedSkill"],"picked":"SKIP","floor":13.0},{"not_picked":["DemoMod:BlackBlade","Flex"],"picked":"hubris:SpiceAddiction","floor":14.0},{"not_picked":["hubris:SpiceAddiction","hubris:SpiceAddiction"],"picked":"hubris:SpiceAddiction","floor":16.0},{"not_picked":["Wild Strike","Power Through"],"picked":"Shrug It Off","floor":18.0},{"not_picked":["hubris:SpiceAddiction","jedi:fear+1"],"picked":"True Grit","floor":19.0},{"not_picked":["StuffTheSpire:Slingshot+1","jedi:bloodyhammer","Corruption"],"picked":"SKIP","floor":23.0},{"not_picked":["DDmod:CallousedSkill","Body Slam"],"picked":"Whirlwind+1","floor":24.0},{"not_picked":["DDmod:CallousedSkill","hubris:SpiceAddiction","jedi:suffering"],"picked":"SKIP","floor":27.0},{"not_picked":["Searing Blow","StuffTheSpire:RagingBull","jedi:suffering+1"],"picked":"SKIP","floor":29.0},{"not_picked":["DDmod:SpikeMailSkill","Headbutt","Battle Trance"],"picked":"SKIP","floor":30.0},{"not_picked":["hubris:SpiceAddiction","DDmod:EasePowerCard","hubris:SpiceAddiction"],"picked":"SKIP","floor":31.0},{"not_picked":["hubris:SpiceAddiction","DDmod:EasePowerCard","hubris:SpiceAddiction"],"picked":"SKIP","floor":31.0},{"not_picked":["Berserk","StuffTheSpire:TitanForm"],"picked":"Double Tap","floor":33.0},{"not_picked":["Whirlwind+1","Battle Trance","Carnage"],"picked":"SKIP","floor":35.0},{"not_picked":["jedi:fear+1","Warcry+1"],"picked":"Dropkick","floor":36.0},{"not_picked":["Havoc+1","Metallicize+1"],"picked":"DDmod:UnstoppableAttack+1","floor":38.0},{"not_picked":["StuffTheSpire:Incineration","Feed"],"picked":"Iron Wave","floor":41.0},{"not_picked":["StuffTheSpire:Pyroclast","hubris:SpiceAddiction","Perfected Strike"],"picked":"SKIP","floor":42},{"not_picked":["DDmod:EasePowerCard","DDmod:SpikedSkill+1","DDmod:CallousedSkill+1"],"picked":"SKIP","floor":44},{"not_picked":["Warcry+1","Sword Boomerang+1"],"picked":"Armaments","floor":46},{"not_picked":["hubris:SpiceAddiction","Cleave"],"picked":"DDmod:PokeAttack+1","floor":47},{"not_picked":["hubris:SpiceAddiction","Warcry+1","StuffTheSpire:Slingshot+1"],"picked":"SKIP","floor":54}],"player_experience":1053340,"relics_obtained":[{"floor":6.0,"key":"jedi:HeartOfTheCards"},{"floor":9.0,"key":"Oddly Smooth Stone"},{"floor":10.0,"key":"hubris:Spice"},{"floor":12.0,"key":"hubris:Spice"},{"floor":14.0,"key":"Shuriken"},{"floor":19.0,"key":"hubris:Spice"},{"floor":27.0,"key":"DemoMod:OrangeGuonStone"},{"floor":43,"key":"Art of War"},{"floor":47,"key":"reliquary:BallBearing"}],"event_choices":[{"damage_healed":0.0,"max_hp_gain":0.0,"max_hp_loss":0.0,"gold_gain":0.0,"event_name":"Addict","player_choice":"Obtained Relic","floor":21.0,"gold_loss":85.0,"damage_taken":0.0,"relics_obtained":["hubris:Spice"]},{"cards_removed":["Strike_R"],"damage_healed":0.0,"max_hp_gain":0.0,"max_hp_loss":0.0,"gold_gain":0.0,"event_name":"Bonfire Elementals","player_choice":"Offered Basic","floor":37.0,"gold_loss":0.0,"damage_taken":0.0}],"is_beta":false,"boss_relics":[{"not_picked":["hubris:Spice","Busted Crown"],"picked":"energizedSpire:TabascoSauce"},{"not_picked":["hubris:Spice","conspire:SeveredTorchhead"],"picked":"energizedSpire:MagnifyingGlass"}],"items_purged_floors":[3,20,22,45,48,52],"is_endless":false,"potions_floor_spawned":[8,12,14,18,23,31,36,44,46],"ascension_level":6}}