{"host":"bf5upntvbdompq33","time":1612937840,"event":{"mods":["BaseMod","Colored Map","Colored Powertips","Curses Come First","Minty Spire (QoL Compilation)","StSLib","The Dragon Tamer","The Hierophant","The Marked","The Mystic","The Servant 0.9.4"],"gold_per_floor":[119,119,20,20,20,49,49,79,79,79,79,98,98,124,124,198,198,212,487,487,166,166,166,181,181,181,181,181,181,201,217,217,217,217],"floor_reached":33,"language":"ENG","playtime":1134,"items_purged":["Strike_R","Regret"],"score":505,"play_id":"3be63919-b0f9-4481-92f1-c898fe5262fd","local_time":"20210209231720","is_ascension_mode":true,"campfire_choices":[{"data":"Pommel Strike","floor":11,"key":"SMITH"},{"data":"Pommel Strike","floor":13,"key":"SMITH"},{"data":"Bash","floor":15,"key":"SMITH"},{"data":"Uppercut","floor":23,"key":"SMITH"},{"data":"Heavy Blade","floor":25,"key":"SMITH"},{"data":"Clothesline","floor":27,"key":"SMITH"},{"floor":32,"key":"REST"}],"circlet_count":0,"master_deck":["AscendersBane","Strike_R","Defend_R","Defend_R","Defend_R","Defend_R","Bash+1","Pommel Strike+1","Pommel Strike+1","Flex","Spot Weakness+1","Metallicize","Clothesline+1","Offering+1","Uppercut+1","Armaments+1","Master of Strategy+1","True Grit+1","Heavy Blade+1","Shrug It Off+1"],"relics":["Burning Blood","NeowsBlessing","Darkstone Periapt","Meat on the Bone","Pantograph","Toxic Egg 2","Juzu Bracelet","Smiling Mask","Odd Mushroom","Snecko Eye","MutagenicStrength","Self Forming Clay"],"acts_visited":["Exordium","TheCity"],"potions_floor_usage":[33,33],"damage_taken":[{"damage":0,"enemies":"Cultist","floor":1,"turns":1},{"damage":0,"enemies":"Lagavulin","floor":6,"turns":1},{"damage":0,"enemies":"3 Sentries","floor":8,"turns":1},{"damage":12,"enemies":"Jaw Worm","floor":12,"turns":2},{"damage":16,"enemies":"The Mushroom Lair","floor":14,"turns":5},{"damage":44,"enemies":"Hexaghost","floor":16,"turns":6},{"damage":6,"enemies":"Chosen","floor":18,"turns":4},{"damage":7,"enemies":"Shell Parasite","floor":24,"turns":4},{"damage":23,"enemies":"3 Cultists","floor":30,"turns":5},{"damage":24,"enemies":"Snake Plant","floor":31,"turns":2},{"damage":88,"enemies":"Automaton","floor":33,"turns":12}],"seed_played":"-3637788604786518835","potions_obtained":[{"floor":8,"key":"LiquidMemories"},{"floor":12,"key":"LiquidBronze"}],"is_trial":false,"path_per_floor":["M","T","$","?","?","E","T","E","T","?","R","M","R","?","R","B",null,"M","?","?","$","?","R","M","R","T","R","?","?","M","M","R","B"],"character_chosen":"IRONCLAD","items_purchased":["Pommel Strike","Armaments+1","Master of Strategy+1","True Grit+1"],"campfire_rested":1,"item_purchase_floors":[3,21,21,21],"current_hp_per_floor":[74,74,74,67,60,66,66,72,72,72,72,66,66,56,56,49,69,69,75,60,60,60,60,59,59,59,59,59,59,54,48,73,0,0],"gold":217,"neow_bonus":"THREE_ENEMY_KILL","is_daily":false,"chose_seed":false,"campfire_upgraded":6,"win_rate":0.0,"timestamp":1612937840,"path_taken":["M","?","$","?","?","E","?","E","T","?","R","M","R","?","R","BOSS","M","?","?","$","?","R","M","R","T","R","?","?","M","M","R","BOSS"],"items_purchased_type":["Card","Card","Card","Card"],"build_version":"2020-12-22","purchased_purges":2,"victory":false,"max_hp_per_floor":[75,75,75,75,75,75,75,75,75,75,75,75,75,75,75,75,75,75,81,86,86,86,86,86,86,86,86,86,86,86,86,86,86,86],"card_choices":[{"not_picked":["Headbutt","Clothesline"],"picked":"Pommel Strike","floor":1},{"not_picked":["Heavy Blade","Fiend Fire"],"picked":"Flex","floor":6},{"not_picked":["Seeing Red+1","Headbutt"],"picked":"Spot Weakness+1","floor":8},{"not_picked":["Twin Strike","Reckless Charge"],"picked":"Metallicize","floor":12},{"not_picked":["Heavy Blade","Clash"],"picked":"Clothesline","floor":14},{"not_picked":["Fiend Fire","Juggernaut"],"picked":"Offering+1","floor":16},{"not_picked":["Feel No Pain+1","Evolve"],"picked":"Uppercut","floor":18},{"not_picked":["Thunderclap","Wild Strike"],"picked":"Heavy Blade","floor":24},{"not_picked":["Iron Wave","Warcry+1","Evolve"],"picked":"SKIP","floor":30},{"not_picked":["Rampage","Thunderclap"],"picked":"Shrug It Off+1","floor":31}],"player_experience":1533053,"relics_obtained":[{"floor":2,"key":"Darkstone Periapt"},{"floor":6,"key":"Pantograph"},{"floor":7,"key":"Toxic Egg 2"},{"floor":8,"key":"Juzu Bracelet"},{"floor":9,"key":"Smiling Mask"},{"floor":14,"key":"Odd Mushroom"},{"floor":26,"key":"Self Forming Clay"}],"event_choices":[{"damage_healed":0,"gold_gain":0,"player_choice":"Success","damage_taken":7,"relics_obtained":["Meat on the Bone"],"max_hp_gain":0,"max_hp_loss":0,"event_name":"Scrap Ooze","floor":4,"gold_loss":0},{"cards_removed":["Strike_R"],"damage_healed":0,"gold_gain":0,"player_choice":"Card Removal","damage_taken":7,"max_hp_gain":0,"max_hp_loss":0,"event_name":"Golden Wing","floor":5,"gold_loss":0},{"cards_removed":["Strike_R"],"damage_healed":0,"gold_gain":0,"player_choice":"Purged","damage_taken":0,"max_hp_gain":0,"max_hp_loss":0,"event_name":"Purifier","floor":10,"gold_loss":0},{"damage_healed":0,"gold_gain":0,"player_choice":"Fought Mushrooms","damage_taken":0,"max_hp_gain":0,"max_hp_loss":0,"event_name":"Mushrooms","floor":14,"gold_loss":0},{"damage_healed":0,"gold_gain":275,"player_choice":"Desecrate","damage_taken":0,"max_hp_gain":0,"max_hp_loss":0,"event_name":"Golden Shrine","floor":19,"gold_loss":0,"cards_obtained":["Regret"]},{"damage_healed":0,"gold_gain":0,"player_choice":"Shed Blood","damage_taken":20,"max_hp_gain":5,"max_hp_loss":0,"event_name":"Forgotten Altar","floor":20,"gold_loss":0},{"damage_healed":0,"gold_gain":0,"player_choice":"Inject Mutagens","damage_taken":0,"relics_obtained":["MutagenicStrength"],"max_hp_gain":0,"max_hp_loss":0,"event_name":"Drug Dealer","floor":22,"gold_loss":0},{"damage_healed":0,"gold_gain":0,"player_choice":"Ignored","damage_taken":0,"max_hp_gain":0,"max_hp_loss":0,"event_name":"Ghosts","floor":28,"gold_loss":0},{"cards_removed":["Strike_R"],"damage_healed":0,"gold_gain":0,"player_choice":"Elegance","damage_taken":0,"max_hp_gain":0,"max_hp_loss":0,"event_name":"Back to Basics","floor":29,"gold_loss":0}],"is_beta":false,"boss_relics":[{"not_picked":["Busted Crown","Astrolabe"],"picked":"Snecko Eye"}],"items_purged_floors":[3,21],"is_endless":false,"potions_floor_spawned":[8,12,14,16,18,31],"killed_by":"Automaton","ascension_level":14}}