{"host":"0luxfixkkfk9wck3","time":1612921761,"event":{"mods":["BaseMod","DeckTracker","Downfall","Highlight Path","Minty Spire (QoL Compilation)","StSLib"],"gold_per_floor":[99,99,14,14,28,28,53,72,72,88,122,32,32,32,46,148,148,148,162,182,182,192,192,242,253,44,44,29,41,127,127,137,137,137,137],"floor_reached":33,"language":"ENG","playtime":99321,"items_purged":["Regret","hexamod:Strike","hexamod:Strike"],"score":331,"play_id":"df91e05f-c19c-46cd-b2d7-fab9b4582709","local_time":"20210209194921","is_ascension_mode":true,"campfire_choices":[{"data":"hexamod:GhostOfSpirePresent","floor":1,"key":"SMITH"},{"data":"hexamod:HeatCrush","floor":6,"key":"SMITH"},{"data":"hexamod:ThermalTransfer","floor":9,"key":"SMITH"},{"floor":13,"key":"REST"},{"data":"hexamod:ForkedFlame","floor":18,"key":"SMITH"},{"data":"hexamod:GhostflameBarrier","floor":23,"key":"SMITH"},{"floor":27,"key":"REST"}],"circlet_count":0,"master_deck":["hexamod:Strike","hexamod:Strike","hexamod:Defend+1","hexamod:Defend","hexamod:Defend+1","hexamod:Defend+1","hexamod:Sear","hexamod:Float","hexamod:GhostOfSpirePresent+1","hexamod:HeatCrush+1","hexamod:ApocalypseNow","hexamod:ThermalTransfer+1","hexamod:BacktrackSmack","hexamod:NightmareGuise","hexamod:GhostflameInferno","hexamod:Hexaguard","hexamod:ForkedFlame+1","hexamod:GhostflameBarrier+1","hexamod:ThermalTransfer","hexamod:ExtraCrispy+1","hexamod:RadiantFlame+1","hexamod:SearingWound","Good Instincts"],"relics":["hexamod:SpiritBrand","bronze:BronzeIdol","Potion Belt","Juzu Bracelet","hexamod:IceCube","hexamod:BolsterEngine","MealTicket"],"acts_visited":["Exordium","TheCity"],"potions_floor_usage":[32,33,33,33],"damage_taken":[{"damage":0,"enemies":"downfall:FleeingMerchant","floor":3,"turns":4},{"damage":0,"enemies":"Jaw Worm","floor":5,"turns":3},{"damage":1,"enemies":"Small Slimes","floor":8,"turns":3},{"damage":4,"enemies":"2 Louse","floor":10,"turns":3},{"damage":16,"enemies":"Lagavulin","floor":11,"turns":6},{"damage":12,"enemies":"downfall:FleeingMerchant","floor":12,"turns":4},{"damage":5,"enemies":"Exordium Thugs","floor":15,"turns":4},{"damage":7,"enemies":"SI_SHIV_ARCHETYPE","floor":16,"turns":11},{"damage":7,"enemies":"Shell Parasite","floor":19,"turns":4},{"damage":13,"enemies":"3 Byrds","floor":20,"turns":4},{"damage":0,"enemies":"Snecko","floor":22,"turns":4},{"damage":4,"enemies":"3 Cultists","floor":25,"turns":5},{"damage":0,"enemies":"downfall:FleeingMerchant","floor":26,"turns":4},{"damage":0,"enemies":"downfall:FleeingMerchant","floor":28,"turns":4},{"damage":0,"enemies":"Chosen and Byrds","floor":29,"turns":4},{"damage":25,"enemies":"downfall:FleeingMerchant","floor":30,"turns":3},{"damage":9,"enemies":"Shelled Parasite and Fungi","floor":32,"turns":6},{"damage":25,"enemies":"DF_ARCHETYPE_CLAW","floor":33,"turns":5}],"seed_played":"-4523615424202847286","potions_obtained":[{"floor":10,"key":"Strength Potion"},{"floor":11,"key":"SpeedPotion"},{"floor":15,"key":"champ:CounterPotion"},{"floor":16,"key":"sneckomod:MuddlingPotion"},{"floor":20,"key":"sneckomod:MuddlingPotion"},{"floor":29,"key":"Strength Potion"}],"is_trial":false,"path_per_floor":["R","?","$","?","M","R","T","M","R","M","E","$","R","?","M","B",null,"R","M","M","?","M","R","T","M","$","R","$","M","$","?","M","B"],"character_chosen":"THE_SPIRIT","items_purchased":["hexamod:ApocalypseNow","Good Instincts","MealTicket"],"campfire_rested":2,"item_purchase_floors":[3,26,30],"current_hp_per_floor":[63,63,63,63,63,63,63,62,62,58,42,30,51,51,46,39,62,62,55,42,42,42,42,42,38,38,59,59,59,34,34,25,0,0,0],"gold":137,"neow_bonus":"ONE_RANDOM_RARE_CARD","is_daily":false,"chose_seed":false,"campfire_upgraded":5,"win_rate":0.0,"timestamp":1612921761,"path_taken":["R","?","$","?","M","R","T","M","R","M","E","$","R","?","M","BOSS","R","M","M","?","M","R","T","M","$","R","?","M","$","?","M","BOSS"],"items_purchased_type":["Card","Card","Relic"],"build_version":"2020-12-22","purchased_purges":3,"victory":false,"max_hp_per_floor":[70,70,70,70,70,70,70,70,70,70,70,70,70,70,70,70,70,70,70,70,70,70,70,70,70,70,70,70,70,70,70,70,70,70,70],"card_choices":[{"not_picked":["hexamod:ShieldOfDarkness","hexamod:ExtraCrispy"],"picked":"hexamod:HeatCrush","floor":3},{"not_picked":["hexamod:ExtraCrispy","hexamod:RadiantFlame"],"picked":"hexamod:ThermalTransfer","floor":5},{"not_picked":["hexamod:ShieldOfDarkness","hexamod:SwordOfDarkness"],"picked":"hexamod:BacktrackSmack","floor":8},{"not_picked":["hexamod:BacktrackSmack","hexamod:InspiringFlames"],"picked":"hexamod:NightmareGuise","floor":10},{"not_picked":["hexamod:HeatMetal","hexamod:HeatCrush"],"picked":"hexamod:GhostflameInferno","floor":11},{"not_picked":["hexamod:SuperheatedStrike","hexamod:ChargedBarrage","hexamod:CatchUp"],"picked":"SKIP","floor":12},{"not_picked":["hexamod:InspiringFlames","hexamod:NightmareStrike"],"picked":"hexamod:Hexaguard","floor":15},{"not_picked":["hexamod:TurnItUp","hexamod:ApocalypseNow"],"picked":"hexamod:ForkedFlame","floor":16},{"not_picked":["hexamod:RadiantFlame","hexamod:AdvancingGuard"],"picked":"hexamod:GhostflameBarrier","floor":19},{"not_picked":["hexamod:HeatMetal","hexamod:NightmareGuise"],"picked":"hexamod:ThermalTransfer","floor":20},{"not_picked":["hexamod:SpectersWail","hexamod:FourthSeal"],"picked":"hexamod:ExtraCrispy+1","floor":22},{"not_picked":["hexamod:PowerFromBeyond","hexamod:CatchUp"],"picked":"hexamod:RadiantFlame+1","floor":25},{"not_picked":["hexamod:HeatMetal","hexamod:HauntingEcho"],"picked":"hexamod:SearingWound","floor":26},{"not_picked":["hexamod:Firestarter+1","hexamod:BurningTouch+1","hexamod:SwordOfDarkness"],"picked":"SKIP","floor":28},{"not_picked":["hexamod:SwordOfDarkness","hexamod:Firestarter","hexamod:GhostShield"],"picked":"SKIP","floor":29},{"not_picked":["hexamod:FastForward","hexamod:BacktrackSmack","hexamod:RadiantFlame"],"picked":"SKIP","floor":30},{"not_picked":["hexamod:FastForward+1","hexamod:GhostLash","hexamod:TimeWarp"],"picked":"SKIP","floor":32}],"player_experience":11642433,"relics_obtained":[{"floor":7,"key":"Potion Belt"},{"floor":11,"key":"Juzu Bracelet"},{"floor":24,"key":"hexamod:BolsterEngine"}],"event_choices":[{"damage_healed":0,"gold_gain":0,"player_choice":"Box","damage_taken":0,"relics_obtained":["bronze:BronzeIdol"],"max_hp_gain":0,"max_hp_loss":0,"event_name":"Big Fish","floor":4,"gold_loss":0,"cards_obtained":["Regret"]},{"cards_removed":["downfall:Malfunctioning"],"damage_healed":0,"gold_gain":0,"player_choice":"Card Removal","damage_taken":0,"max_hp_gain":0,"max_hp_loss":0,"event_name":"The Cleric","floor":14,"gold_loss":0},{"damage_healed":0,"gold_gain":0,"player_choice":"Ignored","damage_taken":0,"max_hp_gain":0,"max_hp_loss":0,"event_name":"Vampires","floor":31,"gold_loss":0}],"is_beta":false,"boss_relics":[{"not_picked":["Black Star","Cursed Key"],"picked":"hexamod:IceCube"}],"items_purged_floors":[12,26,30],"is_endless":false,"potions_floor_spawned":[10,11,15,16,20,29],"killed_by":"DF_ARCHETYPE_CLAW","ascension_level":7}}