{"host":"abo8h6rpy4i6n2au","time":1612951240,"event":{"mods":["AchievementEnabler","Act Like it!","Aspiration","BaseMod","Better Altar","Better Match","Better Note","Better Sensory Stone","Better Skull","Better Third Choice","BetterRewards","Colored Map","Colored Powertips","Conspire","DeckTracker","Energized Spire","Gensokyo","GungeonMod","Hallownest","Hermit","Highlight Path","HololiveMod","Hubris","Jedi Mod","Jorbs\u0027s Wanderer Trilogy","Marisa????????","Minty Spire (QoL Compilation)","Remilia??????","Shop Mod","StSLib","The Bug Knight","The Cursed","The Hierophant","The Jungle","The Kombatant","The Necromancer","The Runesmith","The Senshi","The Servant 0.9.4","Yuri Mod"],"gold_per_floor":[119,137,151,182,182,182,209,66,116,35,35,67,84,103,103,203,203,222,222,235,235,283,283,302,145,169,189,207,217,217,217,217],"floor_reached":31,"language":"ENG","playtime":1411,"items_purged":[],"score":247,"play_id":"584dda65-764b-49bd-a7f6-594c8c7267d8","local_time":"20210210110040","is_ascension_mode":false,"campfire_choices":[{"data":"Outmaneuver","floor":6,"key":"SMITH"},{"floor":11,"key":"REST"},{"data":"Infinite Blades","floor":15,"key":"SMITH"},{"data":"A Thousand Cuts","floor":23,"key":"SMITH"}],"circlet_count":0,"master_deck":["Strike_G","Strike_G","Strike_G","Strike_G","Strike_G","Defend_G","Defend_G+1","Defend_G+1","Defend_G","Defend_G","Survivor","Neutralize+1","Backstab+1","Outmaneuver+1","All Out Attack","Poisoned Stab","jedi:poisonivy","Infinite Blades+1","Envenom","Flying Knee","Riddle With Holes","A Thousand Cuts+1","Bane","Concentrate+1","Flying Knee","Outmaneuver","jedi:pocketpoison","jedi:unstablefumes"],"relics":["Ring of the Snake","NeowsBlessing","hubris:SphereOfDissonance","DemoMod:PoisonVial","Sling","War Paint","jedi:cryingmask","aspiration:FutureDiary","DemoMod:LamentConfigurum","Centennial Puzzle","Whetstone","Bronze Scales"],"acts_visited":["Gensokyo:Gensokyo","TheCity"],"potions_floor_usage":[16,27,28],"damage_taken":[{"damage":0,"enemies":"Gensokyo:2_Kodama","floor":1,"turns":1},{"damage":0,"enemies":"Gensokyo:Python","floor":2,"turns":1},{"damage":0,"enemies":"Gensokyo:3_Fairies","floor":3,"turns":1},{"damage":17,"enemies":"conspire:MimicChest","floor":4,"turns":9},{"damage":4,"enemies":"Gensokyo:Aya","floor":7,"turns":6},{"damage":7,"enemies":"Gensokyo:Cirno","floor":12,"turns":6},{"damage":3,"enemies":"Gensokyo:3_Kodama","floor":13,"turns":5},{"damage":0,"enemies":"Gensokyo:5_Fairies","floor":14,"turns":4},{"damage":50,"enemies":"Gensokyo:Reimu","floor":16,"turns":6},{"damage":4,"enemies":"Chosen","floor":18,"turns":4},{"damage":30,"enemies":"2 Thieves","floor":20,"turns":4},{"damage":32,"enemies":"Snake Plant","floor":24,"turns":5},{"damage":1,"enemies":"Cultist and Chosen","floor":27,"turns":4},{"damage":5,"enemies":"Shelled Parasite and Fungi","floor":28,"turns":3},{"damage":16,"enemies":"Centurion and Healer","floor":29,"turns":5},{"damage":5,"enemies":"Cultist and Chosen","floor":31,"turns":3}],"seed_played":"-3097678276287501525","potions_obtained":[{"floor":3,"key":"Regen Potion"},{"floor":4,"key":"ColorlessPotion"},{"floor":7,"key":"ColorlessPotion"},{"floor":12,"key":"jedi:tentaclejuice"},{"floor":14,"key":"BlessingOfTheForge"},{"floor":20,"key":"Energy Potion"},{"floor":27,"key":"Energy Potion"},{"floor":29,"key":"AttackPotion"}],"is_trial":false,"path_per_floor":["M","M","M","?","?","R","E","COS","T","$","R","E","M","M","R","B",null,"M","?","M","?","T","R","M","$","T","M","M","M","$","M"],"character_chosen":"THE_SILENT","items_purchased":["Infinite Blades","Whetstone"],"campfire_rested":1,"item_purchase_floors":[10,25],"current_hp_per_floor":[70,70,70,53,53,53,49,49,49,49,70,63,60,60,60,15,70,66,66,36,59,59,59,27,27,27,26,21,5,5,0,0],"gold":217,"neow_bonus":"THREE_ENEMY_KILL","is_daily":false,"chose_seed":false,"campfire_upgraded":3,"win_rate":0.0,"timestamp":1612951240,"path_taken":["M","?","M","?","?","R","E","COS","T","?","R","E","M","?","R","BOSS","M","?","?","?","?","R","M","?","T","M","?","M","?","M"],"items_purchased_type":["Card","Relic"],"build_version":"2020-12-22","purchased_purges":0,"victory":false,"max_hp_per_floor":[70,70,70,70,70,70,70,70,70,70,70,70,70,70,70,70,70,70,70,70,70,70,70,70,70,70,70,70,70,70,70,70],"card_choices":[{"not_picked":["Prepared","Quick Slash"],"picked":"Backstab","floor":1},{"not_picked":["hubris:Counter","Underhanded Strike"],"picked":"Outmaneuver","floor":2},{"not_picked":["Bane","Backflip"],"picked":"All Out Attack","floor":3},{"not_picked":["Dodge and Roll","hubris:Counter"],"picked":"Poisoned Stab","floor":4},{"not_picked":["jedi:studyshivs","hubris:Counter"],"picked":"jedi:poisonivy","floor":7},{"not_picked":["Quick Slash","Concentrate"],"picked":"Envenom","floor":12},{"not_picked":["Underhanded Strike","Sucker Punch"],"picked":"Flying Knee","floor":13},{"not_picked":["Dash","Backflip"],"picked":"Riddle With Holes","floor":14},{"not_picked":["Grand Finale","Unload"],"picked":"A Thousand Cuts","floor":16},{"not_picked":["Distraction","Prepared"],"picked":"Bane","floor":18},{"not_picked":["Well Laid Plans","hubris:Counter"],"picked":"Concentrate+1","floor":20},{"not_picked":["Endless Agony","Quick Slash"],"picked":"Flying Knee","floor":24},{"not_picked":["Deflect","Dagger Throw"],"picked":"Outmaneuver","floor":27},{"not_picked":["Dodge and Roll+1","Deflect"],"picked":"jedi:pocketpoison","floor":28},{"not_picked":["Acrobatics","Backflip"],"picked":"jedi:unstablefumes","floor":29}],"player_experience":130803,"relics_obtained":[{"floor":4,"key":"hubris:SphereOfDissonance"},{"floor":7,"key":"DemoMod:PoisonVial"},{"floor":9,"key":"War Paint"},{"floor":12,"key":"jedi:cryingmask"},{"floor":19,"key":"DemoMod:LamentConfigurum"},{"floor":22,"key":"Centennial Puzzle"},{"floor":26,"key":"Bronze Scales"}],"event_choices":[{"damage_healed":0,"gold_gain":0,"player_choice":"Leave","damage_taken":0,"max_hp_gain":0,"max_hp_loss":0,"event_name":"conspire:Investor","floor":5,"gold_loss":0},{"damage_healed":0,"gold_gain":0,"player_choice":"Relic","damage_taken":0,"max_hp_gain":0,"max_hp_loss":0,"event_name":"Wheel of Change","floor":19,"gold_loss":0},{"damage_healed":23,"gold_gain":0,"player_choice":"Heal","damage_taken":0,"max_hp_gain":0,"max_hp_loss":0,"event_name":"The Library","floor":21,"gold_loss":0}],"is_beta":false,"boss_relics":[{"not_picked":["Busted Crown","aspiration:ServantSkillbook"],"picked":"aspiration:FutureDiary"}],"items_purged_floors":[],"is_endless":false,"potions_floor_spawned":[3,4,7,12,14,20,27,29],"killed_by":"Cultist and Chosen","ascension_level":0}}