{"host":"hk6dyp3pgs92n0l4","time":1612978541,"event":{"mods":["AchievementEnabler","BaseMod","Colored Powertips","GifTheSpireLib","Infinite Spire","Minty Spire (QoL Compilation)","Random Character Mod","StSLib","The Bug Knight","The Construct","The Cursed","The Disciple","The Hierophant","The Runesmith"],"gold_per_floor":[109,128,128,145,162,188,188,214,214,214,228,298,319,340,340,443,493,511,282,332,347,365,365,120,137,184,228,310,310,36,52,52,153,153,167,190,260,260],"floor_reached":37,"language":"ENG","playtime":2890,"items_purged":["Runesmith:Strike_RS","Runesmith:Defend_RS","Runesmith:Strike_RS"],"score":430,"play_id":"6639aebe-a462-4a4f-8c53-52368b317fd9","local_time":"20210210093541","is_ascension_mode":false,"campfire_choices":[{"data":"Runesmith:CraftPrismatica","floor":7,"key":"SMITH"},{"floor":10,"key":"REST"},{"floor":15,"key":"REST"},{"data":"Runesmith:Firestorm","floor":23,"key":"SMITH"},{"data":"Runesmith:LithiumIon","floor":29,"key":"SMITH"},{"data":"Runesmith:Firewall","floor":32,"key":"SMITH"}],"circlet_count":0,"master_deck":["Runesmith:Strike_RS","Runesmith:Strike_RS","Runesmith:Defend_RS","Runesmith:Defend_RS+1","Runesmith:Defend_RS","Runesmith:CraftFirestone","Runesmith:Fortify+1","Runesmith:EnergizedChisel","Runesmith:Firestorm+1","Runesmith:CraftPrismatica+1","Runesmith:EnergizedChisel","Runesmith:CraftMagma","Runesmith:CraftProtectio","Runesmith:BackupBattery","Runesmith:FrozenChisel","Runesmith:GenerateForcefield","Runesmith:RuneHurl","Runesmith:CraftReservo+1","Runesmith:LithiumIon+1","Runesmith:CraftVitae+1","Runesmith:CraftIncendium+1","Runesmith:Firewall+1","Runesmith:CraftMagma","Runesmith:ReplicatingBarrier","Runesmith:RuneHurl+1","Runesmith:HeatExchange"],"relics":["Runesmith:BrokenRuby","SsserpentHead","Thread and Needle","Mercury Hourglass","infinitespire:Midas Blood","Tiny House","Bag of Preparation","Runesmith:AutoHammer","Vajra","Potion Belt","Red Mask","War Paint","Black Star"],"acts_visited":["Exordium","TheCity","TheBeyond"],"potions_floor_usage":[16,16,25,25,37],"damage_taken":[{"damage":0,"enemies":"2 Louse","floor":1,"turns":3},{"damage":4,"enemies":"infinitespire:Voidling","floor":2,"turns":4},{"damage":0,"enemies":"Cultist","floor":4,"turns":4},{"damage":29,"enemies":"Exordium Thugs","floor":5,"turns":6},{"damage":26,"enemies":"Gremlin Nob","floor":6,"turns":5},{"damage":10,"enemies":"Lagavulin","floor":8,"turns":8},{"damage":0,"enemies":"Looter","floor":11,"turns":4},{"damage":1,"enemies":"2 Fungi Beasts","floor":12,"turns":4},{"damage":10,"enemies":"Large Slime","floor":13,"turns":6},{"damage":2,"enemies":"2 Fungi Beasts","floor":14,"turns":4},{"damage":17,"enemies":"The Guardian","floor":16,"turns":12},{"damage":14,"enemies":"Spheric Guardian","floor":18,"turns":6},{"damage":0,"enemies":"Shell Parasite","floor":21,"turns":7},{"damage":13,"enemies":"Snecko","floor":22,"turns":7},{"damage":0,"enemies":"Centurion and Healer","floor":25,"turns":8},{"damage":21,"enemies":"Gremlin Leader","floor":27,"turns":10},{"damage":21,"enemies":"Masked Bandits","floor":28,"turns":4},{"damage":0,"enemies":"Shelled Parasite and Fungi","floor":31,"turns":7},{"damage":10,"enemies":"Automaton","floor":33,"turns":10},{"damage":3,"enemies":"3 Shapes","floor":35,"turns":6},{"damage":12,"enemies":"Orb Walker","floor":36,"turns":4},{"damage":33,"enemies":"infinitespire:Three Voidlings","floor":37,"turns":4},{"damage":35,"enemies":"Nightmare_Alpha","floor":37,"turns":9}],"seed_played":"-6123837204334836557","potions_obtained":[{"floor":1,"key":"construct:ShiftPotion"},{"floor":5,"key":"BlessingOfTheForge"},{"floor":11,"key":"Strength Potion"},{"floor":16,"key":"EssenceOfSteel"},{"floor":17,"key":"Regen Potion"},{"floor":35,"key":"Swift Potion"}],"is_trial":true,"path_per_floor":["M","M","?","M","M","E","R","E","T","R","M","M","M","M","R","B",null,"M","$","?","M","M","R","$","M","T","E","?","R","$","M","R","B",null,"M","M","?"],"character_chosen":"RUNESMITH_CLASS","items_purchased":["Bag of Preparation","Runesmith:LithiumIon","Runesmith:AutoHammer","War Paint"],"campfire_rested":2,"item_purchase_floors":[19,24,24,30],"current_hp_per_floor":[70,70,70,70,41,15,15,5,5,26,26,25,15,13,34,17,75,61,61,61,61,48,48,48,63,63,42,21,21,21,21,21,11,75,72,60,0,0],"gold":260,"neow_bonus":"","is_daily":false,"chose_seed":false,"campfire_upgraded":4,"win_rate":0.0,"timestamp":1612978541,"path_taken":["M","M","?","M","M","E","R","E","T","R","M","?","M","M","R","BOSS","M","$","?","M","M","R","?","M","T","E","?","R","$","M","R","BOSS","M","M","?"],"items_purchased_type":["Relic","Card","Relic","Relic"],"build_version":"2020-12-22","purchased_purges":3,"victory":false,"max_hp_per_floor":[70,70,70,70,70,70,70,70,70,70,70,70,70,70,70,70,75,75,75,75,75,75,75,75,75,75,75,75,75,75,75,75,75,75,75,75,75,75],"card_choices":[{"not_picked":["Runesmith:Attraction","Runesmith:HammerThrow"],"picked":"Runesmith:EnergizedChisel","floor":1},{"not_picked":["Runesmith:CraftProtectio","Runesmith:NanitesCloud"],"picked":"Runesmith:Firestorm","floor":2},{"not_picked":["Runesmith:PoweredAnvil","Runesmith:ShiftingStrike"],"picked":"Runesmith:CraftPrismatica","floor":4},{"not_picked":["Runesmith:OneForEveryone","Runesmith:Accelerate"],"picked":"Runesmith:EnergizedChisel","floor":5},{"not_picked":["Runesmith:HammerAndChisel","Runesmith:DoubleUp","Runesmith:PoweredAnvil"],"picked":"SKIP","floor":6},{"not_picked":["Runesmith:Retool","Runesmith:Repurpose"],"picked":"Runesmith:CraftMagma","floor":8},{"not_picked":["Runesmith:EnergizedChisel","Runesmith:Accelerate"],"picked":"Runesmith:CraftProtectio","floor":11},{"not_picked":["Runesmith:HammerTime","Runesmith:Grindstone","Runesmith:Permafrost"],"picked":"SKIP","floor":12},{"not_picked":["Runesmith:HeatedChisel","Runesmith:ArcReactor"],"picked":"Runesmith:BackupBattery","floor":13},{"not_picked":["Runesmith:EarthShield","Runesmith:CraftProtectio"],"picked":"Runesmith:FrozenChisel","floor":14},{"not_picked":["Runesmith:ArcReactor","Runesmith:Duplicate"],"picked":"Runesmith:GenerateForcefield","floor":16},{"not_picked":["Runesmith:Grindstone","Runesmith:CraftMagma"],"picked":"Runesmith:RuneHurl","floor":17},{"not_picked":["Runesmith:Reinforce","Runesmith:HammerThrow+1"],"picked":"Runesmith:CraftReservo+1","floor":18},{"not_picked":["Runesmith:Firestorm","Runesmith:HammerThrow","Runesmith:Reinforce"],"picked":"SKIP","floor":21},{"not_picked":["Runesmith:PerfectChisel","Runesmith:EarthShield","Runesmith:Overpower+1"],"picked":"SKIP","floor":22},{"not_picked":["Runesmith:ShiftingStrike","Runesmith:CraftProtectio"],"picked":"Runesmith:CraftVitae+1","floor":25},{"not_picked":["Runesmith:Accelerate","Runesmith:Overpower"],"picked":"Runesmith:CraftIncendium","floor":27},{"not_picked":["Runesmith:MakeshiftArmor","Runesmith:CraftMagma"],"picked":"Runesmith:Firewall","floor":28},{"not_picked":["Runesmith:Malloc","Runesmith:ChiselStab"],"picked":"Runesmith:CraftMagma","floor":31},{"not_picked":["Runesmith:CraftPrismatica","Runesmith:GrandSlam"],"picked":"Runesmith:ReplicatingBarrier","floor":33},{"not_picked":["Runesmith:ChiselStab","Runesmith:EarthShield"],"picked":"Runesmith:RuneHurl+1","floor":35},{"not_picked":["Runesmith:StaticCage","Runesmith:CraftReservo+1"],"picked":"Runesmith:HeatExchange","floor":36}],"player_experience":130018,"relics_obtained":[{"floor":6,"key":"Thread and Needle"},{"floor":8,"key":"Mercury Hourglass"},{"floor":9,"key":"infinitespire:Midas Blood"},{"floor":26,"key":"Vajra"},{"floor":27,"key":"Potion Belt"},{"floor":28,"key":"Red Mask"}],"event_choices":[{"damage_healed":0,"gold_gain":0,"player_choice":"Trade","damage_taken":0,"relics_obtained":["SsserpentHead"],"max_hp_gain":0,"max_hp_loss":0,"event_name":"FaceTrader","floor":3,"gold_loss":0},{"damage_healed":0,"gold_gain":0,"player_choice":"Bought 0 Potions","damage_taken":0,"max_hp_gain":0,"max_hp_loss":0,"event_name":"The Woman in Blue","floor":20,"gold_loss":0},{"damage_healed":0,"gold_gain":0,"player_choice":"Fought Bandits","damage_taken":0,"max_hp_gain":0,"max_hp_loss":0,"event_name":"Masked Bandits","floor":28,"gold_loss":0}],"is_beta":false,"boss_relics":[{"not_picked":["Fusion Hammer","Coffee Dripper"],"picked":"Tiny House"},{"not_picked":["Pandora\u0027s Box","Busted Crown"],"picked":"Black Star"}],"items_purged_floors":[19,24,30],"is_endless":false,"potions_floor_spawned":[1,5,11,14,16,21,22,35,37],"killed_by":"Nightmare_Alpha","ascension_level":0}}