{"host":"6wux4armhsntp4yb","time":1612937684,"event":{"mods":["BaseMod","Colored Map","DeckTracker","Minty Spire (QoL Compilation)","Relic Stats"],"gold_per_floor":[113,113,123,48,59,94,94,119,169,169,186,186,196,230,230,304,304,320,337,357,146,146,179,179,104,172,203,203,231,231,181,181,253,253,273,320,320,320,337,369,153,178,201,201,201],"floor_reached":44,"language":"JPN","playtime":2592,"items_purged":["Strike_G","Strike_G","Strike_G","Defend_G"],"score":1230,"play_id":"cb40edf6-27f6-4efb-a01c-0dd4fed3ad15","local_time":"20210210151444","is_ascension_mode":true,"campfire_choices":[{"floor":7.0,"key":"REST"},{"floor":10.0,"key":"REST"},{"floor":12.0,"key":"REST"},{"floor":15.0,"key":"RECALL"},{"floor":24.0,"key":"REST"},{"floor":30.0,"key":"REST"},{"floor":32.0,"key":"REST"}],"circlet_count":0,"master_deck":["AscendersBane","Defend_G","Defend_G","Defend_G","Survivor","Eviscerate","Backflip","Bouncing Flask","Predator","Malaise","Deadly Poison","Noxious Fumes","Wraith Form v2","CurseOfTheBell","Concentrate+1","Acrobatics","Escape Plan","Crippling Poison","Calculated Gamble","Noxious Fumes","Ghostly","Ghostly","Ghostly","Predator+1","Bullet Time","Outmaneuver+1","PiercingWail","Backflip+1","Noxious Fumes","Acrobatics+1"],"relics":["Fusion Hammer","Letter Opener","Smiling Mask","Art of War","Mummified Hand","Calling Bell","Bronze Scales","Ninja Scroll","Prayer Wheel","Chemical X","Bag of Preparation","Question Card","Torii","Anchor","Runic Pyramid","Ice Cream","Ornamental Fan","Nunchaku","TungstenRod"],"acts_visited":["Exordium","TheCity","TheBeyond"],"potions_floor_usage":[42],"damage_taken":[{"damage":2.0,"enemies":"Jaw Worm","floor":1.0,"turns":5.0},{"damage":3.0,"enemies":"Cultist","floor":3.0,"turns":4.0},{"damage":0.0,"enemies":"2 Louse","floor":5.0,"turns":3.0},{"damage":22.0,"enemies":"Lagavulin","floor":6.0,"turns":5.0},{"damage":17.0,"enemies":"Gremlin Nob","floor":8.0,"turns":4.0},{"damage":4.0,"enemies":"2 Fungi Beasts","floor":11.0,"turns":4.0},{"damage":3.0,"enemies":"Exordium Wildlife","floor":13.0,"turns":4.0},{"damage":16.0,"enemies":"3 Sentries","floor":14.0,"turns":5.0},{"damage":18.0,"enemies":"The Guardian","floor":16.0,"turns":8.0},{"damage":0.0,"enemies":"Shell Parasite","floor":18.0,"turns":3.0},{"damage":0.0,"enemies":"Chosen","floor":19.0,"turns":3.0},{"damage":26.0,"enemies":"Centurion and Healer","floor":20.0,"turns":7.0},{"damage":0.0,"enemies":"Book of Stabbing","floor":23.0,"turns":5.0},{"damage":2.0,"enemies":"Slavers","floor":27.0,"turns":4.0},{"damage":3.0,"enemies":"Gremlin Leader","floor":29.0,"turns":7.0},{"damage":0.0,"enemies":"Automaton","floor":33.0,"turns":10.0},{"damage":4,"enemies":"3 Darklings","floor":35,"turns":4},{"damage":2,"enemies":"2 Orb Walkers","floor":36,"turns":4},{"damage":0,"enemies":"3 Shapes","floor":39,"turns":3},{"damage":2,"enemies":"Nemesis","floor":40,"turns":7},{"damage":1,"enemies":"Reptomancer","floor":42,"turns":6},{"damage":40,"enemies":"Nemesis","floor":44,"turns":6}],"seed_played":"4581785605606079096","potions_obtained":[{"floor":1.0,"key":"LiquidBronze"},{"floor":6.0,"key":"Block Potion"},{"floor":8.0,"key":"Fruit Juice"},{"floor":11.0,"key":"DuplicationPotion"},{"floor":14.0,"key":"EntropicBrew"},{"floor":19.0,"key":"SmokeBomb"},{"floor":27.0,"key":"Explosive Potion"},{"floor":35,"key":"Fire Potion"},{"floor":36,"key":"Energy Potion"}],"is_trial":false,"path_per_floor":["M","?","M","$","M","E","R","E","T","R","M","R","M","E","R","B",null,"M","M","M","$","?","E","R","?","T","E","$","E","R","$","R","B",null,"M","?","?","?","M","E","$","E","T","E"],"character_chosen":"THE_SILENT","items_purchased":["Chemical X","Nunchaku"],"campfire_rested":6,"item_purchase_floors":[21,41],"current_hp_per_floor":[57,57,54,54,54,32,51,34,34,53,54,71,68,52,52,34,62,62,62,36,36,35,35,35,35,35,33,33,30,35,35,35,35,35,31,29,29,29,29,27,27,26,26,0,0],"gold":201,"neow_bonus":"BOSS_RELIC","is_daily":false,"chose_seed":false,"campfire_upgraded":0,"win_rate":0.0,"timestamp":1612937684,"path_taken":["M","?","?","?","M","E","R","E","T","R","M","R","M","E","R","BOSS","M","M","?","$","?","E","R","?","T","E","?","E","R","$","R","BOSS","M","?","?","?","M","E","$","E","T","E"],"items_purchased_type":["Relic","Relic"],"build_version":"2020-12-22","purchased_purges":4,"victory":false,"max_hp_per_floor":[66,66,66,66,66,66,66,66,66,66,71,71,71,71,71,71,71,71,71,71,71,35,35,35,35,35,35,35,35,35,35,35,35,35,35,35,35,35,35,35,35,35,35,35,35],"relic_stats":{"Torii":2,"counters":[22,111],"Bag of Preparation":[18],"Letter Opener":[467],"Smiling Mask":225,"Question Card":10,"Nunchaku":[2],"Mummified Hand":[50],"Ornamental Fan":[8],"Bronze Scales":[165],"Prayer Wheel":5,"Art of War":[11],"Chemical X":[11],"obtain_stats":[{"Ice Cream":36,"Torii":27,"Bag of Preparation":23,"Letter Opener":6,"Smiling Mask":8,"Question Card":26,"Calling Bell":17,"Anchor":29,"Nunchaku":41,"Mummified Hand":14,"Ninja Scroll":17,"Ornamental Fan":40,"Bronze Scales":17,"Prayer Wheel":17,"Fusion Hammer":0,"Art of War":9,"Chemical X":21,"TungstenRod":42,"Ring of the Snake":0,"Runic Pyramid":34},{"Ice Cream":18,"Torii":14,"Bag of Preparation":13,"Letter Opener":4,"Smiling Mask":5,"Question Card":13,"Calling Bell":9,"Anchor":15,"Nunchaku":20,"Mummified Hand":8,"Ninja Scroll":9,"Ornamental Fan":20,"Bronze Scales":9,"Prayer Wheel":9,"Fusion Hammer":0,"Art of War":5,"Chemical X":12,"TungstenRod":21,"Ring of the Snake":0,"Runic Pyramid":16},{"Ice Cream":89,"Torii":64,"Bag of Preparation":60,"Letter Opener":17,"Smiling Mask":21,"Question Card":60,"Calling Bell":42,"Anchor":71,"Nunchaku":99,"Mummified Hand":34,"Ninja Scroll":42,"Ornamental Fan":99,"Bronze Scales":42,"Prayer Wheel":42,"Fusion Hammer":0,"Art of War":21,"Chemical X":55,"TungstenRod":105,"Ring of the Snake":0,"Runic Pyramid":81}],"TungstenRod":1},"card_choices":[{"not_picked":["Crippling Poison","Dagger Spray"],"picked":"Eviscerate","floor":1.0},{"not_picked":["Deadly Poison","Slice"],"picked":"Backflip","floor":3.0},{"not_picked":["Deflect","Distraction"],"picked":"Bouncing Flask","floor":5.0},{"not_picked":["Catalyst","Concentrate"],"picked":"Predator","floor":6.0},{"not_picked":["Backstab","Cloak And Dagger"],"picked":"Malaise","floor":8.0},{"not_picked":["Dagger Throw","Endless Agony"],"picked":"Deadly Poison","floor":11.0},{"not_picked":["Dagger Spray","Deadly Poison","Masterful Stab"],"picked":"SKIP","floor":13.0},{"not_picked":["Leg Sweep","Escape Plan"],"picked":"Noxious Fumes","floor":14.0},{"not_picked":["A Thousand Cuts","Malaise"],"picked":"Wraith Form v2","floor":16.0},{"not_picked":["Predator","Acrobatics"],"picked":"Concentrate+1","floor":18.0},{"not_picked":["Outmaneuver","Doppelganger"],"picked":"Acrobatics","floor":18.0},{"not_picked":["Heel Hook","Distraction+1"],"picked":"Escape Plan","floor":19.0},{"not_picked":["Underhanded Strike","Accuracy"],"picked":"Crippling Poison","floor":19.0},{"not_picked":["Slice","Acrobatics"],"picked":"Calculated Gamble","floor":20.0},{"not_picked":["Deflect","Reflex"],"picked":"Noxious Fumes","floor":20.0},{"not_picked":["Dagger Throw","Expertise","Sucker Punch"],"picked":"SKIP","floor":23.0},{"not_picked":["Blade Dance","Dagger Spray+1","Acrobatics","Flying Knee"],"picked":"SKIP","floor":27.0},{"not_picked":["Dodge and Roll","Dash","PiercingWail"],"picked":"Predator+1","floor":29.0},{"not_picked":["Venomology","Grand Finale","Die Die Die"],"picked":"Bullet Time","floor":33.0},{"not_picked":["Dash","Cloak And Dagger","Choke","Quick Slash+1"],"picked":"SKIP","floor":35},{"not_picked":["Acrobatics","Finisher+1","Quick Slash+1","Backflip"],"picked":"SKIP","floor":35},{"not_picked":["Flying Knee","Underhanded Strike","Slice"],"picked":"Outmaneuver+1","floor":36},{"not_picked":["Infinite Blades","Blade Dance+1","Glass Knife"],"picked":"PiercingWail","floor":39},{"not_picked":["Quick Slash","Dodge and Roll","Sucker Punch+1"],"picked":"Backflip+1","floor":39},{"not_picked":["Dagger Throw","Deflect","Blade Dance"],"picked":"Noxious Fumes","floor":40},{"not_picked":["Outmaneuver","Sucker Punch","Blur"],"picked":"Acrobatics+1","floor":42}],"player_experience":5873187,"relics_obtained":[{"floor":6.0,"key":"Letter Opener"},{"floor":8.0,"key":"Smiling Mask"},{"floor":9.0,"key":"Art of War"},{"floor":14.0,"key":"Mummified Hand"},{"floor":17.0,"key":"Bronze Scales"},{"floor":17.0,"key":"Ninja Scroll"},{"floor":17.0,"key":"Prayer Wheel"},{"floor":23.0,"key":"Bag of Preparation"},{"floor":26.0,"key":"Question Card"},{"floor":27.0,"key":"Torii"},{"floor":29.0,"key":"Anchor"},{"floor":36,"key":"Ice Cream"},{"floor":40,"key":"Ornamental Fan"},{"floor":42,"key":"TungstenRod"}],"event_choices":[{"cards_removed":["Strike_G"],"damage_healed":0.0,"max_hp_gain":0.0,"max_hp_loss":0.0,"gold_gain":0.0,"event_name":"Purifier","player_choice":"Purged","floor":2.0,"gold_loss":0.0,"damage_taken":0.0},{"damage_healed":0.0,"max_hp_gain":0.0,"max_hp_loss":36.0,"gold_gain":0.0,"event_name":"Ghosts","player_choice":"Became a Ghost","floor":22.0,"gold_loss":0.0,"damage_taken":0.0,"cards_obtained":["Ghostly","Ghostly","Ghostly"]},{"cards_removed":["Strike_G"],"damage_healed":0.0,"max_hp_gain":0.0,"max_hp_loss":0.0,"gold_gain":0.0,"event_name":"Beggar","player_choice":"Gave Gold","floor":25.0,"gold_loss":75.0,"damage_taken":0.0},{"damage_healed":0,"gold_gain":0,"player_choice":"Fight","damage_taken":0,"max_hp_gain":0,"max_hp_loss":0,"event_name":"Mysterious Sphere","floor":36,"gold_loss":0},{"cards_removed":["Neutralize"],"damage_healed":0,"gold_gain":0,"player_choice":"Removed Attack","damage_taken":0,"max_hp_gain":0,"max_hp_loss":0,"event_name":"Falling","floor":37,"gold_loss":0},{"cards_removed":["Defend_G"],"damage_healed":0,"gold_gain":0,"player_choice":"Purged","damage_taken":0,"max_hp_gain":0,"max_hp_loss":0,"event_name":"Purifier","floor":38,"gold_loss":0}],"is_beta":false,"boss_relics":[{"not_picked":["Runic Dome","Ectoplasm"],"picked":"Calling Bell"},{"not_picked":["Snecko Eye","Black Star"],"picked":"Runic Pyramid"}],"items_purged_floors":[4,21,31,41],"is_endless":false,"potions_floor_spawned":[1,6,8,11,14,19,27,35,36],"killed_by":"Nemesis","ascension_level":20}}