{"host":"imy0w7zcgpxryx7c","time":1612925247,"event":{"mods":["AchievementEnabler","BaseMod","Colored Map","Colored Powertips","Minty Spire (QoL Compilation)","Relic Sorter","StSLib"],"gold_per_floor":[114,133,18,118,18,44,54,84,154,166,183,183,193,224,224,328,328,346,358,233,233,233],"floor_reached":21,"language":"ENG","playtime":1776,"items_purged":["Strike_P","Strike_P","Strike_P"],"score":294,"play_id":"1344ad17-3193-4b40-b4a8-60fa86fd0643","local_time":"20210209214727","is_ascension_mode":true,"campfire_choices":[{"data":"MasterReality","floor":12,"key":"SMITH"},{"data":"BattleHymn","floor":15,"key":"SMITH"}],"circlet_count":0,"master_deck":["Strike_P","Defend_P","Defend_P","Defend_P","Defend_P","Eruption","Vigilance","Consecrate","Evaluate","BattleHymn+1","ThirdEye","Wallop","Wireheading","MasterReality+1","ThirdEye","Weave","Judgement","Consecrate+1"],"relics":["PureWater","NeowsBlessing","Pocketwatch","Bronze Scales","Yang","Ice Cream","Runic Pyramid"],"acts_visited":["Exordium","TheCity"],"potions_floor_usage":[14,19],"damage_taken":[{"damage":0,"enemies":"Jaw Worm","floor":1,"turns":1},{"damage":0,"enemies":"Cultist","floor":2,"turns":1},{"damage":0,"enemies":"Gremlin Nob","floor":6,"turns":2},{"damage":0,"enemies":"Small Slimes","floor":7,"turns":2},{"damage":7,"enemies":"3 Sentries","floor":8,"turns":6},{"damage":10,"enemies":"Exordium Thugs","floor":10,"turns":3},{"damage":7,"enemies":"2 Fungi Beasts","floor":11,"turns":3},{"damage":12,"enemies":"Large Slime","floor":13,"turns":4},{"damage":7,"enemies":"Gremlin Nob","floor":14,"turns":3},{"damage":6,"enemies":"Hexaghost","floor":16,"turns":8},{"damage":7,"enemies":"Shell Parasite","floor":18,"turns":3},{"damage":0,"enemies":"2 Thieves","floor":19,"turns":2},{"damage":0,"enemies":"Snecko","floor":21,"turns":3}],"seed_played":"6662992389872654447","potions_obtained":[{"floor":2,"key":"FearPotion"},{"floor":7,"key":"Ancient Potion"},{"floor":11,"key":"BlessingOfTheForge"},{"floor":16,"key":"EntropicBrew"},{"floor":19,"key":"PowerPotion"}],"is_trial":false,"path_per_floor":["M","M","$","?","$","E","M","E","T","M","M","R","M","E","R","B",null,"M","M","$","M"],"character_chosen":"WATCHER","items_purchased":["BattleHymn"],"campfire_rested":0,"item_purchase_floors":[3],"current_hp_per_floor":[65,65,65,65,65,65,65,58,58,48,41,41,29,22,22,16,58,51,51,51,51,51],"gold":233,"neow_bonus":"THREE_ENEMY_KILL","is_daily":false,"chose_seed":false,"campfire_upgraded":2,"win_rate":0.0,"timestamp":1612925247,"path_taken":["M","M","$","?","?","E","M","E","T","M","M","R","M","E","R","BOSS","M","M","$","M"],"items_purchased_type":["Card"],"build_version":"2020-12-22","purchased_purges":3,"victory":false,"max_hp_per_floor":[72,72,72,72,72,72,72,72,72,72,72,72,72,72,72,72,72,72,72,72,72,72],"card_choices":[{"not_picked":["Prostrate","EmptyBody"],"picked":"Consecrate","floor":1},{"not_picked":["EmptyBody","Collect"],"picked":"Evaluate","floor":2},{"not_picked":["CutThroughFate","FlurryOfBlows"],"picked":"ThirdEye","floor":6},{"not_picked":["SignatureMove","EmptyBody","Collect"],"picked":"SKIP","floor":7},{"not_picked":["EmptyMind","ForeignInfluence"],"picked":"Wallop","floor":8},{"not_picked":["Protect","WindmillStrike"],"picked":"Wireheading","floor":10},{"not_picked":["JustLucky","EmptyBody"],"picked":"MasterReality","floor":11},{"not_picked":["FlurryOfBlows","PathToVictory"],"picked":"ThirdEye","floor":13},{"not_picked":["Nirvana","EmptyMind"],"picked":"Weave","floor":14},{"not_picked":["ConjureBlade","Omniscience"],"picked":"Judgement","floor":16},{"not_picked":["BowlingBash","Collect"],"picked":"Consecrate+1","floor":18},{"not_picked":["WindmillStrike","ClearTheMind+1","BowlingBash"],"picked":"SKIP","floor":19}],"player_experience":388165,"relics_obtained":[{"floor":6,"key":"Pocketwatch"},{"floor":8,"key":"Bronze Scales"},{"floor":9,"key":"Yang"},{"floor":14,"key":"Ice Cream"}],"event_choices":[{"damage_healed":0,"gold_gain":100,"player_choice":"Pray","damage_taken":0,"max_hp_gain":0,"max_hp_loss":0,"event_name":"Golden Shrine","floor":4,"gold_loss":0}],"is_beta":false,"boss_relics":[{"not_picked":["Coffee Dripper","Ectoplasm"],"picked":"Runic Pyramid"}],"items_purged_floors":[3,5,20],"is_endless":false,"potions_floor_spawned":[2,7,11,16,19],"killed_by":"Snecko","ascension_level":6}}