{"host":"cvgfrai8nrtinf2y","time":1612971361,"event":{"mods":["A Magickal Journey","Act Like it!","BaseMod","Better Third Choice","Challenge The Spire","Colored Map","Downfall","Gensokyo","Googly Eyes","Hermit","Highlight Path","Hubris","Infinite Spire","Minty Spire (QoL Compilation)","Rare Cards Sparkle","Relic Sorter","Remilia??????","Spicy Shops","StSLib","The Disciple","The Hierophant","The Necromancer","The Runesmith"],"gold_per_floor":[119,99,116,116,431,431,443,48,48,63,83,83,83,83,83,83,83],"floor_reached":16,"language":"ENG","playtime":484,"items_purged":["hermit:Strike_Hermit"],"score":92,"play_id":"c4456d40-9eb4-4afd-a422-7c66b20a958b","local_time":"20210210163601","is_ascension_mode":false,"campfire_choices":[{"data":"Gensokyo:CrescentMoonSlash","floor":6,"key":"SMITH"},{"data":"hermit:FlashPowder","floor":12,"key":"SMITH"},{"floor":15,"key":"REST"}],"circlet_count":0,"master_deck":["hermit:Strike_Hermit","hermit:Strike_Hermit","hermit:Strike_Hermit","hermit:Defend_Hermit","hermit:Defend_Hermit","hermit:Defend_Hermit","hermit:Defend_Hermit","hermit:Snapshot","hermit:Covet","hermit:FinalCanter","hermit:SprayPray","hermit:Desperado","Gensokyo:CrescentMoonSlash+1","hermit:Ricochet","hermit:Snipe","hermit:TakeAim","hermit:Manifest","hermit:GoldenBullet","hermit:FlashPowder+1"],"relics":["hermit:Momento","hubris:Icosahedron","Membership Card","Gambling Chip","Bottled Tornado","Strawberry"],"acts_visited":["Exordium"],"potions_floor_usage":[16],"damage_taken":[{"damage":7,"enemies":"Gensokyo:Gryphon","floor":1,"turns":3},{"damage":21,"enemies":"Gensokyo:3_Fairies","floor":3,"turns":7},{"damage":6,"enemies":"Gensokyo:Python","floor":5,"turns":4},{"damage":14,"enemies":"Gensokyo:CorruptedTreant","floor":7,"turns":3},{"damage":2,"enemies":"Gensokyo:Gryphon_and_Rabbit","floor":10,"turns":4},{"damage":0,"enemies":"Gensokyo:3_Kodama","floor":11,"turns":1},{"damage":43,"enemies":"Gensokyo:Kokoro","floor":16,"turns":13}],"seed_played":"-586205778149732824","potions_obtained":[{"floor":3,"key":"EntropicBrew"},{"floor":10,"key":"sneckomod:MuddlingPotion"},{"floor":11,"key":"SkillPotion"}],"is_trial":false,"path_per_floor":["M","COS","M","?","M","R","M","$","T","M","M","R","?","?","R","B"],"character_chosen":"HERMIT","items_purchased":["Membership Card","hermit:TakeAim","hermit:Manifest","Gambling Chip"],"campfire_rested":1,"item_purchase_floors":[8,8,8,8],"current_hp_per_floor":[68,68,47,36,30,30,16,16,16,14,14,14,14,11,35,0,0],"gold":83,"neow_bonus":"ONE_RANDOM_RARE_CARD","is_daily":false,"chose_seed":false,"campfire_upgraded":2,"win_rate":0.0,"timestamp":1612971361,"path_taken":["M","COS","M","?","M","R","M","$","T","M","?","R","?","?","R","BOSS"],"items_purchased_type":["Relic","Card","Card","Relic"],"build_version":"2020-12-22","purchased_purges":1,"victory":false,"max_hp_per_floor":[75,75,75,75,75,75,75,75,75,75,75,75,75,82,82,82,82],"card_choices":[{"not_picked":["hermit:Snipe","hermit:Feint"],"picked":"hermit:SprayPray","floor":1},{"not_picked":["hermit:Glare","hermit:Reprieve"],"picked":"hermit:Desperado","floor":3},{"not_picked":["hermit:Snipe","hermit:GoldenBullet"],"picked":"hermit:Ricochet","floor":5},{"not_picked":["hermit:HoleUp","hermit:Horror"],"picked":"hermit:Snipe","floor":7},{"not_picked":["hermit:Virtue","hermit:Malice"],"picked":"hermit:GoldenBullet","floor":10},{"not_picked":["hermit:Maintenance","hermit:Misfire"],"picked":"hermit:FlashPowder","floor":11}],"player_experience":1252285,"relics_obtained":[{"floor":9,"key":"Bottled Tornado"}],"event_choices":[],"is_beta":false,"boss_relics":[],"items_purged_floors":[8],"is_endless":false,"potions_floor_spawned":[3,10,11],"killed_by":"Gensokyo:Kokoro","ascension_level":0}}