{"host":"6jrd8fn9k88n08be","time":1612923228,"event":{"mods":["BaseMod","Minty Spire (QoL Compilation)","StSLib"],"gold_per_floor":[119,89,36,51,64,97,97,126,126,126,201,74,85,35,35,35,35],"floor_reached":16,"language":"ENG","playtime":1336,"items_purged":["Strike_G"],"score":135,"play_id":"7802f874-5cbb-4574-b142-4bed1e21af04","local_time":"20210209211348","is_ascension_mode":true,"campfire_choices":[{"data":"Blade Dance","floor":10,"key":"SMITH"},{"floor":15,"key":"REST"}],"circlet_count":0,"master_deck":["Strike_G","Strike_G","Strike_G","Defend_G","Defend_G","Defend_G","Defend_G","Defend_G","Survivor","Neutralize","Finesse","Blade Dance+1","Deflect","Escape Plan","Blade Dance","Deflect","Blade Dance"],"relics":["Ring of the Snake","Akabeko","Bottled Lightning","Pen Nib"],"acts_visited":["Exordium"],"potions_floor_usage":[],"damage_taken":[{"damage":0.0,"enemies":"2 Louse","floor":1.0,"turns":3.0},{"damage":1.0,"enemies":"Cultist","floor":4.0,"turns":3.0},{"damage":0.0,"enemies":"Small Slimes","floor":5.0,"turns":2.0},{"damage":19.0,"enemies":"Lagavulin","floor":6.0,"turns":8.0},{"damage":12.0,"enemies":"3 Sentries","floor":8.0,"turns":13.0},{"damage":0,"enemies":"3 Louse","floor":13,"turns":2},{"damage":71,"enemies":"Hexaghost","floor":16,"turns":14}],"seed_played":"5152892775244530244","potions_obtained":[{"floor":1.0,"key":"FairyPotion"},{"floor":2.0,"key":"ColorlessPotion"},{"floor":2.0,"key":"SteroidPotion"},{"floor":6.0,"key":"SmokeBomb"}],"is_trial":false,"path_per_floor":["M","?","$","M","M","E","?","E","T","R","?","$","M","$","R","B"],"character_chosen":"THE_SILENT","items_purchased":["Blade Dance","Blade Dance","Blade Dance"],"campfire_rested":1,"item_purchase_floors":[3,12,14],"current_hp_per_floor":[70,70,70,69,69,50,43,31,31,31,20,20,20,20,41,0,0],"gold":35,"neow_bonus":"RANDOM_COLORLESS","is_daily":false,"chose_seed":false,"campfire_upgraded":1,"win_rate":0.0,"timestamp":1612923228,"path_taken":["M","?","$","M","?","E","?","E","T","R","?","$","M","?","R","BOSS"],"items_purchased_type":["Card","Card","Card"],"build_version":"2020-12-22","purchased_purges":1,"victory":false,"max_hp_per_floor":[70,70,70,70,70,70,70,70,70,70,70,70,70,70,70,70,70],"card_choices":[{"not_picked":["Panacea","Trip"],"picked":"Finesse","floor":0.0},{"not_picked":["Outmaneuver","Crippling Poison","Dodge and Roll"],"picked":"SKIP","floor":1.0},{"not_picked":["Reflex","Dagger Throw","Riddle With Holes"],"picked":"SKIP","floor":4.0},{"not_picked":["Quick Slash","Dash"],"picked":"Deflect","floor":5.0},{"not_picked":["Bouncing Flask","Flying Knee","Slice"],"picked":"SKIP","floor":6.0},{"not_picked":["Deadly Poison","Riddle With Holes"],"picked":"Escape Plan","floor":8},{"not_picked":["Calculated Gamble","Slice"],"picked":"Deflect","floor":13}],"player_experience":170627,"relics_obtained":[{"floor":6.0,"key":"Akabeko"},{"floor":8,"key":"Bottled Lightning"},{"floor":9,"key":"Pen Nib"}],"event_choices":[{"damage_healed":0.0,"max_hp_gain":0.0,"max_hp_loss":0.0,"gold_gain":0.0,"event_name":"The Woman in Blue","player_choice":"Bought 2 Potions","floor":2.0,"gold_loss":0.0,"damage_taken":0.0},{"cards_removed":["Strike_G"],"damage_healed":0.0,"max_hp_gain":0.0,"max_hp_loss":0.0,"gold_gain":0.0,"event_name":"Golden Wing","player_choice":"Card Removal","floor":7.0,"gold_loss":0.0,"damage_taken":7.0},{"damage_healed":0,"gold_gain":75,"player_choice":"Gather Gold","damage_taken":11,"max_hp_gain":0,"max_hp_loss":0,"event_name":"World of Goop","floor":11,"gold_loss":0}],"is_beta":false,"boss_relics":[],"items_purged_floors":[12],"is_endless":false,"potions_floor_spawned":[1,6],"killed_by":"Hexaghost","ascension_level":5}}