{"host":"z609fbm6pkeriks8","time":1612920817,"event":{"mods":["AchievementEnabler","BaseMod","Colored Map","Colored Powertips","Highlight Path","Minty Spire (QoL Compilation)","StSLib"],"gold_per_floor":[118,131,81,100,118,146,146,156,156,156,156,156,156],"floor_reached":12,"language":"ZHS","playtime":234,"items_purged":[],"score":96,"play_id":"9a094ecd-0a30-4958-9ca5-df3fdfa73a81","local_time":"20210210093337","is_ascension_mode":true,"campfire_choices":[{"data":"Perfected Strike","floor":7,"key":"SMITH"}],"circlet_count":0,"master_deck":["Strike_R","Strike_R","Strike_R","Strike_R","Defend_R","Defend_R","Defend_R","Defend_R","Bash","Flame Barrier","Twin Strike","Perfected Strike+1","Shockwave","Reaper","Cleave"],"relics":["Burning Blood","NeowsBlessing","Blood Vial","Eternal Feather","Shuriken","Matryoshka"],"acts_visited":["Exordium"],"potions_floor_usage":[],"damage_taken":[{"damage":0,"enemies":"Cultist","floor":1,"turns":1},{"damage":0,"enemies":"Jaw Worm","floor":2,"turns":1},{"damage":0,"enemies":"Small Slimes","floor":4,"turns":1},{"damage":1,"enemies":"Looter","floor":5,"turns":4},{"damage":35,"enemies":"3 Sentries","floor":6,"turns":7},{"damage":23,"enemies":"Lots of Slimes","floor":8,"turns":4},{"damage":54,"enemies":"Lagavulin","floor":12,"turns":7}],"seed_played":"5894813549656861972","potions_obtained":[{"floor":4,"key":"Block Potion"},{"floor":5,"key":"SpeedPotion"},{"floor":6,"key":"ElixirPotion"}],"is_trial":false,"path_per_floor":["M","M","?","M","M","E","R","M","T","?","T","E"],"character_chosen":"IRONCLAD","items_purchased":[],"campfire_rested":0,"item_purchase_floors":[],"current_hp_per_floor":[80,80,80,80,80,51,51,45,45,38,38,0,0],"gold":156,"neow_bonus":"THREE_ENEMY_KILL","is_daily":false,"chose_seed":false,"campfire_upgraded":1,"win_rate":0.0,"timestamp":1612920817,"path_taken":["M","M","?","M","M","E","R","M","T","?","?","E"],"items_purchased_type":[],"build_version":"2020-12-22","purchased_purges":0,"victory":false,"max_hp_per_floor":[80,80,80,80,80,80,80,80,80,80,80,80,80],"card_choices":[{"not_picked":["Sword Boomerang","Searing Blow"],"picked":"Flame Barrier","floor":1},{"not_picked":["Thunderclap","Havoc"],"picked":"Twin Strike","floor":2},{"not_picked":["Pommel Strike","Searing Blow"],"picked":"Perfected Strike","floor":4},{"not_picked":["Wild Strike","Twin Strike"],"picked":"Shockwave","floor":5},{"not_picked":["Heavy Blade","Cleave"],"picked":"Reaper","floor":6},{"not_picked":["Entrench","Shockwave"],"picked":"Cleave","floor":8}],"player_experience":53716,"relics_obtained":[{"floor":6,"key":"Blood Vial"},{"floor":9,"key":"Eternal Feather"},{"floor":11,"key":"Matryoshka"}],"event_choices":[{"cards_removed":["Strike_R"],"damage_healed":0,"gold_gain":0,"player_choice":"Card Removal","damage_taken":0,"max_hp_gain":0,"max_hp_loss":0,"event_name":"The Cleric","floor":3,"gold_loss":50},{"damage_healed":0,"gold_gain":0,"player_choice":"Success","damage_taken":7,"relics_obtained":["Shuriken"],"max_hp_gain":0,"max_hp_loss":0,"event_name":"Scrap Ooze","floor":10,"gold_loss":0}],"is_beta":false,"boss_relics":[],"items_purged_floors":[],"is_endless":false,"potions_floor_spawned":[4,5,6],"killed_by":"Lagavulin","ascension_level":4}}