{"host":"5mo0809oo9tcrmpl","time":1612919609,"event":{"mods":["BaseMod","Highlight Path","Minty Spire (QoL Compilation)","Relic Stats","Slay the Relics Exporter"],"gold_per_floor":[144,189,234,279,61,151,151,241,241,241,290,290,388,388,388,713,713,762,861,931,1005,1054,1054,1152,1201,1251,1361,1348,1409,1471,1532,1544,1881,1893,1954,2065,2127,2238,1899,1899,1997,2046,2071,2071,2170,2220,2269,2318,2318,2318],"floor_reached":51,"language":"ENG","playtime":2329,"items_purged":["Deadly Poison"],"score":868,"play_id":"bed4ff9e-a6f6-4572-a834-f0f0e0b7f528","local_time":"20210209191329","daily_mods":["SealedDeck","Purple Cards","Midas"],"is_ascension_mode":false,"campfire_choices":[{"floor":7,"key":"REST"},{"floor":15,"key":"REST"},{"floor":23,"key":"REST"},{"floor":32,"key":"REST"},{"floor":40,"key":"REST"},{"floor":44,"key":"REST"},{"floor":49,"key":"REST"}],"circlet_count":0,"master_deck":["Dagger Throw","Evaluate","Bouncing Flask","Protect","Backflip","PiercingWail","Blade Dance","Slice","Infinite Blades","Cloak And Dagger","EmptyBody","Consecrate","Protect","Malaise","Well Laid Plans","Riddle With Holes","Judgement","Noxious Fumes+1","Cloak And Dagger+1","Blade Dance","Noxious Fumes+1","Consecrate","Envenom","Leg Sweep+1","Cloak And Dagger","Consecrate+1","Catalyst+1","Blur+1","Backstab","Blade Dance+1","After Image"],"relics":["Ring of the Snake","Snake Skull","Vajra","Centennial Puzzle","Golden Idol","PreservedInsect","SsserpentHead","WristBlade","Red Mask","Bottled Flame","MawBank","Prayer Wheel","Runic Dome","Membership Card","Sundial","Eternal Feather","Bag of Preparation"],"acts_visited":["Exordium","TheCity","TheBeyond"],"potions_floor_usage":[6,13,20,24,33,50,50,50],"damage_taken":[{"damage":0,"enemies":"Jaw Worm","floor":1,"turns":3},{"damage":0,"enemies":"Small Slimes","floor":2,"turns":4},{"damage":0,"enemies":"Cultist","floor":3,"turns":3},{"damage":0,"enemies":"2 Fungi Beasts","floor":4,"turns":3},{"damage":7,"enemies":"Gremlin Nob","floor":6,"turns":4},{"damage":10,"enemies":"Lagavulin","floor":8,"turns":6},{"damage":0,"enemies":"Large Slime","floor":11,"turns":3},{"damage":5,"enemies":"3 Sentries","floor":13,"turns":4},{"damage":17,"enemies":"Slime Boss","floor":16,"turns":7},{"damage":1,"enemies":"3 Byrds","floor":18,"turns":3},{"damage":0,"enemies":"2 Thieves","floor":19,"turns":2},{"damage":10,"enemies":"Masked Bandits","floor":20,"turns":3},{"damage":14,"enemies":"Snake Plant","floor":21,"turns":5},{"damage":0,"enemies":"Chosen and Byrds","floor":22,"turns":4},{"damage":9,"enemies":"Slavers","floor":24,"turns":2},{"damage":4,"enemies":"Shelled Parasite and Fungi","floor":25,"turns":3},{"damage":0,"enemies":"Gremlin Leader","floor":27,"turns":3},{"damage":0,"enemies":"Centurion and Healer","floor":29,"turns":4},{"damage":0,"enemies":"3 Cultists","floor":31,"turns":3},{"damage":57,"enemies":"Collector","floor":33,"turns":8},{"damage":0,"enemies":"3 Shapes","floor":35,"turns":3},{"damage":1,"enemies":"Orb Walker","floor":36,"turns":2},{"damage":5,"enemies":"Maw","floor":38,"turns":5},{"damage":20,"enemies":"Nemesis","floor":41,"turns":5},{"damage":0,"enemies":"Sphere and 2 Shapes","floor":42,"turns":4},{"damage":0,"enemies":"4 Shapes","floor":45,"turns":3},{"damage":15,"enemies":"Spire Growth","floor":47,"turns":4},{"damage":0,"enemies":"Writhing Mass","floor":48,"turns":4},{"damage":56,"enemies":"Awakened One","floor":50,"turns":10}],"seed_played":"-5810517303651203205","potions_obtained":[{"floor":1,"key":"PowerPotion"},{"floor":2,"key":"Explosive Potion"},{"floor":4,"key":"LiquidMemories"},{"floor":6,"key":"Ancient Potion"},{"floor":16,"key":"ColorlessPotion"},{"floor":18,"key":"Fire Potion"},{"floor":21,"key":"FearPotion"},{"floor":27,"key":"Dexterity Potion"},{"floor":36,"key":"Dexterity Potion"}],"is_trial":false,"path_per_floor":["M","M","M","M","$","E","R","E","T","?","M","?","E","?","R","B",null,"M","M","?","M","M","R","E","M","T","E","?","M","?","M","R","B",null,"M","M","?","M","$","R","E","M","T","R","M","?","M","M","R","B",null],"character_chosen":"THE_SILENT","items_purchased":["Malaise","Well Laid Plans","Membership Card","Sundial","CunningPotion"],"campfire_rested":7,"item_purchase_floors":[5,5,39,39,39],"current_hp_per_floor":[70,70,70,70,70,63,70,60,60,43,43,43,38,38,59,42,70,69,69,59,45,45,66,57,53,53,53,53,53,53,53,70,13,70,70,69,69,64,64,70,50,50,50,70,70,66,51,51,66,10],"gold":2318,"neow_bonus":"","is_daily":true,"chose_seed":false,"campfire_upgraded":0,"win_rate":0.0,"timestamp":1612919609,"path_taken":["M","M","M","M","$","E","R","E","T","?","M","?","E","?","R","BOSS","M","?","?","M","M","R","E","M","T","E","?","M","?","M","R","BOSS","M","?","?","?","$","R","E","M","T","R","?","?","M","M","R","BOSS"],"items_purchased_type":["Card","Card","Relic","Relic","Potion"],"build_version":"2020-12-22","purchased_purges":1,"victory":true,"max_hp_per_floor":[70,70,70,70,70,70,70,70,70,70,70,70,70,70,70,70,70,70,70,70,70,70,70,70,70,70,70,70,70,70,70,70,70,70,70,70,70,70,70,70,70,70,70,70,70,66,66,66,66,66],"relic_stats":{"counters":[29,117],"Golden Idol":169,"Eternal Feather":30,"Snake Skull":[181],"PreservedInsect":130,"Bag of Preparation":[8],"MawBank":156,"SsserpentHead":450,"Centennial Puzzle":[39],"Sundial":[2],"Prayer Wheel":9,"obtain_stats":[{"Golden Idol":10,"Vajra":8,"Eternal Feather":41,"Snake Skull":6,"PreservedInsect":13,"Bag of Preparation":43,"MawBank":26,"SsserpentHead":14,"Runic Dome":34,"Centennial Puzzle":9,"Bottled Flame":24,"WristBlade":17,"Sundial":39,"Prayer Wheel":27,"Red Mask":20,"Membership Card":39,"Ring of the Snake":0},{"Golden Idol":6,"Vajra":6,"Eternal Feather":24,"Snake Skull":5,"PreservedInsect":8,"Bag of Preparation":25,"MawBank":16,"SsserpentHead":8,"Runic Dome":20,"Centennial Puzzle":6,"Bottled Flame":15,"WristBlade":9,"Sundial":23,"Prayer Wheel":17,"Red Mask":12,"Membership Card":23,"Ring of the Snake":0},{"Golden Idol":23,"Vajra":23,"Eternal Feather":92,"Snake Skull":17,"PreservedInsect":30,"Bag of Preparation":96,"MawBank":59,"SsserpentHead":30,"Runic Dome":77,"Centennial Puzzle":23,"Bottled Flame":56,"WristBlade":37,"Sundial":87,"Prayer Wheel":62,"Red Mask":45,"Membership Card":87,"Ring of the Snake":0}],"Ring of the Snake":[58]},"card_choices":[{"not_picked":["FollowUp","Dagger Throw"],"picked":"EmptyBody","floor":1},{"not_picked":["Sanctity","Endless Agony"],"picked":"Consecrate","floor":2},{"not_picked":["Sucker Punch","Evaluate"],"picked":"Protect","floor":3},{"not_picked":["CrushJoints","Grand Finale","Pray"],"picked":"SKIP","floor":4},{"not_picked":["EmptyBody","LikeWater","Underhanded Strike"],"picked":"SKIP","floor":6},{"not_picked":["Protect","Acrobatics"],"picked":"Riddle With Holes","floor":8},{"not_picked":["WheelKick","Consecrate"],"picked":"Deadly Poison","floor":11},{"not_picked":["Outmaneuver","Consecrate"],"picked":"Wish","floor":13},{"not_picked":["SpiritShield","Vault"],"picked":"Judgement","floor":16},{"not_picked":["EmptyMind","WindmillStrike","FlyingSleeves"],"picked":"SKIP","floor":18},{"not_picked":["Reflex","FlurryOfBlows"],"picked":"Noxious Fumes+1","floor":19},{"not_picked":["SandsOfTime+1","BowlingBash"],"picked":"Cloak And Dagger+1","floor":20},{"not_picked":["Endless Agony+1","PiercingWail"],"picked":"Blade Dance","floor":21},{"not_picked":["Prostrate","Deadly Poison","Poisoned Stab"],"picked":"SKIP","floor":22},{"not_picked":["Bane","Deflect+1"],"picked":"Noxious Fumes+1","floor":24},{"not_picked":["Flying Knee","WaveOfTheHand","CutThroughFate"],"picked":"SKIP","floor":25},{"not_picked":["InnerPeace+1","Tantrum"],"picked":"Consecrate","floor":27},{"not_picked":["Bane","Adaptation","FlyingSleeves+1"],"picked":"SKIP","floor":29},{"not_picked":["Outmaneuver","WindmillStrike","Protect"],"picked":"SKIP","floor":29},{"not_picked":["Evaluate","Dagger Spray+1","Bane"],"picked":"SKIP","floor":31},{"not_picked":["EmptyFist","Outmaneuver","Predator"],"picked":"SKIP","floor":31},{"not_picked":["Alpha","Doppelganger"],"picked":"Envenom","floor":33},{"not_picked":["Sucker Punch","SignatureMove"],"picked":"Leg Sweep+1","floor":35},{"not_picked":["FlyingSleeves","Protect+1","EmptyBody"],"picked":"SKIP","floor":35},{"not_picked":["Noxious Fumes","Quick Slash"],"picked":"Cloak And Dagger","floor":36},{"not_picked":["Crescendo","FlyingSleeves","Prostrate"],"picked":"SKIP","floor":36},{"not_picked":["Endless Agony+1","Flying Knee+1"],"picked":"Consecrate+1","floor":38},{"not_picked":["Quick Slash+1","Wraith Form v2","Meditate+1"],"picked":"SKIP","floor":38},{"not_picked":["Worship+1","Weave","Dash"],"picked":"SKIP","floor":41},{"not_picked":["BowlingBash+1","Well Laid Plans"],"picked":"Catalyst+1","floor":42},{"not_picked":["InnerPeace","Crescendo+1","Poisoned Stab+1"],"picked":"SKIP","floor":42},{"not_picked":["Backflip+1","Choke"],"picked":"Blur+1","floor":45},{"not_picked":["Worship","WindmillStrike"],"picked":"Backstab","floor":45},{"not_picked":["Slice+1","Deflect+1"],"picked":"Blade Dance+1","floor":47},{"not_picked":["Leg Sweep","Weave+1","CutThroughFate"],"picked":"SKIP","floor":47},{"not_picked":["FlurryOfBlows","Pray+1"],"picked":"After Image","floor":48},{"not_picked":["BowlingBash+1","Choke","FlyingSleeves"],"picked":"SKIP","floor":48}],"player_experience":1265566,"relics_obtained":[{"floor":6,"key":"Snake Skull"},{"floor":8,"key":"Vajra"},{"floor":9,"key":"Centennial Puzzle"},{"floor":13,"key":"PreservedInsect"},{"floor":20,"key":"Red Mask"},{"floor":24,"key":"Bottled Flame"},{"floor":26,"key":"MawBank"},{"floor":27,"key":"Prayer Wheel"},{"floor":41,"key":"Eternal Feather"},{"floor":43,"key":"Bag of Preparation"}],"event_choices":[{"damage_healed":0,"gold_gain":0,"player_choice":"Take Damage","damage_taken":17,"relics_obtained":["Golden Idol"],"max_hp_gain":0,"max_hp_loss":0,"event_name":"Golden Idol","floor":10,"gold_loss":0},{"damage_healed":0,"gold_gain":0,"player_choice":"Leave","damage_taken":0,"max_hp_gain":0,"max_hp_loss":0,"event_name":"The Cleric","floor":12,"gold_loss":0},{"damage_healed":0,"gold_gain":0,"player_choice":"Trade","damage_taken":0,"relics_obtained":["SsserpentHead"],"max_hp_gain":0,"max_hp_loss":0,"event_name":"FaceTrader","floor":14,"gold_loss":0},{"damage_healed":0,"gold_gain":0,"player_choice":"Fought Bandits","damage_taken":0,"max_hp_gain":0,"max_hp_loss":0,"event_name":"Masked Bandits","floor":20,"gold_loss":0},{"cards_removed":["Wish"],"damage_healed":0,"gold_gain":0,"player_choice":"Gave Gold","damage_taken":0,"max_hp_gain":0,"max_hp_loss":0,"event_name":"Beggar","floor":28,"gold_loss":75},{"damage_healed":0,"gold_gain":0,"player_choice":"Ignored","damage_taken":0,"max_hp_gain":0,"max_hp_loss":0,"event_name":"Transmorgrifier","floor":30,"gold_loss":0},{"damage_healed":0,"gold_gain":0,"player_choice":"Ignored","damage_taken":0,"max_hp_gain":0,"max_hp_loss":0,"event_name":"Transmorgrifier","floor":37,"gold_loss":0},{"damage_healed":0,"gold_gain":0,"player_choice":"Max HP","damage_taken":0,"max_hp_gain":0,"max_hp_loss":4,"event_name":"Winding Halls","floor":46,"gold_loss":0}],"is_beta":false,"boss_relics":[{"not_picked":["Ring of the Serpent","Philosopher\u0027s Stone"],"picked":"WristBlade"},{"not_picked":["Runic Pyramid","Snecko Eye"],"picked":"Runic Dome"}],"items_purged_floors":[39],"is_endless":false,"potions_floor_spawned":[1,2,4,6,16,18,21,22,27,31,36,41,45,47,48],"ascension_level":0}}