{"host":"vlqej45p0v31lhdi","time":1612927323,"event":{"mods":["AchievementEnabler","BaseMod","Bestiary","Colored Powertips","Minty Spire (QoL Compilation)","Relic Stats"],"gold_per_floor":[99,99,99,27,27,27,27,27,27,27,27,27,27,27,27,27,27,27,27,27,27,27,27,27,27,27,27,27,27,27,27,27,27,27,27,27,27,27,0,0,0,0,0,0,0,0,0,0,0,0,0,0,0,0,0],"floor_reached":56,"language":"ENG","playtime":7249,"items_purged":[],"score":1860,"play_id":"402e585f-fafb-46f2-bd37-7466d9fb0d98","local_time":"20210209212203","is_ascension_mode":true,"campfire_choices":[{"data":"Inflame","floor":6.0,"key":"SMITH"},{"floor":11.0,"key":"REST"},{"data":"Seeing Red","floor":15.0,"key":"SMITH"},{"data":"Inflame","floor":23.0,"key":"SMITH"},{"data":"Fiend Fire","floor":25.0,"key":"SMITH"},{"data":"Dual Wield","floor":28.0,"key":"SMITH"},{"floor":32.0,"key":"REST"},{"data":"Corruption","floor":41.0,"key":"SMITH"},{"floor":44,"key":"REST"},{"floor":46,"key":"RECALL"},{"data":"Feel No Pain","floor":49,"key":"SMITH"},{"data":"Flame Barrier","floor":52,"key":"SMITH"}],"circlet_count":0,"master_deck":["AscendersBane","Strike_R","Strike_R","Defend_R","Defend_R","Defend_R","Defend_R","Bash+1","Sword Boomerang","Pummel+1","Inflame+1","Seeing Red+1","Dual Wield+1","Evolve","Iron Wave","Wild Strike","Fiend Fire+1","Flex+1","Reaper+1","Rampage+1","RitualDagger","Inflame+1","Dark Embrace","Thunderclap+1","Shockwave","Feel No Pain+1","Corruption+1","Pommel Strike+1","Sentinel+1","Thunderclap+1","Flame Barrier+1","Second Wind"],"relics":["Ectoplasm","CaptainsWheel","Self Forming Clay","Ancient Tea Set","Odd Mushroom","Mercury Hourglass","Bronze Scales","Vajra","Astrolabe","Molten Egg 2","CultistMask","White Beast Statue","Busted Crown","Red Mask","Sundial","Smiling Mask","Pear"],"acts_visited":["Exordium","TheCity","TheBeyond","TheEnding"],"potions_floor_usage":[45,48,50,55,55],"damage_taken":[{"damage":1.0,"enemies":"Cultist","floor":1.0,"turns":3.0},{"damage":3.0,"enemies":"2 Louse","floor":2.0,"turns":2.0},{"damage":16.0,"enemies":"Gremlin Nob","floor":7.0,"turns":3.0},{"damage":15.0,"enemies":"The Mushroom Lair","floor":8.0,"turns":3.0},{"damage":17.0,"enemies":"3 Sentries","floor":10.0,"turns":8.0},{"damage":2.0,"enemies":"Jaw Worm","floor":12.0,"turns":2.0},{"damage":0.0,"enemies":"Gremlin Nob","floor":14.0,"turns":2.0},{"damage":11.0,"enemies":"Hexaghost","floor":16.0,"turns":6.0},{"damage":2.0,"enemies":"Spheric Guardian","floor":18.0,"turns":4.0},{"damage":2.0,"enemies":"Chosen","floor":20.0,"turns":4.0},{"damage":7.0,"enemies":"Sentry and Sphere","floor":21.0,"turns":5.0},{"damage":15.0,"enemies":"Shelled Parasite and Fungi","floor":22.0,"turns":4.0},{"damage":0.0,"enemies":"3 Cultists","floor":24.0,"turns":3.0},{"damage":23.0,"enemies":"Centurion and Healer","floor":27.0,"turns":4.0},{"damage":19.0,"enemies":"Snake Plant","floor":29.0,"turns":3.0},{"damage":16.0,"enemies":"Book of Stabbing","floor":31.0,"turns":4.0},{"damage":45.0,"enemies":"Champ","floor":33.0,"turns":8.0},{"damage":21.0,"enemies":"3 Darklings","floor":35.0,"turns":4.0},{"damage":3.0,"enemies":"Orb Walker","floor":37.0,"turns":3.0},{"damage":22.0,"enemies":"3 Darklings","floor":38.0,"turns":6.0},{"damage":14.0,"enemies":"Reptomancer","floor":40.0,"turns":4.0},{"damage":7,"enemies":"Nemesis","floor":42,"turns":5},{"damage":1,"enemies":"4 Shapes","floor":45,"turns":3},{"damage":21,"enemies":"Jaw Worm Horde","floor":47,"turns":3},{"damage":18,"enemies":"Sphere and 2 Shapes","floor":48,"turns":6},{"damage":34,"enemies":"Time Eater","floor":50,"turns":6},{"damage":58,"enemies":"Shield and Spear","floor":54,"turns":6},{"damage":23,"enemies":"The Heart","floor":55,"turns":6}],"seed_played":"-8208578503972405102","potions_obtained":[{"floor":2.0,"key":"Ancient Potion"},{"floor":8.0,"key":"PowerPotion"},{"floor":12.0,"key":"SteroidPotion"},{"floor":16.0,"key":"Regen Potion"},{"floor":20.0,"key":"Block Potion"},{"floor":29.0,"key":"DistilledChaos"},{"floor":31.0,"key":"Swift Potion"},{"floor":33.0,"key":"SpeedPotion"},{"floor":35.0,"key":"Swift Potion"},{"floor":37.0,"key":"SkillPotion"},{"floor":38.0,"key":"DuplicationPotion"},{"floor":40.0,"key":"Fruit Juice"},{"floor":42,"key":"Ancient Potion"},{"floor":45,"key":"Regen Potion"},{"floor":47,"key":"SneckoOil"},{"floor":48,"key":"Swift Potion"},{"floor":54,"key":"Explosive Potion"}],"is_trial":false,"path_per_floor":["M","M","T","$","?","R","E","?","T","E","R","M","?","E","R","B",null,"M","?","M","M","M","R","M","R","T","M","R","M","?","E","R","B",null,"M","$","M","M","?","E","R","E","T","R","M","R","M","M","R","B",null,"R","$","E","B",null],"character_chosen":"IRONCLAD","items_purchased":["Inflame"],"campfire_rested":3,"item_purchase_floors":[4],"current_hp_per_floor":[67,64,64,64,57,57,41,26,26,9,31,29,14,14,14,3,57,67,61,68,62,63,63,75,75,75,52,52,42,42,44,66,40,66,54,54,51,75,75,61,61,54,54,75,80,80,59,57,57,32,68,68,68,35,25],"gold":0,"neow_bonus":"BOSS_RELIC","is_daily":false,"chose_seed":false,"campfire_upgraded":8,"win_rate":0.0,"timestamp":1612927323,"path_taken":["M","M","?","$","?","R","E","?","T","E","R","M","?","E","R","BOSS","M","?","M","M","M","R","M","R","T","M","R","M","?","E","R","BOSS","M","$","?","M","?","E","R","E","T","R","M","R","M","M","R","BOSS","R","$","E","BOSS"],"items_purchased_type":["Card"],"build_version":"2020-12-22","purchased_purges":0,"victory":true,"max_hp_per_floor":[75,75,75,75,75,75,75,75,75,75,75,75,75,75,75,75,75,75,75,75,75,75,75,75,75,75,75,75,75,75,75,75,75,75,75,75,75,75,75,75,75,75,75,75,80,80,80,80,80,80,80,80,80,90,90],"relic_stats":{"Busted Crown":18,"counters":[28,117],"Self Forming Clay":[210],"Sundial":[4],"Bronze Scales":[354],"Astrolabe":["Flex","Reaper","Rampage"],"Ectoplasm":626,"Smiling Mask":0,"obtain_stats":[{"Pear":54,"Self Forming Clay":5,"Astrolabe":17,"Vajra":14,"Odd Mushroom":8,"Ancient Tea Set":7,"Smiling Mask":42,"Burning Blood":0,"White Beast Statue":31,"Mercury Hourglass":9,"CaptainsWheel":3,"Busted Crown":34,"Sundial":40,"Bronze Scales":10,"Molten Egg 2":26,"Ectoplasm":0,"CultistMask":30,"Red Mask":39},{"Pear":27,"Self Forming Clay":2,"Astrolabe":8,"Vajra":7,"Odd Mushroom":4,"Ancient Tea Set":3,"Smiling Mask":22,"Burning Blood":0,"White Beast Statue":16,"Mercury Hourglass":4,"CaptainsWheel":2,"Busted Crown":17,"Sundial":21,"Bronze Scales":5,"Molten Egg 2":13,"Ectoplasm":0,"CultistMask":15,"Red Mask":20},{"Pear":111,"Self Forming Clay":5,"Astrolabe":28,"Vajra":23,"Odd Mushroom":11,"Ancient Tea Set":8,"Smiling Mask":87,"Burning Blood":0,"White Beast Statue":58,"Mercury Hourglass":11,"CaptainsWheel":5,"Busted Crown":66,"Sundial":82,"Bronze Scales":19,"Molten Egg 2":47,"Ectoplasm":0,"CultistMask":54,"Red Mask":79}],"Mercury Hourglass":[397]},"card_choices":[{"not_picked":["Headbutt","True Grit"],"picked":"Sword Boomerang","floor":1.0},{"not_picked":["Sword Boomerang","Searing Blow"],"picked":"Pummel","floor":2.0},{"not_picked":["Bloodletting","Warcry"],"picked":"Seeing Red","floor":7.0},{"not_picked":["Havoc","Flex"],"picked":"Dual Wield","floor":8.0},{"not_picked":["Bludgeon","Armaments"],"picked":"Evolve","floor":10.0},{"not_picked":["Intimidate","Armaments"],"picked":"Iron Wave","floor":12.0},{"not_picked":["Sever Soul","Perfected Strike"],"picked":"Wild Strike","floor":14.0},{"not_picked":["Impervious","Barricade"],"picked":"Fiend Fire","floor":16.0},{"not_picked":["Body Slam","Heavy Blade","Havoc"],"picked":"SKIP","floor":18.0},{"not_picked":["Body Slam","Blood for Blood"],"picked":"Inflame","floor":20.0},{"not_picked":["Clash","Havoc"],"picked":"Dark Embrace","floor":21.0},{"not_picked":["Sword Boomerang","Body Slam","Sentinel"],"picked":"SKIP","floor":22.0},{"not_picked":["Armaments","Perfected Strike","Clothesline"],"picked":"SKIP","floor":24.0},{"not_picked":["Headbutt+1","Disarm"],"picked":"Thunderclap+1","floor":27.0},{"not_picked":["Dropkick+1","True Grit"],"picked":"Shockwave","floor":29.0},{"not_picked":["Flex","Sword Boomerang+1"],"picked":"Feel No Pain","floor":31.0},{"not_picked":["Demon Form","Berserk"],"picked":"Corruption","floor":33.0},{"not_picked":["Infernal Blade"],"picked":"SKIP","floor":35.0},{"not_picked":[],"picked":"Pommel Strike+1","floor":37.0},{"not_picked":["Infernal Blade+1"],"picked":"SKIP","floor":38.0},{"not_picked":[],"picked":"Sentinel+1","floor":40.0},{"not_picked":["Heavy Blade+1"],"picked":"SKIP","floor":42},{"not_picked":[],"picked":"Thunderclap+1","floor":45},{"not_picked":[],"picked":"Flame Barrier","floor":47},{"not_picked":["Flex"],"picked":"SKIP","floor":48},{"not_picked":[],"picked":"Second Wind","floor":54}],"player_experience":2507840,"relics_obtained":[{"floor":3.0,"key":"CaptainsWheel"},{"floor":7.0,"key":"Ancient Tea Set"},{"floor":8.0,"key":"Odd Mushroom"},{"floor":9.0,"key":"Mercury Hourglass"},{"floor":10.0,"key":"Bronze Scales"},{"floor":14.0,"key":"Vajra"},{"floor":26.0,"key":"Molten Egg 2"},{"floor":31.0,"key":"White Beast Statue"},{"floor":40.0,"key":"Sundial"},{"floor":42,"key":"Smiling Mask"},{"floor":54,"key":"Pear"}],"event_choices":[{"damage_healed":0.0,"max_hp_gain":0.0,"max_hp_loss":0.0,"gold_gain":0.0,"event_name":"Scrap Ooze","player_choice":"Success","floor":5.0,"gold_loss":0.0,"damage_taken":7.0,"relics_obtained":["Self Forming Clay"]},{"damage_healed":0.0,"max_hp_gain":0.0,"max_hp_loss":0.0,"gold_gain":0.0,"event_name":"Mushrooms","player_choice":"Fought Mushrooms","floor":8.0,"gold_loss":0.0,"damage_taken":0.0},{"damage_healed":0.0,"max_hp_gain":0.0,"max_hp_loss":0.0,"gold_gain":0.0,"event_name":"Shining Light","player_choice":"Entered Light","floor":13.0,"gold_loss":0.0,"damage_taken":15.0,"cards_upgraded":["Bash","Pummel"]},{"damage_healed":0.0,"max_hp_gain":0.0,"max_hp_loss":0.0,"gold_gain":0.0,"event_name":"Nest","player_choice":"Joined the Cult","floor":19.0,"gold_loss":0.0,"damage_taken":6.0,"cards_obtained":["RitualDagger"]},{"damage_healed":0.0,"max_hp_gain":0.0,"max_hp_loss":0.0,"gold_gain":0.0,"event_name":"FaceTrader","player_choice":"Trade","floor":30.0,"gold_loss":0.0,"damage_taken":0.0,"relics_obtained":["CultistMask"]},{"damage_healed":0.0,"max_hp_gain":0.0,"max_hp_loss":0.0,"gold_gain":0.0,"event_name":"Tomb of Lord Red Mask","player_choice":"Paid","floor":39.0,"gold_loss":27.0,"damage_taken":0.0,"relics_obtained":["Red Mask"]}],"is_beta":false,"boss_relics":[{"not_picked":["Velvet Choker","Calling Bell"],"picked":"Astrolabe"},{"not_picked":["Sozu","Runic Dome"],"picked":"Busted Crown"}],"items_purged_floors":[],"is_endless":false,"potions_floor_spawned":[2,8,12,16,20,21,29,31,33,35,37,38,40,42,45,47,48,54],"ascension_level":14}}