{"host":"1e3ivg30op4goso1","time":1612979719,"event":{"mods":["AchievementEnabler","Ascension Unlocker","BaseMod","Colored Map","Minty Spire (QoL Compilation)","Permanent Neow","Quick Restart","Relic Filter","StSLib","SuperFastMode"],"gold_per_floor":[117,117,167,185,25,25,38,38,38,49,49,49,49,75,75,149,149,167,184,184,184,184,184],"floor_reached":22,"language":"ENG","playtime":1466,"items_purged":[],"score":364,"play_id":"cdcce5fc-d81e-4ce2-99ed-935c4b14ac31","local_time":"20210210125519","is_ascension_mode":true,"campfire_choices":[{"data":"Armaments","floor":6.0,"key":"SMITH"},{"data":"Pummel","floor":11.0,"key":"SMITH"},{"data":"Strike_R","floor":13.0,"key":"SMITH"},{"data":"Iron Wave","floor":15,"key":"SMITH"}],"circlet_count":0,"master_deck":["AscendersBane","Strike_R","Strike_R","Strike_R","Strike_R+1","Defend_R","Defend_R","Defend_R","Bash+1","Armaments+1","Inflame+1","Pummel+1","Iron Wave+1","Offering","Seeing Red","Twin Strike","Twin Strike","Berserk"],"relics":["Burning Blood","Torii","Membership Card","White Beast Statue","Pantograph","Black Star"],"acts_visited":["Exordium","TheCity"],"potions_floor_usage":[18,22],"damage_taken":[{"damage":12.0,"enemies":"Cultist","floor":1.0,"turns":4.0},{"damage":2.0,"enemies":"2 Louse","floor":4.0,"turns":4.0},{"damage":7.0,"enemies":"Small Slimes","floor":7.0,"turns":4.0},{"damage":2.0,"enemies":"Blue Slaver","floor":10.0,"turns":4.0},{"damage":16,"enemies":"Lagavulin","floor":14,"turns":7},{"damage":33,"enemies":"The Guardian","floor":16,"turns":11},{"damage":37,"enemies":"Spheric Guardian","floor":18,"turns":6},{"damage":30,"enemies":"Chosen","floor":19,"turns":4},{"damage":59,"enemies":"Snake Plant","floor":22,"turns":3}],"seed_played":"8082325270897605671","potions_obtained":[{"floor":1.0,"key":"PowerPotion"},{"floor":7.0,"key":"FairyPotion"},{"floor":16,"key":"BloodPotion"},{"floor":18,"key":"BloodPotion"}],"is_trial":false,"path_per_floor":["M","$","?","M","$","R","M","?","T","M","R","?","R","E","R","B",null,"M","M","?","?","M"],"character_chosen":"IRONCLAD","items_purchased":["Membership Card"],"campfire_rested":0,"item_purchase_floors":[5],"current_hp_per_floor":[62,62,56,60,60,60,59,39,39,43,43,43,43,33,33,31,59,41,17,17,17,0,0],"gold":184,"neow_bonus":"ONE_RARE_RELIC","is_daily":false,"chose_seed":false,"campfire_upgraded":4,"win_rate":0.0,"timestamp":1612979719,"path_taken":["M","$","?","?","$","R","M","?","T","M","R","?","R","E","R","BOSS","M","?","?","?","?"],"items_purchased_type":["Relic"],"build_version":"2020-12-22","purchased_purges":0,"victory":false,"max_hp_per_floor":[68,68,68,68,68,68,68,68,68,68,68,68,68,68,68,68,68,68,68,68,68,68,68],"card_choices":[{"not_picked":["Clash","Flex"],"picked":"Armaments","floor":1.0},{"not_picked":["Metallicize","Cleave","Intimidate"],"picked":"SKIP","floor":4.0},{"not_picked":["Clash","Armaments"],"picked":"Inflame","floor":7.0},{"not_picked":["Inflame","Searing Blow"],"picked":"Pummel","floor":10.0},{"not_picked":["Rupture","Power Through"],"picked":"Iron Wave","floor":14},{"not_picked":["Bludgeon","Impervious"],"picked":"Offering","floor":16},{"not_picked":["Pommel Strike","Power Through"],"picked":"Seeing Red","floor":18},{"not_picked":["Entrench","Shrug It Off"],"picked":"Twin Strike","floor":19}],"player_experience":0,"relics_obtained":[{"floor":9.0,"key":"White Beast Statue"},{"floor":14,"key":"Pantograph"}],"event_choices":[{"damage_healed":0.0,"max_hp_gain":0.0,"max_hp_loss":0.0,"gold_gain":50.0,"event_name":"FaceTrader","player_choice":"Touch","floor":3.0,"gold_loss":0.0,"damage_taken":6.0},{"damage_healed":0.0,"max_hp_gain":0.0,"max_hp_loss":0.0,"gold_gain":0.0,"event_name":"Shining Light","player_choice":"Entered Light","floor":8.0,"gold_loss":0.0,"damage_taken":20.0,"cards_upgraded":["Bash","Inflame"]},{"cards_removed":["Strike_R"],"damage_healed":0.0,"max_hp_gain":0.0,"max_hp_loss":0.0,"gold_gain":0.0,"event_name":"Bonfire Elementals","player_choice":"Offered Basic","floor":12.0,"gold_loss":0.0,"damage_taken":0.0},{"damage_healed":0,"gold_gain":0,"player_choice":"Read","damage_taken":0,"max_hp_gain":0,"max_hp_loss":0,"event_name":"The Library","floor":20,"gold_loss":0,"cards_obtained":["Twin Strike"]},{"damage_healed":0,"gold_gain":0,"cards_transformed":["Defend_R"],"player_choice":"Transformed","damage_taken":0,"max_hp_gain":0,"max_hp_loss":0,"event_name":"Transmorgrifier","floor":21,"gold_loss":0,"cards_obtained":["Berserk"]}],"is_beta":false,"boss_relics":[{"not_picked":["Runic Cube","Runic Dome"],"picked":"Black Star"}],"items_purged_floors":[],"is_endless":false,"potions_floor_spawned":[1,7,10,14,16,18,19],"killed_by":"Snake Plant","ascension_level":20}}