{"host":"2rbn7ywmirq5y689","time":1612978026,"event":{"mods":["BaseMod","Colored Map","Colored Powertips","Highlight Path","Minty Spire (QoL Compilation)","Rare Cards Sparkle","Relic Stats","StSLib"],"gold_per_floor":[115,115,115,133,133,169,169,194,194,225,248,291,311,331,331,455,455,474,474,474,498,498,498,541,250,250,288,288,304,304,304],"floor_reached":30,"language":"ENG","playtime":2561,"items_purged":["Strike_P"],"score":350,"play_id":"8e741bea-a760-409f-9bc6-0a6a5acaa434","local_time":"20210211012706","is_ascension_mode":true,"campfire_choices":[{"data":"Eruption","floor":7,"key":"SMITH"},{"data":"Vault","floor":15,"key":"SMITH"},{"data":"LessonLearned","floor":23,"key":"SMITH"},{"data":"ForeignInfluence","floor":28,"key":"SMITH"}],"circlet_count":0,"master_deck":["Strike_P","Defend_P","Defend_P","Defend_P","Defend_P","Eruption+1","Vigilance","ForeignInfluence+1","Prostrate","CarveReality","Vault+1","Protect","Conclude+1","Judgement+1","InnerPeace","LessonLearned+1","FlurryOfBlows","EmptyFist","InnerPeace","Wallop+1","BattleHymn","Crescendo"],"relics":["PureWater","NeowsBlessing","Golden Idol","Letter Opener","Eternal Feather","Gremlin Horn","Akabeko","Sozu","Enchiridion","Red Mask","Membership Card","PreservedInsect","Meat on the Bone","Blood Vial"],"acts_visited":["Exordium","TheCity"],"potions_floor_usage":[16,16,16],"damage_taken":[{"damage":0,"enemies":"Small Slimes","floor":1,"turns":1},{"damage":0,"enemies":"Jaw Worm","floor":4,"turns":1},{"damage":0,"enemies":"Gremlin Nob","floor":6,"turns":1},{"damage":5,"enemies":"2 Louse","floor":8,"turns":2},{"damage":0,"enemies":"Lagavulin","floor":10,"turns":3},{"damage":7,"enemies":"Exordium Thugs","floor":11,"turns":3},{"damage":6,"enemies":"3 Sentries","floor":12,"turns":4},{"damage":0,"enemies":"Exordium Wildlife","floor":13,"turns":2},{"damage":6,"enemies":"2 Fungi Beasts","floor":14,"turns":2},{"damage":45,"enemies":"Hexaghost","floor":16,"turns":10},{"damage":16,"enemies":"2 Thieves","floor":18,"turns":3},{"damage":7,"enemies":"Chosen","floor":21,"turns":3},{"damage":10,"enemies":"Masked Bandits","floor":24,"turns":3},{"damage":6,"enemies":"Slavers","floor":27,"turns":4},{"damage":16,"enemies":"Centurion and Healer","floor":29,"turns":4},{"damage":36,"enemies":"Snake Plant","floor":30,"turns":3}],"seed_played":"7105050662449199991","potions_obtained":[{"floor":1,"key":"ColorlessPotion"},{"floor":4,"key":"DistilledChaos"},{"floor":10,"key":"DistilledChaos"},{"floor":12,"key":"Block Potion"},{"floor":16,"key":"FearPotion"}],"is_trial":false,"path_per_floor":["M","?","?","M","?","E","R","M","T","E","M","E","M","M","R","B",null,"M","?","?","M","?","R","?","$","T","E","R","M","M"],"character_chosen":"WATCHER","items_purchased":["Membership Card","PreservedInsect","BattleHymn"],"campfire_rested":0,"item_purchase_floors":[25,25,25],"current_hp_per_floor":[72,65,65,65,65,65,65,60,60,60,53,47,47,41,50,5,67,51,35,35,28,28,40,30,30,30,36,48,34,0,0],"gold":304,"neow_bonus":"THREE_ENEMY_KILL","is_daily":false,"chose_seed":false,"campfire_upgraded":4,"win_rate":0.0,"timestamp":1612978026,"path_taken":["M","?","?","M","?","E","R","M","T","E","M","E","M","?","R","BOSS","M","?","?","M","?","R","?","$","T","E","R","M","?"],"items_purchased_type":["Relic","Relic","Card"],"build_version":"2020-12-22","purchased_purges":1,"victory":false,"max_hp_per_floor":[72,72,72,72,67,67,67,67,67,67,67,67,67,67,67,67,67,67,67,67,67,67,67,67,67,67,67,67,67,67,67],"relic_stats":{"Sozu":1,"Blood Vial":4,"Gremlin Horn":[11,11],"counters":[16,49],"Golden Idol":94,"Eternal Feather":33,"PreservedInsect":39,"Letter Opener":[75],"obtain_stats":[{"NeowsBlessing":0,"Gremlin Horn":10,"Golden Idol":5,"Enchiridion":19,"Eternal Feather":9,"PreservedInsect":25,"Letter Opener":6,"Akabeko":12,"Sozu":17,"Blood Vial":27,"Red Mask":24,"Membership Card":25,"PureWater":0,"Meat on the Bone":26},{"NeowsBlessing":0,"Gremlin Horn":5,"Golden Idol":2,"Enchiridion":11,"Eternal Feather":4,"PreservedInsect":13,"Letter Opener":3,"Akabeko":7,"Sozu":10,"Blood Vial":14,"Red Mask":13,"Membership Card":13,"PureWater":0,"Meat on the Bone":13},{"NeowsBlessing":0,"Gremlin Horn":8,"Golden Idol":2,"Enchiridion":32,"Eternal Feather":5,"PreservedInsect":38,"Letter Opener":3,"Akabeko":15,"Sozu":29,"Blood Vial":42,"Red Mask":38,"Membership Card":38,"PureWater":0,"Meat on the Bone":38}],"Meat on the Bone":12},"card_choices":[{"not_picked":["SignatureMove","CrushJoints"],"picked":"ForeignInfluence","floor":1},{"not_picked":["EmptyBody","Crescendo"],"picked":"Prostrate","floor":4},{"not_picked":["ForeignInfluence","Sanctity"],"picked":"CarveReality","floor":6},{"not_picked":["Collect","Evaluate"],"picked":"Vault","floor":8},{"not_picked":["Sanctity","Vengeance"],"picked":"Protect","floor":10},{"not_picked":["PathToVictory","Crescendo"],"picked":"Conclude","floor":11},{"not_picked":["JustLucky","BowlingBash"],"picked":"Judgement","floor":12},{"not_picked":["Crescendo","CrushJoints","Weave"],"picked":"SKIP","floor":13},{"not_picked":["Sanctity","Meditate"],"picked":"InnerPeace","floor":14},{"not_picked":["Brilliance","Vault"],"picked":"LessonLearned","floor":16},{"not_picked":["LikeWater+1","ForeignInfluence+1"],"picked":"FlurryOfBlows","floor":18},{"not_picked":["BowlingBash","FlyingSleeves+1"],"picked":"InnerPeace","floor":21},{"not_picked":["MentalFortress","EmptyFist"],"picked":"Wallop+1","floor":24},{"not_picked":["BowlingBash+1","SignatureMove","LessonLearned"],"picked":"SKIP","floor":27},{"not_picked":["CrushJoints","JustLucky+1"],"picked":"Crescendo","floor":29}],"player_experience":201034,"relics_obtained":[{"floor":6,"key":"Letter Opener"},{"floor":9,"key":"Eternal Feather"},{"floor":10,"key":"Gremlin Horn"},{"floor":12,"key":"Akabeko"},{"floor":19,"key":"Enchiridion"},{"floor":24,"key":"Red Mask"},{"floor":26,"key":"Meat on the Bone"},{"floor":27,"key":"Blood Vial"}],"event_choices":[{"cards_removed":["Strike_P"],"damage_healed":0,"gold_gain":0,"player_choice":"Card Removal","damage_taken":7,"max_hp_gain":0,"max_hp_loss":0,"event_name":"Golden Wing","floor":2,"gold_loss":0},{"damage_healed":0,"gold_gain":0,"player_choice":"Ignored","damage_taken":0,"max_hp_gain":0,"max_hp_loss":0,"event_name":"Liars Game","floor":3,"gold_loss":0},{"damage_healed":0,"gold_gain":0,"player_choice":"Lose Max HP","damage_taken":0,"relics_obtained":["Golden Idol"],"max_hp_gain":0,"max_hp_loss":5,"event_name":"Golden Idol","floor":5,"gold_loss":0},{"damage_healed":0,"gold_gain":0,"player_choice":"Obtained Book","damage_taken":16,"max_hp_gain":0,"max_hp_loss":0,"event_name":"Cursed Tome","floor":19,"gold_loss":0},{"damage_healed":0,"gold_gain":0,"player_choice":"Read","damage_taken":0,"max_hp_gain":0,"max_hp_loss":0,"event_name":"The Library","floor":20,"gold_loss":0,"cards_obtained":["EmptyFist"]},{"cards_removed":["Strike_P"],"damage_healed":0,"gold_gain":0,"player_choice":"Elegance","damage_taken":0,"max_hp_gain":0,"max_hp_loss":0,"event_name":"Back to Basics","floor":22,"gold_loss":0},{"damage_healed":0,"gold_gain":0,"player_choice":"Fought Bandits","damage_taken":0,"max_hp_gain":0,"max_hp_loss":0,"event_name":"Masked Bandits","floor":24,"gold_loss":0}],"is_beta":false,"boss_relics":[{"not_picked":["VioletLotus","SlaversCollar"],"picked":"Sozu"}],"items_purged_floors":[25],"is_endless":false,"potions_floor_spawned":[1,4,10,12,16,27],"killed_by":"Snake Plant","ascension_level":2}}