{"host":"·çÓêÒÂ","time":1612924653,"event":{"mods":["ATMod(°¢èªMod)","BaseMod","Better Skull","Better Third Choice","Challenge The Spire","Colored Powertips","Conspire","Minty Spire (QoL Compilation)","Permanent Neow","Quick Restart","Relic Stats","Reliquary","Replay The Spire","RumiaBox-Â¶Ã×æ«µÄÉñÃØºÐ×Ó","Spicy Shops","Spire Birthday Party","StSLib","SuperFastMode","¡¾ÒÅÎï¿¨ÅÆ¡¿REMEMod"],"gold_per_floor":[16,16,29,48,48,79,79,95,147,147,147,181,181,201,201,201,201],"floor_reached":16,"language":"ZHS","playtime":629,"items_purged":[],"score":135,"play_id":"fd736ccd-779a-4fb9-bb3b-852d773ae3d3","local_time":"20210210103733","is_ascension_mode":false,"campfire_choices":[{"floor":7,"key":"RECALL"},{"floor":11,"key":"REST"},{"floor":15,"key":"REST"}],"circlet_count":0,"master_deck":["Strike_R","Strike_R","Strike_R","Strike_R","Strike_R","Defend_R","Defend_R","Defend_R","Defend_R","Bash","Double Tap","AT_FamilyPortrait","AT_ManFootWork","Sickly","Strike_R","Heavy Blade+1","Flex","REME_FearOfPain","Bloodletting","Doom and Gloom","ReplayTheSpireMod:Limb From Limb","Flex"],"relics":["Burning Blood","AT_ATBox","REME_ComplimentaryCards","AddBug","SecretRecord","Baka2","SecretRecord"],"acts_visited":["Exordium"],"potions_floor_usage":[16,16,16],"damage_taken":[{"damage":5,"enemies":"Cultist","floor":1,"turns":4},{"damage":12,"enemies":"2 Louse","floor":3,"turns":3},{"damage":0,"enemies":"Small Slimes","floor":4,"turns":3},{"damage":0,"enemies":"Gremlin Nob","floor":6,"turns":2},{"damage":56,"enemies":"Gremlin Gang","floor":8,"turns":8},{"damage":25,"enemies":"Replay:BlueRogue","floor":12,"turns":4},{"damage":13,"enemies":"Looter","floor":14,"turns":2},{"damage":31,"enemies":"Hexaghost","floor":16,"turns":9}],"seed_played":"453648723049551152","potions_obtained":[{"floor":1,"key":"DuplicationPotion"},{"floor":4,"key":"Elixir"},{"floor":14,"key":"ColorlessPotion"}],"is_trial":false,"path_per_floor":["M","?","M","M","?","E","R","M","T","?","R","E","?","M","R","B"],"character_chosen":"IRONCLAD","items_purchased":[],"campfire_rested":2,"item_purchase_floors":[],"current_hp_per_floor":[80,80,74,80,80,80,80,30,30,16,40,21,21,14,38,0,0],"gold":201,"neow_bonus":"THREE_RARE_CARDS","is_daily":false,"chose_seed":false,"campfire_upgraded":0,"win_rate":0.0,"timestamp":1612924653,"path_taken":["M","?","M","M","?","E","R","M","T","?","R","E","?","M","R","BOSS"],"items_purchased_type":[],"build_version":"2020-12-18","purchased_purges":0,"victory":false,"max_hp_per_floor":[80,80,80,80,80,80,80,80,80,80,80,80,80,80,80,80,80],"relic_stats":{"counters":[8,35],"obtain_stats":[{"Baka2":3,"AT_ATBox":0,"AddBug":1,"SecretRecord":1,"Baka":1,"Burning Blood":0,"REME_ComplimentaryCards":0},{"Baka2":2,"AT_ATBox":0,"AddBug":1,"SecretRecord":1,"Baka":1,"Burning Blood":0,"REME_ComplimentaryCards":0},{"Baka2":7,"AT_ATBox":0,"AddBug":4,"SecretRecord":4,"Baka":4,"Burning Blood":0,"REME_ComplimentaryCards":0}],"Burning Blood":35},"card_choices":[{"not_picked":["Bludgeon","Limit Break"],"picked":"Double Tap","floor":0},{"not_picked":["Carnage","ReplayTheSpireMod:Strike From Hell"],"picked":"AT_ManFootWork","floor":1},{"not_picked":["Anger","Hemokinesis"],"picked":"Heavy Blade","floor":3},{"not_picked":["ReplayTheSpireMod:Strike From Hell","ReplayTheSpireMod:Corrosion Curse"],"picked":"Flex","floor":4},{"not_picked":["Shrug It Off","Abandon"],"picked":"REME_FearOfPain","floor":6},{"not_picked":["Hemokinesis","Armaments"],"picked":"Bloodletting","floor":8},{"not_picked":["REME_TheLastStrike","Body Slam"],"picked":"ReplayTheSpireMod:Limb From Limb","floor":12},{"not_picked":["Headbutt","Second Wind"],"picked":"Flex","floor":14}],"player_experience":23395,"relics_obtained":[{"floor":1,"key":"AddBug"},{"floor":1,"key":"Baka"},{"floor":2,"key":"ReplayTheSpireMod:Ring of Exchange"},{"floor":2,"key":"Ring of Hypnosis"},{"floor":3,"key":"Baka2"},{"floor":4,"key":"SecretRecord"},{"floor":6,"key":"reliquary:Boomerang"},{"floor":12,"key":"ReplayTheSpireMod:Ninjato"}],"event_choices":[{"damage_healed":0,"gold_gain":0,"player_choice":"Box","damage_taken":0,"relics_obtained":["Pantograph"],"max_hp_gain":0,"max_hp_loss":0,"event_name":"Big Fish","floor":5,"gold_loss":0,"cards_obtained":["Regret"]},{"damage_healed":0,"gold_gain":0,"player_choice":"Card ","damage_taken":14,"max_hp_gain":0,"max_hp_loss":0,"event_name":"betterThird:BetterScrap","floor":10,"gold_loss":0,"cards_obtained":["Doom and Gloom"]},{"damage_healed":0,"gold_gain":0,"player_choice":"Forge","damage_taken":0,"max_hp_gain":0,"max_hp_loss":0,"event_name":"Accursed Blacksmith","floor":13,"gold_loss":0,"cards_upgraded":["Heavy Blade"]}],"is_beta":true,"boss_relics":[],"items_purged_floors":[],"is_endless":false,"potions_floor_spawned":[1,4,14],"killed_by":"Hexaghost","ascension_level":0}}