{"host":"15sbyzswzncjigmz","time":1612941515,"event":{"mods":["AchievementEnabler","BaseMod","Bestiary","Block Reminder","Colored Map","Colored Powertips","DeckTracker","Minty Spire (QoL Compilation)","Relic Stats","StSLib","Weighted Paths"],"gold_per_floor":[111,61,61,61,77,109,109,284,284,57,86,102,102,119,119,224,524,541,557,577,577,25,25,6,6,6,6,6,6,35,35,35,35,35],"floor_reached":33,"language":"ENG","playtime":2692,"items_purged":[],"score":321,"play_id":"a8c72fd4-7064-43a6-9cbc-46252b4210b8","local_time":"20210210011835","is_ascension_mode":true,"campfire_choices":[{"floor":7,"key":"REST"},{"floor":15,"key":"REST"},{"floor":23,"key":"REST"},{"floor":25,"key":"REST"},{"floor":27,"key":"DIG"},{"floor":29,"key":"DIG"},{"floor":32,"key":"REST"}],"circlet_count":0,"master_deck":["Strike_R+1","Strike_R+1","Strike_R","Strike_R+1","Defend_R","Defend_R","Defend_R","Defend_R+1","Bash","Exhume","Dual Wield","Headbutt","Thunderclap","Doubt","Inflame","Dual Wield","Blood for Blood","Regret","Clothesline","Reaper","Metallicize","Intimidate","Dropkick","Ghostly","Ghostly","Ghostly","Ghostly","Ghostly","Evolve","Uppercut","Headbutt","Spot Weakness","RitualDagger"],"relics":["Burning Blood","CultistMask","Mummified Hand","Whetstone","Ginger","Omamori","Calling Bell","Bag of Preparation","The Courier","Old Coin","Nunchaku","Shovel","Pen Nib","Darkstone Periapt","Centennial Puzzle","MutagenicStrength","Letter Opener","Happy Flower"],"acts_visited":["Exordium","TheCity"],"potions_floor_usage":[6,16,18,18,33],"damage_taken":[{"damage":9,"enemies":"2 Louse","floor":1,"turns":4},{"damage":10,"enemies":"Jaw Worm","floor":5,"turns":4},{"damage":39,"enemies":"Lagavulin","floor":6,"turns":8},{"damage":6,"enemies":"Gremlin Nob","floor":11,"turns":3},{"damage":1,"enemies":"Cultist","floor":12,"turns":3},{"damage":16,"enemies":"3 Louse","floor":14,"turns":3},{"damage":49,"enemies":"Slime Boss","floor":16,"turns":9},{"damage":52,"enemies":"3 Byrds","floor":18,"turns":7},{"damage":28,"enemies":"Chosen","floor":19,"turns":6},{"damage":33,"enemies":"Snake Plant","floor":20,"turns":4},{"damage":23,"enemies":"Book of Stabbing","floor":30,"turns":6},{"damage":35,"enemies":"Champ","floor":33,"turns":11}],"seed_played":"-7873552503545384462","potions_obtained":[{"floor":1,"key":"Fire Potion"},{"floor":5,"key":"SpeedPotion"},{"floor":12,"key":"HeartOfIron"},{"floor":16,"key":"Fire Potion"},{"floor":30,"key":"Block Potion"}],"is_trial":false,"path_per_floor":["M","?","?","?","M","E","R","?","T","$","E","M","?","M","R","B",null,"M","M","M","?","$","R","$","R","T","R","?","R","E","?","R","B"],"character_chosen":"IRONCLAD","items_purchased":["Inflame","Whetstone","Evolve","Nunchaku","Uppercut","Shovel","Pen Nib","Headbutt"],"campfire_rested":5,"item_purchase_floors":[10,10,22,22,22,22,22,24],"current_hp_per_floor":[77,77,61,61,57,24,48,48,48,48,48,53,53,43,67,24,80,43,30,9,9,9,21,21,33,33,33,33,33,22,16,28,0,0],"gold":35,"neow_bonus":"ONE_RANDOM_RARE_CARD","is_daily":false,"chose_seed":false,"campfire_upgraded":0,"win_rate":0.0,"timestamp":1612941515,"path_taken":["M","?","?","?","?","E","R","?","T","?","E","?","?","M","R","BOSS","M","M","M","?","$","R","$","R","T","R","?","R","E","?","R","BOSS"],"items_purchased_type":["Card","Relic","Card","Relic","Card","Relic","Relic","Card"],"build_version":"2020-12-22","purchased_purges":0,"victory":false,"max_hp_per_floor":[80,80,80,80,80,80,80,80,80,80,80,80,80,80,80,80,80,80,80,80,40,40,40,40,40,40,40,40,40,40,40,40,40,40],"relic_stats":{"Darkstone Periapt":0,"Happy Flower":[3],"counters":[12,68],"Pen Nib":[3],"Bag of Preparation":[10],"Whetstone":["Strike_R","Strike_R"],"Ginger":[21],"Letter Opener":[10],"Burning Blood":66,"Nunchaku":[3],"Centennial Puzzle":[6],"Shovel":2,"Mummified Hand":[14],"obtain_stats":[{"Darkstone Periapt":26,"Happy Flower":30,"The Courier":17,"Pen Nib":22,"Omamori":13,"Bag of Preparation":17,"Whetstone":10,"Ginger":11,"Letter Opener":29,"Burning Blood":0,"Old Coin":17,"Calling Bell":17,"Nunchaku":22,"Centennial Puzzle":27,"Shovel":22,"Mummified Hand":6,"MutagenicStrength":28,"CultistMask":4},{"Darkstone Periapt":10,"Happy Flower":11,"The Courier":7,"Pen Nib":10,"Omamori":5,"Bag of Preparation":7,"Whetstone":3,"Ginger":4,"Letter Opener":10,"Burning Blood":0,"Old Coin":7,"Calling Bell":7,"Nunchaku":10,"Centennial Puzzle":10,"Shovel":10,"Mummified Hand":3,"MutagenicStrength":10,"CultistMask":1},{"Darkstone Periapt":51,"Happy Flower":57,"The Courier":34,"Pen Nib":51,"Omamori":22,"Bag of Preparation":34,"Whetstone":16,"Ginger":19,"Letter Opener":51,"Burning Blood":0,"Old Coin":34,"Calling Bell":34,"Nunchaku":51,"Centennial Puzzle":51,"Shovel":51,"Mummified Hand":16,"MutagenicStrength":51,"CultistMask":4}]},"card_choices":[{"not_picked":["Searing Blow","Pommel Strike"],"picked":"Dual Wield","floor":1},{"not_picked":["Warcry","Wild Strike"],"picked":"Headbutt","floor":5},{"not_picked":["Sword Boomerang","Cleave"],"picked":"Thunderclap","floor":6},{"not_picked":["Sword Boomerang","Battle Trance"],"picked":"Dual Wield","floor":11},{"not_picked":["Uppercut","Iron Wave"],"picked":"Blood for Blood","floor":12},{"not_picked":["Sentinel","Reckless Charge"],"picked":"Clothesline","floor":14},{"not_picked":["Offering","Berserk"],"picked":"Reaper","floor":16},{"not_picked":["Flame Barrier","Armaments"],"picked":"Metallicize","floor":18},{"not_picked":["Sword Boomerang+1","Wild Strike"],"picked":"Intimidate","floor":19},{"not_picked":["Clash","Twin Strike"],"picked":"Dropkick","floor":20},{"not_picked":["Sever Soul","Clash"],"picked":"Spot Weakness","floor":30}],"player_experience":158097,"relics_obtained":[{"floor":6,"key":"Mummified Hand"},{"floor":11,"key":"Ginger"},{"floor":17,"key":"Bag of Preparation"},{"floor":17,"key":"The Courier"},{"floor":17,"key":"Old Coin"},{"floor":26,"key":"Darkstone Periapt"},{"floor":27,"key":"Centennial Puzzle"},{"floor":29,"key":"Letter Opener"},{"floor":30,"key":"Happy Flower"}],"event_choices":[{"cards_removed":["Strike_R"],"damage_healed":0,"gold_gain":0,"player_choice":"Card Removal","damage_taken":0,"max_hp_gain":0,"max_hp_loss":0,"event_name":"The Cleric","floor":2,"gold_loss":50},{"damage_healed":0,"gold_gain":0,"player_choice":"Entered Light","damage_taken":16,"max_hp_gain":0,"max_hp_loss":0,"event_name":"Shining Light","floor":3,"gold_loss":0,"cards_upgraded":["Defend_R","Strike_R"]},{"damage_healed":0,"gold_gain":0,"player_choice":"Trade","damage_taken":0,"relics_obtained":["CultistMask"],"max_hp_gain":0,"max_hp_loss":0,"event_name":"FaceTrader","floor":4,"gold_loss":0},{"damage_healed":0,"gold_gain":175,"player_choice":"AGREE","damage_taken":0,"max_hp_gain":0,"max_hp_loss":0,"event_name":"Liars Game","floor":8,"gold_loss":0,"cards_obtained":["Doubt"]},{"damage_healed":0,"gold_gain":0,"player_choice":"Box","damage_taken":0,"relics_obtained":["Omamori"],"max_hp_gain":0,"max_hp_loss":0,"event_name":"Big Fish","floor":13,"gold_loss":0,"cards_obtained":["Regret"]},{"damage_healed":0,"gold_gain":0,"player_choice":"Became a Ghost","damage_taken":0,"max_hp_gain":0,"max_hp_loss":40,"event_name":"Ghosts","floor":21,"gold_loss":0,"cards_obtained":["Ghostly","Ghostly","Ghostly","Ghostly","Ghostly"]},{"damage_healed":0,"gold_gain":0,"player_choice":"Inject Mutagens","damage_taken":0,"relics_obtained":["MutagenicStrength"],"max_hp_gain":0,"max_hp_loss":0,"event_name":"Drug Dealer","floor":28,"gold_loss":0},{"damage_healed":0,"gold_gain":0,"player_choice":"Joined the Cult","damage_taken":6,"max_hp_gain":0,"max_hp_loss":0,"event_name":"Nest","floor":31,"gold_loss":0,"cards_obtained":["RitualDagger"]}],"is_beta":false,"boss_relics":[{"not_picked":["Philosopher\u0027s Stone","SacredBark"],"picked":"Calling Bell"}],"items_purged_floors":[],"is_endless":false,"potions_floor_spawned":[1,5,12,16,30],"killed_by":"Champ","ascension_level":2}}