{"host":"65j9mga0429zsj8m","time":1612948881,"event":{"mods":["2.2 Compatiblity","BaseMod","Card Forge","Downfall","GifTheSpireLib","Minty Spire (QoL Compilation)","StSLib"],"gold_per_floor":[99,115,126,139,153,88,88,88,263,292,292,292,292,292,311,406,406,306,406,9,28,28,58,58,58,58,58],"floor_reached":25,"language":"ENG","playtime":2127,"items_purged":[],"score":242,"play_id":"29e7db89-d9ab-4bff-a696-61c74980f5af","local_time":"20210210202121","is_ascension_mode":false,"campfire_choices":[{"data":"bronze:BronzeOrb","floor":1,"key":"SMITH"},{"data":"bronze:Format","floor":8,"key":"SMITH"},{"floor":13,"key":"RECALL"},{"data":"bronze:FindAndReplace","floor":18,"key":"SMITH"}],"circlet_count":0,"master_deck":["bronze:Replicate","bronze:BronzeOrb+1","bronze:Constructor","bronze:DelayedSlice","bronze:Frontload","bronze:Flail+1","bronze:WhirlingStrike","bronze:ChosenStrike+1","bronze:Overheat+1","bronze:Branch","bronze:Format+1","bronze:Frontload","bronze:Overheat","bronze:Boost","bronze:FindAndReplace+1","bronze:ForLoop","expansioncontent:YouAreMine","bronze:BitShift+1","bronze:Iterate+1"],"relics":["bronze:BronzeCore","Hammer of Thor","Seething Fire","Anvil of the Gods","Oddly Smooth Stone","Omamori","Strawberry","Thread and Needle","Velvet Choker","downfall:HeartBlessingRed","Lizard Tail","Meat on the Bone","Ice Cream"],"acts_visited":["Exordium","TheCity"],"potions_floor_usage":[23,25,25],"damage_taken":[{"damage":0,"enemies":"Cultist","floor":2,"turns":2},{"damage":0,"enemies":"2 Louse","floor":3,"turns":1},{"damage":0,"enemies":"Small Slimes","floor":4,"turns":1},{"damage":11,"enemies":"Exordium Thugs","floor":5,"turns":3},{"damage":0,"enemies":"downfall:FleeingMerchant","floor":6,"turns":4},{"damage":2,"enemies":"Gremlin Nob","floor":10,"turns":4},{"damage":0,"enemies":"2 Fungi Beasts","floor":15,"turns":1},{"damage":3,"enemies":"SI_SHIV_ARCHETYPE","floor":16,"turns":5},{"damage":2,"enemies":"downfall:FleeingMerchant","floor":20,"turns":4},{"damage":0,"enemies":"3 Byrds","floor":21,"turns":2},{"damage":0,"enemies":"Slavers","floor":23,"turns":4},{"damage":102,"enemies":"Book of Stabbing","floor":25,"turns":9}],"seed_played":"-5759787510788311735","potions_obtained":[{"floor":3,"key":"sneckomod:MuddlingPotion"},{"floor":4,"key":"bronze:FreeFunctionsPotion"},{"floor":10,"key":"bronze:BurnAndBuffPotion"},{"floor":16,"key":"Slimebound:ThreeZeroPotion"},{"floor":21,"key":"champ:CounterPotion"},{"floor":23,"key":"bronze:BuildAFunctionPotion"}],"is_trial":false,"path_per_floor":["R","M","M","M","M","$","T","R","?","E","?","?","R","T","M","B",null,"R","?","$","M","?","E","T","E"],"character_chosen":"THE_AUTOMATON","items_purchased":["bronze:Frontload","Lizard Tail","expansioncontent:YouAreMine"],"campfire_rested":0,"item_purchase_floors":[6,20,20],"current_hp_per_floor":[70,70,70,70,59,59,59,59,59,64,64,64,64,64,64,61,77,77,77,75,75,61,61,61,0,0,0],"gold":58,"neow_bonus":"RANDOM_COMMON_RELIC","is_daily":false,"chose_seed":false,"campfire_upgraded":3,"win_rate":0.0,"timestamp":1612948881,"path_taken":["R","M","M","M","?","$","T","R","?","E","?","?","R","?","M","BOSS","R","?","$","M","?","E","T","E"],"items_purchased_type":["Card","Relic","Card"],"build_version":"2020-12-22","purchased_purges":0,"victory":false,"max_hp_per_floor":[70,70,70,70,70,70,70,70,70,77,77,77,77,77,77,77,77,77,77,77,77,82,82,82,82,82,82],"card_choices":[{"not_picked":["bronze:Frontload","bronze:GetLatest"],"picked":"bronze:WhirlingStrike","floor":2},{"not_picked":["bronze:DelayedGuard","bronze:Deprecate"],"picked":"bronze:ChosenStrike","floor":3},{"not_picked":["bronze:BronzeArmor","bronze:GetLatest"],"picked":"bronze:Overheat","floor":4},{"not_picked":["bronze:FineTuning","bronze:Constructor"],"picked":"bronze:Branch","floor":5},{"not_picked":["bronze:Invalidate","bronze:CutThrough"],"picked":"bronze:Format","floor":6},{"not_picked":["bronze:Shield","bronze:BuggyMess"],"picked":"bronze:Overheat","floor":10},{"not_picked":["bronze:Iterate","bronze:Overload"],"picked":"bronze:Boost","floor":15},{"not_picked":["bronze:Mutator","bronze:CleanCode"],"picked":"bronze:FindAndReplace","floor":16},{"not_picked":["bronze:BuggyMess","bronze:Invalidate+1"],"picked":"bronze:ForLoop","floor":20},{"not_picked":["bronze:CleanCode","bronze:Shield"],"picked":"bronze:BitShift+1","floor":21},{"not_picked":["bronze:BitShift","bronze:Refactor+1"],"picked":"bronze:Iterate+1","floor":23}],"player_experience":83467,"relics_obtained":[{"floor":7,"key":"Omamori"},{"floor":10,"key":"Strawberry"},{"floor":14,"key":"Thread and Needle"},{"floor":23,"key":"Meat on the Bone"},{"floor":24,"key":"Ice Cream"}],"event_choices":[{"cards_removed":["bronze:Goto"],"damage_healed":0,"gold_gain":0,"player_choice":"Forget","damage_taken":0,"max_hp_gain":0,"max_hp_loss":0,"event_name":"Living Wall","floor":11,"gold_loss":0}],"is_beta":false,"boss_relics":[{"not_picked":["Sozu","Empty Cage"],"picked":"Velvet Choker"}],"items_purged_floors":[],"is_endless":false,"potions_floor_spawned":[3,4,10,16,21,23],"killed_by":"Book of Stabbing","ascension_level":0}}