{"host":"5kirneupyg4uzd3w","time":1612958669,"event":{"mods":["BaseMod","Colored Map","Custom Start","Minty Spire (QoL Compilation)","StSLib","SuperFastMode"],"gold_per_floor":[117,131,56,56,56,56,56,71,153,153,153],"floor_reached":10,"language":"KOR","playtime":140,"items_purged":[],"score":112,"play_id":"d887aeea-6f7f-45b5-9993-15b3a812e573","local_time":"20210210210429","is_ascension_mode":true,"campfire_choices":[{"data":"Whirlwind","floor":6,"key":"SMITH"}],"circlet_count":0,"master_deck":["AscendersBane","Strike_R","Strike_R","Strike_R","Defend_R","Defend_R","Defend_R","Bash","Whirlwind+1","Shrug It Off+1","Uppercut"],"relics":["Burning Blood","Letter Opener","Pear"],"acts_visited":["Exordium"],"potions_floor_usage":[8],"damage_taken":[{"damage":10.0,"enemies":"Small Slimes","floor":1.0,"turns":4.0},{"damage":23,"enemies":"Jaw Worm","floor":2,"turns":6},{"damage":6,"enemies":"Cultist","floor":8,"turns":4},{"damage":38,"enemies":"Lagavulin","floor":10,"turns":6}],"seed_played":"-7326274134884750076","potions_obtained":[{"floor":2,"key":"BloodPotion"}],"is_trial":false,"path_per_floor":["M","M","?","?","?","R","?","M","T","E"],"character_chosen":"IRONCLAD","items_purchased":[],"campfire_rested":0,"item_purchase_floors":[],"current_hp_per_floor":[46,29,29,11,11,11,11,26,36,0,0],"gold":153,"neow_bonus":"REMOVE_TWO","is_daily":false,"chose_seed":false,"campfire_upgraded":1,"win_rate":0.0,"timestamp":1612958669,"path_taken":["M","M","?","?","?","R","?","M","T","E"],"items_purchased_type":[],"build_version":"2020-12-22","purchased_purges":0,"victory":false,"max_hp_per_floor":[75,75,75,75,75,75,75,75,85,85,85],"card_choices":[{"not_picked":["Flex","Dark Embrace"],"picked":"Whirlwind","floor":1},{"not_picked":["Metallicize","Sentinel"],"picked":"Shrug It Off","floor":2},{"not_picked":["Warcry","Fire Breathing"],"picked":"Uppercut","floor":8}],"player_experience":316452,"relics_obtained":[{"floor":9,"key":"Pear"}],"event_choices":[{"cards_removed":["Defend_R"],"damage_healed":0,"gold_gain":0,"player_choice":"Card Removal","damage_taken":0,"max_hp_gain":0,"max_hp_loss":0,"event_name":"The Cleric","floor":3,"gold_loss":75},{"damage_healed":0,"gold_gain":0,"player_choice":"Success","damage_taken":18,"relics_obtained":["Letter Opener"],"max_hp_gain":0,"max_hp_loss":0,"event_name":"Scrap Ooze","floor":4,"gold_loss":0},{"damage_healed":0,"gold_gain":0,"player_choice":"Ignored","damage_taken":0,"max_hp_gain":0,"max_hp_loss":0,"event_name":"Liars Game","floor":5,"gold_loss":0},{"damage_healed":0,"gold_gain":0,"player_choice":"Upgraded","damage_taken":0,"max_hp_gain":0,"max_hp_loss":0,"event_name":"Upgrade Shrine","floor":7,"gold_loss":0,"cards_upgraded":["Shrug It Off"]}],"is_beta":false,"boss_relics":[],"items_purged_floors":[],"is_endless":false,"potions_floor_spawned":[2],"killed_by":"Lagavulin","ascension_level":20}}