{"host":"rw1trt79hfpl7pom","time":1612952223,"event":{"mods":["BaseMod","Bestiary","Colored Map","Minty Spire (QoL Compilation)","Relic Stats","StSLib","SuperFastMode"],"gold_per_floor":[13,13,25,25,25,25,25,62,87,87,87,106,126,170,170,258,258,285,311,361,411,101,135,135,167,167,192,192,220,247,247,247,335,335,355,375,375,394,218,218,218,218],"floor_reached":41,"language":"ENG","playtime":1844,"items_purged":["Strike_B","Strike_B"],"score":928,"play_id":"74064e2c-e203-4fd6-83fd-e19bddf4c7ec","local_time":"20210210021703","is_ascension_mode":true,"campfire_choices":[{"data":"Darkness","floor":6.0,"key":"SMITH"},{"floor":11.0,"key":"REST"},{"data":"Sunder","floor":15.0,"key":"SMITH"},{"data":"Biased Cognition","floor":24.0,"key":"SMITH"},{"data":"Hologram","floor":28.0,"key":"SMITH"},{"data":"Hologram","floor":32.0,"key":"SMITH"},{"data":"Glacier","floor":40.0,"key":"SMITH"}],"circlet_count":0,"master_deck":["AscendersBane","Defend_B","Defend_B","Defend_B","Zap","Dualcast","Darkness+1","Hologram+1","Genetic Algorithm","Glacier+1","Hologram+1","Sweeping Beam","Sunder+1","Biased Cognition+1","Sweeping Beam+1","Conserve Battery","Undo","Coolheaded","Conserve Battery+1","Glacier","Lockon","Echo Form","Echo Form","Undo","Aggregate"],"relics":["Cracked Core","Pocketwatch","CeramicFish","Toy Ornithopter","StoneCalendar","Inserter","Membership Card","Bronze Scales","InkBottle","Eternal Feather","White Beast Statue","Pear","Coffee Dripper","Oddly Smooth Stone"],"acts_visited":["Exordium","TheCity","TheBeyond"],"potions_floor_usage":[41],"damage_taken":[{"damage":12.0,"enemies":"Jaw Worm","floor":1.0,"turns":2.0},{"damage":5.0,"enemies":"Small Slimes","floor":3.0,"turns":4.0},{"damage":20.0,"enemies":"3 Sentries","floor":8.0,"turns":4.0},{"damage":0.0,"enemies":"2 Louse","floor":12.0,"turns":4.0},{"damage":0.0,"enemies":"Looter","floor":13.0,"turns":2.0},{"damage":16.0,"enemies":"Gremlin Nob","floor":14.0,"turns":4.0},{"damage":22.0,"enemies":"Slime Boss","floor":16.0,"turns":6.0},{"damage":6.0,"enemies":"Spheric Guardian","floor":18.0,"turns":5.0},{"damage":13.0,"enemies":"3 Byrds","floor":19.0,"turns":7.0},{"damage":4.0,"enemies":"Book of Stabbing","floor":23.0,"turns":7.0},{"damage":10.0,"enemies":"Gremlin Leader","floor":25.0,"turns":6.0},{"damage":7.0,"enemies":"Cultist and Chosen","floor":27.0,"turns":5.0},{"damage":1.0,"enemies":"Snake Plant","floor":29.0,"turns":7.0},{"damage":0.0,"enemies":"3 Cultists","floor":30.0,"turns":7.0},{"damage":23.0,"enemies":"Champ","floor":33.0,"turns":12.0},{"damage":27.0,"enemies":"3 Darklings","floor":35.0,"turns":7.0},{"damage":17.0,"enemies":"Orb Walker","floor":36.0,"turns":7.0},{"damage":44.0,"enemies":"Maw","floor":38.0,"turns":8.0},{"damage":40,"enemies":"Reptomancer","floor":41,"turns":3}],"seed_played":"-5020099063625608181","potions_obtained":[{"floor":3.0,"key":"Dexterity Potion"},{"floor":13.0,"key":"LiquidMemories"},{"floor":16.0,"key":"LiquidMemories"},{"floor":18.0,"key":"FocusPotion"},{"floor":23.0,"key":"Block Potion"},{"floor":27.0,"key":"DistilledChaos"},{"floor":29.0,"key":"Regen Potion"},{"floor":33.0,"key":"PowerPotion"},{"floor":35.0,"key":"PotionOfCapacity"},{"floor":36.0,"key":"DistilledChaos"},{"floor":38.0,"key":"SpeedPotion"}],"is_trial":false,"path_per_floor":["M","?","M","$","?","R","$","E","T","?","R","M","M","E","R","B",null,"M","M","?","?","$","E","R","E","T","M","R","M","M","T","R","B",null,"M","M","?","M","$","R","E"],"character_chosen":"DEFECT","items_purchased":["Membership Card","Bronze Scales","Undo","Oddly Smooth Stone","Undo","Aggregate"],"campfire_rested":1,"item_purchase_floors":[22,22,22,39,39,39],"current_hp_per_floor":[52,52,47,47,40,40,40,20,20,20,41,41,41,30,30,8,55,49,36,36,36,36,37,37,27,27,25,37,41,41,51,63,45,72,64,52,52,13,13,28,0,0],"gold":218,"neow_bonus":"ONE_RARE_RELIC","is_daily":false,"chose_seed":false,"campfire_upgraded":6,"win_rate":0.0,"timestamp":1612952223,"path_taken":["M","?","M","$","?","R","?","E","T","?","R","M","M","E","R","BOSS","M","M","?","?","$","E","R","E","T","M","R","M","?","?","R","BOSS","M","?","?","M","$","R","E"],"items_purchased_type":["Relic","Relic","Card","Relic","Card","Card"],"build_version":"2020-12-22","purchased_purges":2,"victory":false,"max_hp_per_floor":[71,71,71,71,71,71,71,71,71,71,71,71,71,71,71,71,71,71,71,71,71,71,71,71,71,71,71,71,71,71,81,81,81,81,81,81,81,81,81,81,81,81],"relic_stats":{"Inserter":[40],"counters":[19,107],"CeramicFish":144,"Bronze Scales":[282],"StoneCalendar":[169],"Eternal Feather":39,"obtain_stats":[{"Inserter":17,"Pear":31,"CeramicFish":8,"Oddly Smooth Stone":39,"StoneCalendar":14,"Eternal Feather":25,"White Beast Statue":26,"Bronze Scales":22,"Coffee Dripper":34,"Membership Card":22,"Cracked Core":0,"Toy Ornithopter":9,"InkBottle":23,"Pocketwatch":0},{"Inserter":7,"Pear":14,"CeramicFish":3,"Oddly Smooth Stone":18,"StoneCalendar":6,"Eternal Feather":11,"White Beast Statue":11,"Bronze Scales":9,"Coffee Dripper":15,"Membership Card":9,"Cracked Core":0,"Toy Ornithopter":3,"InkBottle":10,"Pocketwatch":0},{"Inserter":26,"Pear":70,"CeramicFish":10,"Oddly Smooth Stone":104,"StoneCalendar":20,"Eternal Feather":51,"White Beast Statue":51,"Bronze Scales":38,"Coffee Dripper":82,"Membership Card":38,"Cracked Core":0,"Toy Ornithopter":10,"InkBottle":45,"Pocketwatch":0}],"Toy Ornithopter":45,"InkBottle":[19],"Pocketwatch":[194]},"card_choices":[{"not_picked":["Streamline","Chill"],"picked":"Darkness","floor":1.0},{"not_picked":["Scrape","Rebound"],"picked":"Genetic Algorithm","floor":3.0},{"not_picked":["Redo","Compile Driver"],"picked":"Glacier","floor":8.0},{"not_picked":["Streamline","Beam Cell"],"picked":"Hologram","floor":12.0},{"not_picked":["Steam","Gash"],"picked":"Sweeping Beam","floor":13.0},{"not_picked":["Compile Driver","Turbo"],"picked":"Sunder","floor":14.0},{"not_picked":["Meteor Strike","Rainbow"],"picked":"Biased Cognition","floor":16.0},{"not_picked":["Turbo","Reinforced Body"],"picked":"Sweeping Beam+1","floor":18.0},{"not_picked":["Beam Cell","Compile Driver"],"picked":"Conserve Battery","floor":19.0},{"not_picked":["Redo","Reboot"],"picked":"Coolheaded","floor":23.0},{"not_picked":["Sweeping Beam","Go for the Eyes","Streamline"],"picked":"SKIP","floor":25.0},{"not_picked":["Cold Snap","Tempest+1"],"picked":"Conserve Battery+1","floor":27.0},{"not_picked":["Storm","Redo"],"picked":"Glacier","floor":29.0},{"not_picked":["Steam","Doom and Gloom"],"picked":"Lockon","floor":30.0},{"not_picked":["Reboot","Biased Cognition"],"picked":"Echo Form","floor":33.0},{"not_picked":["Gash+1","Leap","Steam+1"],"picked":"SKIP","floor":35.0},{"not_picked":["Sweeping Beam","Tempest","BootSequence+1"],"picked":"SKIP","floor":36.0},{"not_picked":["Go for the Eyes","Skim"],"picked":"Echo Form","floor":38.0}],"player_experience":2678795,"relics_obtained":[{"floor":8.0,"key":"CeramicFish"},{"floor":9.0,"key":"Toy Ornithopter"},{"floor":14.0,"key":"StoneCalendar"},{"floor":23.0,"key":"InkBottle"},{"floor":25.0,"key":"Eternal Feather"},{"floor":26.0,"key":"White Beast Statue"},{"floor":31.0,"key":"Pear"}],"event_choices":[{"damage_healed":0.0,"max_hp_gain":0.0,"max_hp_loss":0.0,"gold_gain":0.0,"cards_transformed":["Strike_B"],"event_name":"Living Wall","player_choice":"Change","floor":2.0,"gold_loss":0.0,"damage_taken":0.0,"cards_obtained":["Hologram"]},{"cards_removed":["Defend_B"],"damage_healed":0.0,"max_hp_gain":0.0,"max_hp_loss":0.0,"gold_gain":0.0,"event_name":"Golden Wing","player_choice":"Card Removal","floor":5.0,"gold_loss":0.0,"damage_taken":7.0},{"damage_healed":0.0,"max_hp_gain":0.0,"max_hp_loss":0.0,"gold_gain":0.0,"event_name":"Liars Game","player_choice":"Ignored","floor":10.0,"gold_loss":0.0,"damage_taken":0.0},{"damage_healed":0.0,"max_hp_gain":0.0,"max_hp_loss":0.0,"gold_gain":50.0,"event_name":"Nest","player_choice":"Stole From Cult","floor":20.0,"gold_loss":0.0,"damage_taken":0.0},{"damage_healed":0.0,"max_hp_gain":0.0,"max_hp_loss":0.0,"gold_gain":50.0,"event_name":"Golden Shrine","player_choice":"Pray","floor":21.0,"gold_loss":0.0,"damage_taken":0.0},{"cards_removed":["Strike_B"],"damage_healed":0.0,"max_hp_gain":0.0,"max_hp_loss":0.0,"gold_gain":0.0,"event_name":"Falling","player_choice":"Removed Attack","floor":37.0,"gold_loss":0.0,"damage_taken":0.0}],"is_beta":false,"boss_relics":[{"not_picked":["Velvet Choker","FrozenCore"],"picked":"Inserter"},{"not_picked":["Pandora\u0027s Box","Busted Crown"],"picked":"Coffee Dripper"}],"items_purged_floors":[22,39],"is_endless":false,"potions_floor_spawned":[3,13,16,18,19,23,27,29,30,33,35,36,38],"killed_by":"Reptomancer","ascension_level":20}}