{"host":"j14jowy3nc3m7wd7","time":1612952524,"event":{"mods":["AchievementEnabler","BaseMod","Bestiary","Curses Come First","Minty Spire (QoL Compilation)","Permanent Neow","Poor People Problems","Quick Restart","Relic Stats","Remove Card Discount Mod","StSLib"],"gold_per_floor":[111,126,513,531,544,544,574,574,574,574,586,596,596,623,623,696,696,707,723,723,378,378,708,774,804,804,854,954,973,630,664,664,736,736,747,83,133,208,221,249,249,275,321,339,366,377,427,477,477,477,477],"floor_reached":52,"language":"ENG","playtime":2014,"items_purged":["Strike_R","Strike_R","Strike_R","Strike_R","Strike_R"],"score":2766,"play_id":"923d186c-7695-4b25-a23c-f0a374f3a410","local_time":"20210210022204","is_ascension_mode":true,"campfire_choices":[{"data":"Inflame","floor":6.0,"key":"SMITH"},{"data":"True Grit","floor":8.0,"key":"SMITH"},{"data":"Bash","floor":10.0,"key":"SMITH"},{"data":"Cleave","floor":13.0,"key":"SMITH"},{"data":"Feel No Pain","floor":15.0,"key":"SMITH"},{"data":"Demon Form","floor":32.0,"key":"SMITH"},{"floor":41.0,"key":"DIG"},{"floor":49.0,"key":"DIG"}],"circlet_count":0,"master_deck":["AscendersBane","Defend_R","Defend_R","Defend_R+1","Defend_R","Bash+1","Carnage","Shockwave","Inflame+1","Cleave+1","True Grit+1","Sword Boomerang","Second Wind","Feel No Pain+1","Exhume","Demon Form+1","Ghostly+1","Ghostly","Ghostly","Immolate","Dark Embrace","Double Tap","Entrench+1","Feel No Pain","Body Slam+1","Feed","Flame Barrier+1","Bludgeon","Blood for Blood","Evolve","Shockwave","Clothesline","Dual Wield+1"],"relics":["Coffee Dripper","Pocketwatch","Ancient Tea Set","Bronze Scales","Self Forming Clay","WingedGreaves","Snecko Eye","Lee\u0027s Waffle","SsserpentHead","Old Coin","Blood Vial","Bag of Marbles","War Paint","Kunai","Happy Flower","Runic Pyramid","Membership Card","Du-Vu Doll","Gremlin Horn","Unceasing Top","Shovel","Prayer Wheel","Ornamental Fan","Regal Pillow","Anchor","Bottled Lightning"],"acts_visited":["Exordium","TheCity","TheBeyond"],"potions_floor_usage":[51,51,51,51],"damage_taken":[{"damage":6.0,"enemies":"Cultist","floor":1.0,"turns":3.0},{"damage":5.0,"enemies":"Small Slimes","floor":2.0,"turns":3.0},{"damage":0.0,"enemies":"2 Louse","floor":4.0,"turns":2.0},{"damage":25.0,"enemies":"Exordium Thugs","floor":5.0,"turns":4.0},{"damage":5.0,"enemies":"3 Sentries","floor":7.0,"turns":4.0},{"damage":1.0,"enemies":"3 Louse","floor":11.0,"turns":2.0},{"damage":0.0,"enemies":"Blue Slaver","floor":12.0,"turns":3.0},{"damage":0.0,"enemies":"Gremlin Nob","floor":14.0,"turns":3.0},{"damage":4.0,"enemies":"Hexaghost","floor":16.0,"turns":5.0},{"damage":16.0,"enemies":"Spheric Guardian","floor":18.0,"turns":5.0},{"damage":7.0,"enemies":"Shell Parasite","floor":19.0,"turns":3.0},{"damage":0.0,"enemies":"Gremlin Leader","floor":23.0,"turns":4.0},{"damage":2.0,"enemies":"Shelled Parasite and Fungi","floor":24.0,"turns":3.0},{"damage":0.0,"enemies":"Book of Stabbing","floor":25.0,"turns":3.0},{"damage":0.0,"enemies":"3 Cultists","floor":29.0,"turns":3.0},{"damage":1.0,"enemies":"Slavers","floor":31.0,"turns":2.0},{"damage":0.0,"enemies":"Automaton","floor":33.0,"turns":4.0},{"damage":0.0,"enemies":"3 Shapes","floor":35.0,"turns":3.0},{"damage":10.0,"enemies":"Mind Bloom Boss Battle","floor":38.0,"turns":8.0},{"damage":0.0,"enemies":"Orb Walker","floor":39.0,"turns":3.0},{"damage":0.0,"enemies":"Reptomancer","floor":40.0,"turns":3.0},{"damage":0.0,"enemies":"Nemesis","floor":42.0,"turns":5.0},{"damage":0.0,"enemies":"Spire Growth","floor":44.0,"turns":3.0},{"damage":3.0,"enemies":"Reptomancer","floor":45.0,"turns":4.0},{"damage":0.0,"enemies":"Maw","floor":46.0,"turns":6.0},{"damage":0,"enemies":"Time Eater","floor":50,"turns":6},{"damage":0,"enemies":"Donu and Deca","floor":51,"turns":6}],"seed_played":"-4430390468633636387","potions_obtained":[{"floor":1.0,"key":"Block Potion"},{"floor":5.0,"key":"Swift Potion"},{"floor":14.0,"key":"Strength Potion"},{"floor":18.0,"key":"Swift Potion"},{"floor":25.0,"key":"Energy Potion"},{"floor":29.0,"key":"SkillPotion"}],"is_trial":false,"path_per_floor":["M","M","$","M","M","R","E","R","T","R","M","M","R","E","R","B",null,"M","M","?","$","?","E","M","E","T","T","?","M","$","E","R","B",null,"M","$","?","?","M","E","R","E","T","M","E","M","?","?","R","B","B",null],"character_chosen":"IRONCLAD","items_purchased":["Pocketwatch","Ancient Tea Set","Inflame","Cleave","Lee\u0027s Waffle","Immolate","Kunai","Feel No Pain","Membership Card","Du-Vu Doll","Gremlin Horn","Bludgeon","Blood for Blood","Evolve","EntropicBrew"],"campfire_rested":0,"item_purchase_floors":[3,3,3,3,21,21,30,30,36,36,36,36,36,36,36],"current_hp_per_floor":[62,57,57,57,62,62,57,57,57,57,56,56,56,56,56,52,69,53,46,37,44,44,44,42,42,42,42,42,44,44,43,43,44,44,44,44,42,45,48,51,51,54,54,57,57,62,52,52,52,54,59],"gold":477,"neow_bonus":"BOSS_RELIC","is_daily":false,"chose_seed":false,"campfire_upgraded":6,"win_rate":0.0,"timestamp":1612952524,"path_taken":["M","?","$","M","M","R","E","R","T","R","M","M","R","E","R","BOSS","M","M","?","$","?","E","?","E","T","?","?","M","$","E","R","BOSS","M","$","?","?","M","E","R","E","T","M","E","M","?","?","R","BOSS","BOSS"],"items_purchased_type":["Relic","Relic","Card","Card","Relic","Card","Relic","Card","Relic","Relic","Relic","Card","Card","Card","Potion"],"build_version":"2020-12-22","purchased_purges":5,"victory":true,"max_hp_per_floor":[75,75,75,75,75,75,75,75,75,75,75,75,75,75,75,75,75,75,75,37,44,44,44,44,44,44,44,44,44,44,44,44,44,44,44,44,42,45,48,51,51,54,54,57,60,63,63,63,63,63,66],"relic_stats":{"Lee\u0027s Waffle":7,"Regal Pillow":0,"Happy Flower":[17],"Gremlin Horn":[11,11],"counters":[27,103],"Self Forming Clay":[39],"War Paint":["Defend_R","Ghostly"],"Blood Vial":9,"SsserpentHead":350,"Shovel":2,"Ornamental Fan":[20],"Bronze Scales":[207],"Snecko Eye":[123,131,133,133],"Prayer Wheel":2,"Kunai":[10],"obtain_stats":[{"Regal Pillow":43,"Gremlin Horn":36,"Ancient Tea Set":3,"Burning Blood":0,"Old Coin":23,"Blood Vial":25,"SsserpentHead":22,"Shovel":40,"Prayer Wheel":41,"WingedGreaves":14,"Kunai":30,"Runic Pyramid":34,"Lee\u0027s Waffle":21,"Happy Flower":31,"Self Forming Clay":9,"War Paint":27,"Du-Vu Doll":36,"Anchor":45,"Ornamental Fan":42,"Bronze Scales":7,"Snecko Eye":17,"Coffee Dripper":0,"Bag of Marbles":26,"Membership Card":36,"Bottled Lightning":49,"Unceasing Top":38,"Pocketwatch":3},{"Regal Pillow":22,"Gremlin Horn":18,"Ancient Tea Set":2,"Burning Blood":0,"Old Coin":12,"Blood Vial":14,"SsserpentHead":11,"Shovel":21,"Prayer Wheel":21,"WingedGreaves":8,"Kunai":15,"Runic Pyramid":17,"Lee\u0027s Waffle":11,"Happy Flower":16,"Self Forming Clay":5,"War Paint":14,"Du-Vu Doll":18,"Anchor":24,"Ornamental Fan":22,"Bronze Scales":5,"Snecko Eye":9,"Coffee Dripper":0,"Bag of Marbles":14,"Membership Card":18,"Bottled Lightning":25,"Unceasing Top":19,"Pocketwatch":2},{"Regal Pillow":78,"Gremlin Horn":59,"Ancient Tea Set":6,"Burning Blood":0,"Old Coin":41,"Blood Vial":47,"SsserpentHead":37,"Shovel":73,"Prayer Wheel":73,"WingedGreaves":24,"Kunai":50,"Runic Pyramid":56,"Lee\u0027s Waffle":37,"Happy Flower":52,"Self Forming Clay":16,"War Paint":47,"Du-Vu Doll":59,"Anchor":85,"Ornamental Fan":78,"Bronze Scales":16,"Snecko Eye":29,"Coffee Dripper":0,"Bag of Marbles":47,"Membership Card":59,"Bottled Lightning":91,"Unceasing Top":67,"Pocketwatch":6}],"Unceasing Top":[3],"Pocketwatch":[45]},"card_choices":[{"not_picked":["True Grit","Headbutt"],"picked":"Carnage","floor":1.0},{"not_picked":["Hemokinesis","Flex"],"picked":"Shockwave","floor":2.0},{"not_picked":["Inflame","Pommel Strike"],"picked":"True Grit","floor":4.0},{"not_picked":["Intimidate","Sword Boomerang","Headbutt"],"picked":"SKIP","floor":5.0},{"not_picked":["Intimidate","Headbutt"],"picked":"Sword Boomerang","floor":5.0},{"not_picked":["Rage","Fiend Fire","Havoc"],"picked":"SKIP","floor":7.0},{"not_picked":["Bloodletting","Wild Strike"],"picked":"Second Wind","floor":11.0},{"not_picked":["Iron Wave","Wild Strike"],"picked":"Feel No Pain","floor":12.0},{"not_picked":["Metallicize","Searing Blow"],"picked":"Exhume","floor":14.0},{"not_picked":["Offering","Impervious"],"picked":"Demon Form","floor":16.0},{"not_picked":["Clash","Havoc+1","Hemokinesis"],"picked":"SKIP","floor":18.0},{"not_picked":["Anger","Iron Wave","Headbutt"],"picked":"SKIP","floor":19.0},{"not_picked":["Havoc","Armaments","Anger"],"picked":"SKIP","floor":23.0},{"not_picked":["Cleave","Sword Boomerang"],"picked":"Dark Embrace","floor":24.0},{"not_picked":["Inflame+1","Perfected Strike"],"picked":"Double Tap","floor":25.0},{"not_picked":["Searing Blow","Wild Strike+1"],"picked":"Entrench+1","floor":29.0},{"not_picked":["Cleave","Carnage"],"picked":"Body Slam+1","floor":31.0},{"not_picked":["Berserk","Limit Break"],"picked":"Feed","floor":33.0},{"not_picked":["Headbutt","Clash"],"picked":"Flame Barrier+1","floor":35.0},{"not_picked":["Blood for Blood","Warcry","Thunderclap"],"picked":"SKIP","floor":39.0},{"not_picked":["Rampage","Clothesline"],"picked":"Shockwave","floor":40.0},{"not_picked":["Rupture","Intimidate","Flex"],"picked":"SKIP","floor":42.0},{"not_picked":["Berserk","Combust","Wild Strike"],"picked":"SKIP","floor":44.0},{"not_picked":["Heavy Blade","Anger","Twin Strike"],"picked":"SKIP","floor":44.0},{"not_picked":["Dark Embrace","Rampage"],"picked":"Clothesline","floor":45.0},{"not_picked":["Heavy Blade","Havoc"],"picked":"Dual Wield+1","floor":46.0},{"not_picked":["Sentinel","Perfected Strike","Sword Boomerang+1"],"picked":"SKIP","floor":46.0},{"not_picked":["HandOfGreed","Purity"],"picked":"Master of Strategy","floor":47.0}],"player_experience":14838,"relics_obtained":[{"floor":7.0,"key":"Bronze Scales"},{"floor":9.0,"key":"Self Forming Clay"},{"floor":14.0,"key":"WingedGreaves"},{"floor":23.0,"key":"Old Coin"},{"floor":25.0,"key":"Blood Vial"},{"floor":26.0,"key":"Bag of Marbles"},{"floor":27.0,"key":"War Paint"},{"floor":31.0,"key":"Happy Flower"},{"floor":38.0,"key":"Unceasing Top"},{"floor":40.0,"key":"Shovel"},{"floor":41.0,"key":"Prayer Wheel"},{"floor":42.0,"key":"Ornamental Fan"},{"floor":43.0,"key":"Regal Pillow"},{"floor":45.0,"key":"Anchor"},{"floor":49.0,"key":"Bottled Lightning"}],"event_choices":[{"damage_healed":0.0,"max_hp_gain":0.0,"max_hp_loss":38.0,"gold_gain":0.0,"event_name":"Ghosts","player_choice":"Became a Ghost","floor":20.0,"gold_loss":0.0,"damage_taken":0.0,"cards_obtained":["Ghostly","Ghostly","Ghostly"]},{"damage_healed":0.0,"max_hp_gain":0.0,"max_hp_loss":0.0,"gold_gain":0.0,"event_name":"FaceTrader","player_choice":"Trade","floor":22.0,"gold_loss":0.0,"damage_taken":0.0,"relics_obtained":["SsserpentHead"]},{"damage_healed":0.0,"max_hp_gain":0.0,"max_hp_loss":0.0,"gold_gain":50.0,"event_name":"Nest","player_choice":"Stole From Cult","floor":28.0,"gold_loss":0.0,"damage_taken":0.0},{"damage_healed":0.0,"max_hp_gain":0.0,"max_hp_loss":2.0,"gold_gain":0.0,"event_name":"Winding Halls","player_choice":"Max HP","floor":37.0,"gold_loss":0.0,"damage_taken":0.0},{"damage_healed":0.0,"max_hp_gain":0.0,"max_hp_loss":0.0,"gold_gain":0.0,"event_name":"MindBloom","player_choice":"Fight","floor":38.0,"gold_loss":0.0,"damage_taken":0.0},{"damage_healed":0.0,"max_hp_gain":0.0,"max_hp_loss":0.0,"gold_gain":0.0,"event_name":"SensoryStone","player_choice":"Memory 3","floor":47.0,"gold_loss":0.0,"damage_taken":10.0},{"cards_removed":["Master of Strategy"],"damage_healed":0.0,"max_hp_gain":0.0,"max_hp_loss":0.0,"gold_gain":0.0,"event_name":"Wheel of Change","player_choice":"Card Removal","floor":48.0,"gold_loss":0.0,"damage_taken":0.0}],"is_beta":false,"boss_relics":[{"not_picked":["Tiny House","Empty Cage"],"picked":"Snecko Eye"},{"not_picked":["Astrolabe","SacredBark"],"picked":"Runic Pyramid"}],"items_purged_floors":[3,3,21,21,21],"is_endless":false,"potions_floor_spawned":[1,5,11,14,18,25,29,31,33,38,39,40],"ascension_level":20}}