{"host":"8u1cu4kisw6g21am","time":1612938768,"event":{"mods":["AchievementEnabler","BaseMod","Bestiary","BetterRewards","Minty Spire (QoL Compilation)","Quick Restart","Shop Mod","StSLib"],"gold_per_floor":[112,112,112,112,135,135,149,149,217,255,273,297,318,357,357,478,478,503,218,218,237,42,42,55,68,68,103,116,157,177,190,190,314,314,327,327,351,131,154,197,216,216,265,308,308,133,147,161,161,161],"floor_reached":51,"language":"ENG","playtime":8328,"items_purged":["Underhanded Strike","Strike_G","Strike_G","Strike_G","Riddle With Holes+1"],"score":1015,"play_id":"21d12e1a-8df6-4ea1-9f11-db942b68bbef","local_time":"20210210013248","is_ascension_mode":false,"campfire_choices":[{"floor":6.0,"key":"REST"},{"floor":8.0,"key":"REST"},{"data":"Finisher","floor":15.0,"key":"SMITH"},{"data":"Doppelganger","floor":23.0,"key":"SMITH"},{"data":"Burst","floor":32.0,"key":"SMITH"},{"data":"Catalyst","floor":42.0,"key":"SMITH"},{"floor":49,"key":"REST"}],"circlet_count":0,"master_deck":["Strike_G+1","Strike_G+1","Defend_G","Defend_G","Survivor","Neutralize","Finisher+1","Infinite Blades","Corpse Explosion","Backflip","Noxious Fumes+1","Blade Dance","Deadly Poison","Blade Dance","Doppelganger+1","Slice+1","Slice+1","Dagger Spray+1","Sadistic Nature+1","Sadistic Nature+1","Deadly Poison","Catalyst+1","Bouncing Flask+1","Deadly Poison+1","Burst+1","Tools of the Trade+1","Acrobatics+1","Catalyst+1","Deadly Poison+1"],"relics":["Ring of the Snake","FossilizedHelix","TwistedFunnel","Golden Idol","Lantern","Frozen Egg 2","Paper Crane","Bottled Tornado","Astrolabe","White Beast Statue","Whetstone","Boot","Busted Crown","Bronze Scales","Happy Flower","HornCleat"],"acts_visited":["Exordium","TheCity","TheBeyond"],"potions_floor_usage":[45,50,50],"damage_taken":[{"damage":0.0,"enemies":"Jaw Worm","floor":1.0,"turns":3.0},{"damage":0.0,"enemies":"2 Louse","floor":5.0,"turns":2.0},{"damage":0.0,"enemies":"Cultist","floor":7.0,"turns":3.0},{"damage":5.0,"enemies":"3 Sentries","floor":10.0,"turns":3.0},{"damage":0.0,"enemies":"Exordium Wildlife","floor":11.0,"turns":2.0},{"damage":0.0,"enemies":"Gremlin Gang","floor":12.0,"turns":2.0},{"damage":0.0,"enemies":"Lots of Slimes","floor":13.0,"turns":2.0},{"damage":0.0,"enemies":"Lagavulin","floor":14.0,"turns":4.0},{"damage":20.0,"enemies":"The Guardian","floor":16.0,"turns":9.0},{"damage":10.0,"enemies":"Shell Parasite","floor":18.0,"turns":3.0},{"damage":0.0,"enemies":"Chosen","floor":21.0,"turns":3.0},{"damage":0.0,"enemies":"Snecko","floor":24.0,"turns":3.0},{"damage":0.0,"enemies":"3 Cultists","floor":25.0,"turns":2.0},{"damage":0.0,"enemies":"Gremlin Leader","floor":27.0,"turns":3.0},{"damage":11.0,"enemies":"Cultist and Chosen","floor":28.0,"turns":3.0},{"damage":7.0,"enemies":"Book of Stabbing","floor":29.0,"turns":3.0},{"damage":8.0,"enemies":"Snake Plant","floor":30.0,"turns":2.0},{"damage":0.0,"enemies":"Snecko","floor":31.0,"turns":3.0},{"damage":49.0,"enemies":"Collector","floor":33.0,"turns":5.0},{"damage":21.0,"enemies":"3 Darklings","floor":35.0,"turns":3.0},{"damage":0.0,"enemies":"Orb Walker","floor":37.0,"turns":2.0},{"damage":12.0,"enemies":"Sphere and 2 Shapes","floor":39.0,"turns":2.0},{"damage":7.0,"enemies":"Giant Head","floor":40.0,"turns":4.0},{"damage":0.0,"enemies":"Transient","floor":41.0,"turns":5.0},{"damage":7.0,"enemies":"Reptomancer","floor":44.0,"turns":3.0},{"damage":0,"enemies":"3 Darklings","floor":45,"turns":1},{"damage":0,"enemies":"Maw","floor":47,"turns":3},{"damage":1,"enemies":"4 Shapes","floor":48,"turns":2},{"damage":48,"enemies":"Awakened One","floor":50,"turns":5}],"seed_played":"2150644739590406119","potions_obtained":[{"floor":10.0,"key":"Fire Potion"},{"floor":13.0,"key":"GamblersBrew"},{"floor":16.0,"key":"SteroidPotion"},{"floor":21.0,"key":"Ancient Potion"},{"floor":27.0,"key":"SmokeBomb"},{"floor":28.0,"key":"FairyPotion"},{"floor":30.0,"key":"Swift Potion"},{"floor":33.0,"key":"Fruit Juice"},{"floor":35.0,"key":"Dexterity Potion"},{"floor":37.0,"key":"Energy Potion"},{"floor":40.0,"key":"FearPotion"},{"floor":41.0,"key":"Weak Potion"},{"floor":44.0,"key":"SkillPotion"},{"floor":47,"key":"Poison Potion"}],"is_trial":false,"path_per_floor":["M","?","?","?","M","R","M","R","T","E","M","M","M","E","R","B",null,"M","$","?","M","$","R","M","M","T","E","M","E","M","M","R","B",null,"M","?","M","$","M","E","M","R","T","E","M","$","M","M","R","B",null],"character_chosen":"THE_SILENT","items_purchased":["TwistedFunnel","Finisher","Sadistic Nature+1","Catalyst","Catalyst"],"campfire_rested":3,"item_purchase_floors":[0,0,19,22,38],"current_hp_per_floor":[45,28,10,10,10,31,31,52,52,47,47,47,47,47,47,27,70,60,60,60,60,60,60,60,60,60,60,49,42,34,34,34,16,75,54,54,54,54,42,35,35,35,35,28,28,28,28,27,49,1],"gold":161,"neow_bonus":"","is_daily":false,"chose_seed":false,"campfire_upgraded":4,"win_rate":0.0,"timestamp":1612938768,"path_taken":["M","?","?","?","M","R","M","R","T","E","M","?","M","E","R","BOSS","M","$","?","M","$","R","M","?","T","E","M","E","M","M","R","BOSS","M","?","M","$","M","E","?","R","T","E","?","$","M","?","R","BOSS"],"items_purchased_type":["Relic","Card","Card","Card","Card"],"build_version":"2020-12-22","purchased_purges":5,"victory":true,"max_hp_per_floor":[70,70,70,70,70,70,70,70,70,70,70,70,70,70,70,70,70,70,70,70,70,70,70,70,70,70,70,70,70,70,70,70,75,75,75,75,75,75,75,75,75,75,75,75,75,75,75,75,75,75],"card_choices":[{"not_picked":["Prepared","Outmaneuver"],"picked":"Infinite Blades","floor":1.0},{"not_picked":["Dagger Spray","Prepared"],"picked":"Corpse Explosion","floor":5.0},{"not_picked":["Leg Sweep","Dodge and Roll"],"picked":"Backflip","floor":7.0},{"not_picked":["Calculated Gamble","Distraction"],"picked":"Noxious Fumes+1","floor":10.0},{"not_picked":["Distraction","Flying Knee"],"picked":"Blade Dance","floor":11.0},{"not_picked":["Blur","Dash"],"picked":"Deadly Poison","floor":12.0},{"not_picked":["PiercingWail","Deflect"],"picked":"Blade Dance","floor":13.0},{"not_picked":["Dagger Throw","PiercingWail","Heel Hook"],"picked":"SKIP","floor":14.0},{"not_picked":["Glass Knife","Bullet Time"],"picked":"Doppelganger","floor":16.0},{"not_picked":["Backflip","Blade Dance"],"picked":"Dagger Spray+1","floor":18.0},{"not_picked":["All Out Attack","Sucker Punch"],"picked":"Deadly Poison","floor":21.0},{"not_picked":["Escape Plan","Riddle With Holes","Flying Knee"],"picked":"SKIP","floor":24.0},{"not_picked":["Predator","Backflip","Slice+1"],"picked":"SKIP","floor":25.0},{"not_picked":["Blade Dance+1","Dodge and Roll"],"picked":"Bouncing Flask+1","floor":27.0},{"not_picked":["PiercingWail+1","Slice+1"],"picked":"Deadly Poison+1","floor":28.0},{"not_picked":["Dash","Backflip","Prepared"],"picked":"SKIP","floor":29.0},{"not_picked":["Dagger Throw","Acrobatics","Dodge and Roll"],"picked":"SKIP","floor":30.0},{"not_picked":["PiercingWail+1","Blade Dance"],"picked":"Burst","floor":31.0},{"not_picked":["Glass Knife","A Thousand Cuts+1"],"picked":"Tools of the Trade+1","floor":33.0},{"not_picked":[],"picked":"Acrobatics+1","floor":35.0},{"not_picked":["Skewer"],"picked":"SKIP","floor":37.0},{"not_picked":["Dagger Throw"],"picked":"SKIP","floor":39.0},{"not_picked":["Distraction"],"picked":"SKIP","floor":40.0},{"not_picked":["Backflip"],"picked":"SKIP","floor":41.0},{"not_picked":["Predator"],"picked":"SKIP","floor":44.0},{"not_picked":[],"picked":"Deadly Poison+1","floor":47},{"not_picked":["Escape Plan+1"],"picked":"SKIP","floor":48}],"player_experience":88537,"relics_obtained":[{"floor":9.0,"key":"Frozen Egg 2"},{"floor":10.0,"key":"Paper Crane"},{"floor":14.0,"key":"Bottled Tornado"},{"floor":26.0,"key":"White Beast Statue"},{"floor":27.0,"key":"Whetstone"},{"floor":29.0,"key":"Boot"},{"floor":40.0,"key":"Bronze Scales"},{"floor":43.0,"key":"Happy Flower"},{"floor":44.0,"key":"HornCleat"}],"event_choices":[{"damage_healed":0.0,"max_hp_gain":0.0,"max_hp_loss":0.0,"gold_gain":0.0,"event_name":"Golden Idol","player_choice":"Take Damage","floor":2.0,"gold_loss":0.0,"damage_taken":17.0,"relics_obtained":["Golden Idol"]},{"damage_healed":0.0,"max_hp_gain":0.0,"max_hp_loss":0.0,"gold_gain":0.0,"event_name":"Scrap Ooze","player_choice":"Success","floor":3.0,"gold_loss":0.0,"damage_taken":18.0,"relics_obtained":["Lantern"]},{"damage_healed":0.0,"max_hp_gain":0.0,"max_hp_loss":0.0,"gold_gain":0.0,"event_name":"Golden Wing","player_choice":"Ignored","floor":4.0,"gold_loss":0.0,"damage_taken":0.0},{"damage_healed":0.0,"max_hp_gain":0.0,"max_hp_loss":0.0,"gold_gain":0.0,"event_name":"Duplicator","player_choice":"Copied","floor":20.0,"gold_loss":0.0,"damage_taken":0.0,"cards_obtained":["Sadistic Nature"]},{"damage_healed":0.0,"max_hp_gain":0.0,"max_hp_loss":0.0,"gold_gain":0.0,"event_name":"Upgrade Shrine","player_choice":"Upgraded","floor":36.0,"gold_loss":0.0,"damage_taken":0.0,"cards_upgraded":["Catalyst"]}],"is_beta":false,"boss_relics":[{"not_picked":["Black Star","Calling Bell"],"picked":"Astrolabe"},{"not_picked":["Snecko Eye","Ring of the Serpent"],"picked":"Busted Crown"}],"items_purged_floors":[0,19,22,38,46],"is_endless":false,"potions_floor_spawned":[10,13,16,21,27,28,29,30,31,33,35,37,39,40,41,44,45,47,48],"ascension_level":0}}