{"host":"6pgtslebjnyv5xmi","time":1612932124,"event":{"mods":["AchievementEnabler","BaseMod","Colored Map","Minty Spire (QoL Compilation)","Rare Cards Sparkle","StSLib","SuperFastMode","The Cursed","everything is the same but u backflip on backflip"],"gold_per_floor":[109,109,109,68,68,68,143,143,143,168,189,204,229,243,243,332,332,355,355,355],"floor_reached":19,"language":"KOR","playtime":463,"items_purged":[],"score":302,"play_id":"e5decfd5-08ff-4575-9cdd-356636d97093","local_time":"20210210134204","is_ascension_mode":true,"campfire_choices":[{"data":"Carnage","floor":6.0,"key":"SMITH"},{"floor":8.0,"key":"REST"},{"data":"Seeing Red","floor":15.0,"key":"SMITH"}],"circlet_count":0,"master_deck":["AscendersBane","Strike_R+1","Strike_R","Strike_R","Strike_R","Defend_R","Defend_R","Defend_R+1","Bash","Twin Strike","Carnage+1","Flex","Flex","Offering","Seeing Red+1","Berserk+1"],"relics":["Burning Blood","Golden Idol","Frozen Egg 2","Mark of Pain"],"acts_visited":["Exordium","TheCity"],"potions_floor_usage":[],"damage_taken":[{"damage":23.0,"enemies":"Jaw Worm","floor":1.0,"turns":5.0},{"damage":0.0,"enemies":"2 Louse","floor":10.0,"turns":2.0},{"damage":2.0,"enemies":"Small Slimes","floor":11.0,"turns":2.0},{"damage":11.0,"enemies":"Looter","floor":12.0,"turns":2.0},{"damage":2.0,"enemies":"2 Fungi Beasts","floor":13.0,"turns":3.0},{"damage":0.0,"enemies":"Large Slime","floor":14.0,"turns":4.0},{"damage":39.0,"enemies":"Hexaghost","floor":16.0,"turns":7.0},{"damage":45.0,"enemies":"Spheric Guardian","floor":18.0,"turns":5.0}],"seed_played":"-7845606711921954740","potions_obtained":[{"floor":11.0,"key":"Ancient Potion"},{"floor":14.0,"key":"AttackPotion"},{"floor":16.0,"key":"FearPotion"},{"floor":18.0,"key":"SkillPotion"}],"is_trial":false,"path_per_floor":["M","?","?","$","?","R","?","R","T","M","M","M","M","M","R","B",null,"M","?"],"character_chosen":"IRONCLAD","items_purchased":["Carnage"],"campfire_rested":1,"item_purchase_floors":[4],"current_hp_per_floor":[33,10,10,10,32,32,21,41,41,47,51,46,50,56,56,23,57,18,0,0],"gold":355,"neow_bonus":"REMOVE_TWO","is_daily":false,"chose_seed":false,"campfire_upgraded":2,"win_rate":0.0,"timestamp":1612932124,"path_taken":["M","?","?","?","?","R","?","R","T","M","M","M","M","M","R","BOSS","M","?"],"items_purchased_type":["Card"],"build_version":"2020-12-22","purchased_purges":0,"victory":false,"max_hp_per_floor":[75,75,68,68,68,68,68,68,68,68,68,68,68,68,68,68,68,68,68,68],"card_choices":[{"not_picked":["Iron Wave","Clothesline"],"picked":"Twin Strike","floor":1.0},{"not_picked":["Warcry","Clothesline","Searing Blow"],"picked":"SKIP","floor":10.0},{"not_picked":["Anger","Headbutt"],"picked":"Flex","floor":11.0},{"not_picked":["Twin Strike","Body Slam"],"picked":"Flex","floor":12.0},{"not_picked":["Twin Strike","Sword Boomerang"],"picked":"Offering","floor":13.0},{"not_picked":["Combust+1","Flame Barrier"],"picked":"Seeing Red","floor":14.0},{"not_picked":["Brutality+1","Offering"],"picked":"Berserk+1","floor":16.0},{"not_picked":["Body Slam","Anger","Shrug It Off"],"picked":"SKIP","floor":18.0}],"player_experience":1082668,"relics_obtained":[{"floor":9.0,"key":"Frozen Egg 2"}],"event_choices":[{"damage_healed":0.0,"max_hp_gain":0.0,"max_hp_loss":0.0,"gold_gain":0.0,"event_name":"Shining Light","player_choice":"Entered Light","floor":2.0,"gold_loss":0.0,"damage_taken":23.0,"cards_upgraded":["Strike_R","Defend_R"]},{"damage_healed":0.0,"max_hp_gain":0.0,"max_hp_loss":7.0,"gold_gain":0.0,"event_name":"Golden Idol","player_choice":"Lose Max HP","floor":3.0,"gold_loss":0.0,"damage_taken":0.0,"relics_obtained":["Golden Idol"]},{"damage_healed":22.0,"max_hp_gain":0.0,"max_hp_loss":0.0,"gold_gain":0.0,"event_name":"Big Fish","player_choice":"Banana","floor":5.0,"gold_loss":0.0,"damage_taken":0.0},{"damage_healed":0.0,"max_hp_gain":0.0,"max_hp_loss":0.0,"gold_gain":75.0,"event_name":"World of Goop","player_choice":"Gather Gold","floor":7.0,"gold_loss":0.0,"damage_taken":11.0},{"damage_healed":0,"gold_gain":0,"player_choice":"Obtained Book","damage_taken":21,"max_hp_gain":0,"max_hp_loss":0,"event_name":"Cursed Tome","floor":19,"gold_loss":0}],"is_beta":false,"boss_relics":[{"not_picked":["Sozu","Coffee Dripper"],"picked":"Mark of Pain"}],"items_purged_floors":[],"is_endless":false,"potions_floor_spawned":[11,14,16,18],"ascension_level":18}}