{"host":"uceopoba4zvqsgiy","time":1612950844,"event":{"mods":["2.2 Compatiblity","Act Like it!","BaseMod","Better Skull","Better Third Choice","Elementarium","Evolution","GifTheSpireLib","Hermit","Humility","Infinite Spire","Jorbs\u0027s Wanderer Trilogy","Marked Mod","Minty Spire (QoL Compilation)","Potionbrewer","Reliquary","Replay The Spire","Robot Space Explorer","Shade Mod","Spicy Shops","StS++","StSLib","Stuff the Spire","The Blue Laboratory","The Caster","The Cursed","The Dragon Tamer","The Hierophant","The Judge","The Jungle","TheSurvivalist","Wandering Minibosses"],"gold_per_floor":[210,223,34,34,34,34,63,77,77,77,95,51,51,67,67,163,163,182,211,310,310,292,292,325,337,363,387,405,405,405],"floor_reached":29,"language":"ENG","playtime":3505,"items_purged":[],"score":345,"play_id":"9e0218f7-9376-4211-b910-f2662a8cc7e4","local_time":"20210210202404","is_ascension_mode":false,"campfire_choices":[{"data":"WordoMod:LanternFlame","floor":6,"key":"SMITH"},{"floor":10,"key":"REST"},{"data":"WordoMod:BloodThinning","floor":15,"key":"SMITH"},{"data":"WordoMod:Penitence","floor":23,"key":"SMITH"}],"circlet_count":0,"master_deck":["WordoMod:StrikeCard","WordoMod:StrikeCard","WordoMod:StrikeCard","WordoMod:StrikeCard","WordoMod:DefendCard","WordoMod:DefendCard","WordoMod:DefendCard","WordoMod:DefendCard","WordoMod:Accursed","WordoMod:IllWill","WordoMod:LanternFlame+1","WordoMod:BloodThinning+1","Writhe","Replay:Hysterical Blindness","WordoMod:ShackleGuard","WordoMod:Penitence+1","Amnesia","WordoMod:Sacrilege+1","WordoMod:Accursed","Normality","WordoMod:LanternFlame","WordoMod:BloodThinning+1"],"relics":["WordoMod:Obsidian","WordoMod:Effigy","EVO:Axolotl","reliquary:PurpleTingedLeaf","Replay:Lucky Slots","reliquary:PrincelyHelmet","Replay:Bottled Flurry","betterThird:SlimedRelic","Philosopher\u0027s Stone","Red Mask","StSpp:Monolith","Replay:Mystery Machine"],"acts_visited":["Exordium","TheCity"],"potions_floor_usage":[16,16,16,22],"damage_taken":[{"damage":10,"enemies":"Cultist","floor":1,"turns":3},{"damage":0,"enemies":"2 Louse","floor":2,"turns":1},{"damage":57,"enemies":"3 Sentries","floor":7,"turns":7},{"damage":0,"enemies":"Small Slimes","floor":8,"turns":3},{"damage":2,"enemies":"Blue Slaver","floor":11,"turns":3},{"damage":10,"enemies":"Looter","floor":14,"turns":3},{"damage":9,"enemies":"Hexaghost","floor":16,"turns":9},{"damage":14,"enemies":"Shell Parasite","floor":18,"turns":6},{"damage":15,"enemies":"Masked Bandits","floor":19,"turns":5},{"damage":6,"enemies":"2 Thieves","floor":22,"turns":3},{"damage":21,"enemies":"Book of Stabbing","floor":24,"turns":8},{"damage":13,"enemies":"Shelled Parasite and Fungi","floor":25,"turns":5},{"damage":7,"enemies":"Snecko","floor":27,"turns":5},{"damage":7,"enemies":"Chosen and Byrds","floor":28,"turns":4},{"damage":8,"enemies":"Snake Plant","floor":29,"turns":3}],"seed_played":"7375556919113626697","potions_obtained":[{"floor":2,"key":"LiquidBronze"},{"floor":7,"key":"Weak Potion"},{"floor":8,"key":"Cursed Concoction"},{"floor":19,"key":"Weak Potion"},{"floor":24,"key":"blueLaboratory:Moonshine"},{"floor":25,"key":"CultistPotion"}],"is_trial":false,"path_per_floor":["M","M","$","?","$","R","E","M","T","R","M","?","?","M","R","B",null,"M","?","?","?","M","R","E","M","T","M","M","M"],"character_chosen":"JUDGE_CLASS","items_purchased":["reliquary:PurpleTingedLeaf","Replay:Lucky Slots"],"campfire_rested":1,"item_purchase_floors":[3,3],"current_hp_per_floor":[65,65,65,65,65,65,10,11,11,33,32,21,75,65,65,60,75,62,48,48,48,43,43,25,13,13,7,1,0,0],"gold":405,"neow_bonus":"HUNDRED_GOLD","is_daily":false,"chose_seed":false,"campfire_upgraded":3,"win_rate":0.0,"timestamp":1612950844,"path_taken":["M","M","$","?","$","R","E","M","T","R","M","?","?","M","R","BOSS","M","?","?","?","M","R","E","M","T","M","M","?"],"items_purchased_type":["Relic","Relic"],"build_version":"2020-12-22","purchased_purges":0,"victory":false,"max_hp_per_floor":[75,75,75,75,75,75,75,75,75,75,75,75,75,75,75,75,75,75,75,75,75,75,75,75,75,75,75,75,75,75],"card_choices":[{"not_picked":["WordoMod:BadMemories","WordoMod:BoundlessGreed"],"picked":"WordoMod:LanternFlame","floor":1},{"not_picked":["WordoMod:LordOfTheFlies","WordoMod:ShackleGuard"],"picked":"WordoMod:BloodThinning","floor":2},{"not_picked":["Languid","Normality"],"picked":"Replay:Hysterical Blindness","floor":7},{"not_picked":["WordoMod:CurseBuckler","WordoMod:TheCure"],"picked":"WordoMod:ShackleGuard","floor":7},{"not_picked":["WordoMod:BadMemories","WordoMod:Sickness","WordoMod:FamousTechnique"],"picked":"SKIP","floor":8},{"not_picked":["WordoMod:MementoMori","WordoMod:RiskTaker"],"picked":"WordoMod:Penitence","floor":11},{"not_picked":["WordoMod:Vulgarity","WordoMod:Exorcism","WordoMod:LordOfTheFlies"],"picked":"SKIP","floor":14},{"not_picked":["WordoMod:InduceTrauma","WordoMod:Reading"],"picked":"WordoMod:Sacrilege+1","floor":18},{"not_picked":["Decay","ReplayTheSpireMod:Restless Dread"],"picked":"WordoMod:Accursed","floor":19},{"not_picked":["WordoMod:MementoMori","WordoMod:CloudOfDust+1","WordoMod:Exorcism"],"picked":"SKIP","floor":22},{"not_picked":["WordoMod:SecondChance","WordoMod:BoundlessGreed","WordoMod:Vulgarity"],"picked":"SKIP","floor":24},{"not_picked":["Elementarium:StickyTar","Sickly"],"picked":"Normality","floor":25},{"not_picked":["WordoMod:Vulgarity","WordoMod:ShackleGuard+1"],"picked":"WordoMod:LanternFlame","floor":25},{"not_picked":["WordoMod:Hysteria","WordoMod:Retaliate","WordoMod:Contagion"],"picked":"SKIP","floor":27},{"not_picked":["WordoMod:MorbidFascination","WordoMod:BoundlessGreed"],"picked":"WordoMod:BloodThinning+1","floor":28}],"player_experience":1791720,"relics_obtained":[{"floor":7,"key":"reliquary:PrincelyHelmet"},{"floor":9,"key":"Replay:Bottled Flurry"},{"floor":19,"key":"Red Mask"},{"floor":24,"key":"StSpp:Monolith"},{"floor":26,"key":"Replay:Mystery Machine"}],"event_choices":[{"damage_healed":0,"gold_gain":0,"player_choice":"Slimed","damage_taken":11,"max_hp_gain":0,"max_hp_loss":0,"event_name":"betterThird:BetterGoop","floor":12,"gold_loss":44},{"damage_healed":0,"gold_gain":0,"player_choice":"Fought Bandits","damage_taken":0,"max_hp_gain":0,"max_hp_loss":0,"event_name":"Masked Bandits","floor":19,"gold_loss":0},{"damage_healed":0,"gold_gain":99,"player_choice":"Steal","damage_taken":0,"max_hp_gain":0,"max_hp_loss":0,"event_name":"betterThird:BetterNest","floor":20,"gold_loss":0},{"damage_healed":0,"gold_gain":0,"player_choice":"Ignored","damage_taken":0,"max_hp_gain":0,"max_hp_loss":0,"event_name":"Fountain of Cleansing","floor":21,"gold_loss":0}],"is_beta":false,"boss_relics":[{"not_picked":["reliquary:Ember","Snecko Eye"],"picked":"Philosopher\u0027s Stone"}],"items_purged_floors":[],"is_endless":false,"potions_floor_spawned":[2,7,8,19,24,25],"killed_by":"Snake Plant","ascension_level":0,"is_humility":true}}