{"host":"sc0o2qwpf9j16a4i","time":1612965898,"event":{"mods":["AchievementEnabler","BaseMod","BetterRewards","Block Reminder","Colored Map","Colored Powertips","Custom Start","Highlight Path","Minty Spire (QoL Compilation)","Relic Stats"],"gold_per_floor":[114,125,140,140,158,187,187,262,286,311,323,370,400,422,434,542,554,583,606,632,661,673,716,748,760,772,784,828,840,14,45,45,142,142,155,172,172,172,33,60,60,76,76,95,108,135,135,135,135,135],"floor_reached":51,"language":"ENG","playtime":2265,"items_purged":["Normality","Pain"],"score":1054,"play_id":"ef960e62-efca-423f-90a4-1f0d0e80c30f","local_time":"20210210160458","daily_mods":["Cursed Run","Green Cards","Terminal"],"is_ascension_mode":false,"campfire_choices":[{"data":"Chaos","floor":15,"key":"SMITH"},{"data":"Seek","floor":25,"key":"SMITH"},{"data":"Creative AI","floor":27,"key":"SMITH"},{"floor":29,"key":"REST"},{"floor":32,"key":"DIG"},{"floor":41,"key":"DIG"},{"floor":47,"key":"DIG"},{"floor":49,"key":"DIG"}],"circlet_count":0,"master_deck":["Strike_B","Strike_B","Defend_B","Defend_B","Defend_B","Zap","Dualcast","Backflip","Compile Driver","Chaos+1","Predator","Chaos+1","Injury","Cold Snap","Distraction","Seek+1","Terror","Injury","Echo Form","Glacier+1","Dagger Spray","Deflect","Scrape","Tools of the Trade","Turbo+1","Creative AI+1","Dash+1","Apotheosis","Capacitor","Doom and Gloom","Go for the Eyes","Pain","Machine Learning","Compile Driver+1","Recycle","Master of Strategy","Purity","Enlightenment","Capacitor","Aggregate+1","Clumsy","Glacier+1","Sweeping Beam+1","Madness+1","Madness+1","Pain"],"relics":["Cursed Key","Darkstone Periapt","Du-Vu Doll","Bag of Marbles","Strawberry","MawBank","WarpedTongs","White Beast Statue","Inserter","Orichalcum","Oddly Smooth Stone","MealTicket","Shovel","Anchor","Girya","Question Card","Busted Crown","Vajra","Toxic Egg 2","Ancient Tea Set","Kunai","Mango","Boot"],"acts_visited":["Exordium","TheCity","TheBeyond"],"potions_floor_usage":[6,16,20,23,28,33,33,40,40,44,46,46,50,50],"damage_taken":[{"damage":0,"enemies":"2 Louse","floor":1,"turns":2},{"damage":0,"enemies":"Small Slimes","floor":2,"turns":2},{"damage":0,"enemies":"Jaw Worm","floor":3,"turns":4},{"damage":0,"enemies":"Exordium Thugs","floor":5,"turns":3},{"damage":0,"enemies":"3 Sentries","floor":6,"turns":5},{"damage":0,"enemies":"Looter","floor":10,"turns":2},{"damage":12,"enemies":"Gremlin Nob","floor":12,"turns":3},{"damage":8,"enemies":"Blue Slaver","floor":13,"turns":3},{"damage":8,"enemies":"Exordium Thugs","floor":14,"turns":4},{"damage":13,"enemies":"Hexaghost","floor":16,"turns":7},{"damage":2,"enemies":"Spheric Guardian","floor":18,"turns":3},{"damage":5,"enemies":"Chosen","floor":19,"turns":4},{"damage":2,"enemies":"Snake Plant","floor":20,"turns":4},{"damage":4,"enemies":"3 Cultists","floor":21,"turns":5},{"damage":5,"enemies":"Gremlin Leader","floor":23,"turns":4},{"damage":5,"enemies":"Centurion and Healer","floor":24,"turns":4},{"damage":25,"enemies":"Slavers","floor":28,"turns":5},{"damage":1,"enemies":"Book of Stabbing","floor":31,"turns":5},{"damage":19,"enemies":"Champ","floor":33,"turns":11},{"damage":8,"enemies":"3 Darklings","floor":35,"turns":7},{"damage":3,"enemies":"Orb Walker","floor":36,"turns":4},{"damage":11,"enemies":"Reptomancer","floor":40,"turns":5},{"damage":6,"enemies":"Sphere and 2 Shapes","floor":42,"turns":6},{"damage":19,"enemies":"Jaw Worm Horde","floor":44,"turns":5},{"damage":0,"enemies":"Spire Growth","floor":45,"turns":5},{"damage":4,"enemies":"Giant Head","floor":46,"turns":8},{"damage":20,"enemies":"Time Eater","floor":50,"turns":13}],"seed_played":"7425173781425690284","potions_obtained":[{"floor":2,"key":"ColorlessPotion"},{"floor":3,"key":"Explosive Potion"},{"floor":5,"key":"Fire Potion"},{"floor":13,"key":"Dexterity Potion"},{"floor":14,"key":"Fire Potion"},{"floor":16,"key":"Ancient Potion"},{"floor":18,"key":"Weak Potion"},{"floor":20,"key":"Dexterity Potion"},{"floor":21,"key":"LiquidMemories"},{"floor":23,"key":"Fruit Juice"},{"floor":24,"key":"FearPotion"},{"floor":28,"key":"EssenceOfSteel"},{"floor":33,"key":"Swift Potion"},{"floor":35,"key":"Weak Potion"},{"floor":36,"key":"ColorlessPotion"},{"floor":40,"key":"Weak Potion"},{"floor":42,"key":"Explosive Potion"},{"floor":44,"key":"SmokeBomb"},{"floor":45,"key":"Block Potion"},{"floor":46,"key":"ColorlessPotion"}],"is_trial":true,"path_per_floor":["M","M","M","?","M","E","?","?","T","M","?","E","M","M","R","B",null,"M","M","M","M","?","E","M","R","T","R","E","R","$","E","R","B",null,"M","M","?","?","$","E","R","M","T","M","M","E","R","?","R","B",null],"character_chosen":"DEFECT","items_purchased":["Apotheosis","Shovel","Capacitor","Anchor","Doom and Gloom","Capacitor"],"campfire_rested":1,"item_purchase_floors":[30,30,30,30,30,39],"current_hp_per_floor":[73,72,71,70,69,75,74,63,69,69,75,63,55,47,47,40,82,80,75,73,69,69,69,64,64,70,70,45,69,80,79,78,65,82,74,71,61,61,76,65,65,59,65,46,46,42,56,45,45,31],"gold":135,"neow_bonus":"","is_daily":false,"chose_seed":false,"campfire_upgraded":3,"win_rate":0.0,"timestamp":1612965898,"path_taken":["M","M","M","?","?","E","?","?","T","M","?","E","M","M","R","BOSS","M","M","?","?","?","E","M","R","T","R","E","R","$","E","R","BOSS","M","M","?","?","?","E","R","M","T","?","M","E","R","?","R","BOSS"],"items_purchased_type":["Card","Relic","Card","Relic","Card","Card"],"build_version":"2020-12-22","purchased_purges":2,"victory":true,"max_hp_per_floor":[73,72,71,70,69,75,74,73,78,77,82,81,80,79,78,83,82,81,80,79,78,77,81,80,79,84,83,82,81,80,79,78,83,82,81,80,79,78,77,76,75,74,79,78,77,76,89,88,87,92],"relic_stats":{"Darkstone Periapt":42,"Inserter":[39],"counters":[27,133],"Orichalcum":[108],"Cursed Key":3,"MawBank":252,"Question Card":11,"Boot":[0],"WarpedTongs":[102],"Shovel":4,"Busted Crown":20,"MealTicket":27,"Kunai":[3],"obtain_stats":[{"Darkstone Periapt":0,"Girya":31,"Inserter":17,"Oddly Smooth Stone":26,"Vajra":40,"Mango":47,"Orichalcum":23,"Cursed Key":0,"MawBank":9,"Question Card":32,"Ancient Tea Set":43,"Boot":49,"White Beast Statue":12,"WarpedTongs":11,"Du-Vu Doll":0,"Anchor":30,"Shovel":30,"Busted Crown":34,"Strawberry":6,"MealTicket":28,"Bag of Marbles":4,"Kunai":46,"Toxic Egg 2":41},{"Darkstone Periapt":0,"Girya":18,"Inserter":10,"Oddly Smooth Stone":16,"Vajra":22,"Mango":26,"Orichalcum":15,"Cursed Key":0,"MawBank":5,"Question Card":18,"Ancient Tea Set":23,"Boot":26,"White Beast Statue":7,"WarpedTongs":6,"Du-Vu Doll":0,"Anchor":17,"Shovel":17,"Busted Crown":19,"Strawberry":5,"MealTicket":17,"Bag of Marbles":3,"Kunai":26,"Toxic Egg 2":22},{"Darkstone Periapt":0,"Girya":69,"Inserter":35,"Oddly Smooth Stone":59,"Vajra":96,"Mango":120,"Orichalcum":55,"Cursed Key":0,"MawBank":16,"Question Card":69,"Ancient Tea Set":102,"Boot":120,"White Beast Statue":21,"WarpedTongs":18,"Du-Vu Doll":0,"Anchor":64,"Shovel":64,"Busted Crown":80,"Strawberry":16,"MealTicket":64,"Bag of Marbles":8,"Kunai":120,"Toxic Egg 2":96}]},"card_choices":[{"not_picked":["Storm","Leap"],"picked":"Backflip","floor":1},{"not_picked":["Dagger Spray","Barrage"],"picked":"Compile Driver","floor":2},{"not_picked":["Escape Plan","Quick Slash"],"picked":"Chaos","floor":3},{"not_picked":["Go for the Eyes","Backflip"],"picked":"Predator","floor":5},{"not_picked":["Stack","Hello World"],"picked":"Chaos","floor":6},{"not_picked":["Turbo","Backstab"],"picked":"Cold Snap","floor":10},{"not_picked":["Gash","Deflect"],"picked":"Distraction","floor":12},{"not_picked":["Hello World","Cloak And Dagger"],"picked":"Seek","floor":13},{"not_picked":["Flying Knee","Concentrate"],"picked":"Terror","floor":14},{"not_picked":["Fission","Venomology"],"picked":"Echo Form","floor":16},{"not_picked":["Heel Hook+1","Coolheaded"],"picked":"Glacier+1","floor":18},{"not_picked":["Riddle With Holes","Terror"],"picked":"Dagger Spray","floor":19},{"not_picked":["Aggregate+1","All Out Attack","Storm"],"picked":"SKIP","floor":20},{"not_picked":["FTL","Poisoned Stab"],"picked":"Deflect","floor":21},{"not_picked":["Redo","Double Energy"],"picked":"Turbo+1","floor":23},{"not_picked":["Compile Driver","Hologram"],"picked":"Creative AI","floor":24},{"not_picked":["Infinite Blades","Underhanded Strike"],"picked":"Dash+1","floor":28},{"not_picked":["Gash+1","Sunder"],"picked":"Go for the Eyes","floor":31},{"not_picked":["Reboot","Hyperbeam","Bullet Time"],"picked":"Machine Learning","floor":33},{"not_picked":["All Out Attack"],"picked":"Compile Driver+1","floor":35},{"not_picked":["Deflect"],"picked":"Recycle","floor":36},{"not_picked":["Enlightenment"],"picked":"Master of Strategy","floor":37},{"not_picked":["Metamorphosis"],"picked":"Purity","floor":37},{"not_picked":["Blind"],"picked":"Enlightenment","floor":37},{"not_picked":["Underhanded Strike","Quick Slash"],"picked":"SKIP","floor":40},{"not_picked":["Leap+1"],"picked":"Aggregate+1","floor":42},{"not_picked":["FTL"],"picked":"Glacier+1","floor":44},{"not_picked":["Dagger Spray+1","Fusion+1"],"picked":"SKIP","floor":45},{"not_picked":["Streamline+1"],"picked":"Sweeping Beam+1","floor":46}],"player_experience":1307226,"relics_obtained":[{"floor":6,"key":"Strawberry"},{"floor":9,"key":"MawBank"},{"floor":12,"key":"White Beast Statue"},{"floor":23,"key":"Orichalcum"},{"floor":26,"key":"Oddly Smooth Stone"},{"floor":28,"key":"MealTicket"},{"floor":31,"key":"Girya"},{"floor":32,"key":"Question Card"},{"floor":40,"key":"Vajra"},{"floor":41,"key":"Toxic Egg 2"},{"floor":43,"key":"Ancient Tea Set"},{"floor":46,"key":"Kunai"},{"floor":47,"key":"Mango"},{"floor":49,"key":"Boot"}],"event_choices":[{"damage_healed":0,"gold_gain":0,"player_choice":"Gave Potion","damage_taken":0,"relics_obtained":["Bag of Marbles"],"max_hp_gain":0,"max_hp_loss":0,"event_name":"WeMeetAgain","floor":4,"gold_loss":0},{"damage_healed":0,"gold_gain":0,"player_choice":"Grow","damage_taken":0,"max_hp_gain":0,"max_hp_loss":0,"event_name":"Living Wall","floor":7,"gold_loss":0,"cards_upgraded":["Chaos"]},{"damage_healed":0,"gold_gain":75,"player_choice":"Gather Gold","damage_taken":11,"max_hp_gain":0,"max_hp_loss":0,"event_name":"World of Goop","floor":8,"gold_loss":0},{"damage_healed":0,"gold_gain":0,"player_choice":"Rummage","damage_taken":0,"relics_obtained":["WarpedTongs"],"max_hp_gain":0,"max_hp_loss":0,"event_name":"Accursed Blacksmith","floor":11,"gold_loss":0,"cards_obtained":["Pain"]},{"damage_healed":0,"gold_gain":0,"cards_transformed":["Strike_B","Strike_B"],"player_choice":"Became Test Subject","damage_taken":0,"max_hp_gain":0,"max_hp_loss":0,"event_name":"Drug Dealer","floor":22,"gold_loss":0,"cards_obtained":["Scrape","Tools of the Trade"]},{"damage_healed":0,"gold_gain":0,"player_choice":"Memory 3","damage_taken":10,"max_hp_gain":0,"max_hp_loss":0,"event_name":"SensoryStone","floor":37,"gold_loss":0},{"cards_removed":["Defend_B"],"damage_healed":0,"gold_gain":0,"player_choice":"Removed Skill","damage_taken":0,"max_hp_gain":0,"max_hp_loss":0,"event_name":"Falling","floor":38,"gold_loss":0},{"damage_healed":0,"gold_gain":0,"player_choice":"Embrace Madness","damage_taken":11,"max_hp_gain":0,"max_hp_loss":0,"event_name":"Winding Halls","floor":48,"gold_loss":0,"cards_obtained":["Madness","Madness"]}],"is_beta":false,"boss_relics":[{"not_picked":["SlaversCollar","Empty Cage"],"picked":"Inserter"},{"not_picked":["Velvet Choker","Black Star"],"picked":"Busted Crown"}],"items_purged_floors":[30,39],"is_endless":false,"potions_floor_spawned":[2,3,5,13,14,16,18,19,20,21,23,24,28,31,33,35,36,40,42,44,45,46],"ascension_level":0}}