{"host":"jbmvtpvel2a8rbg6","time":1612925986,"event":{"mods":["Aspiration","BaseMod","Better Match","Better Sensory Stone","Better Skull","Conspire","Downfall","Energized Spire","GungeonMod","Hubris","Infinite Spire","Minty Spire (QoL Compilation)","RRrroohrrRGHHhhh!!","Reliquary","Replay The Spire","StSLib","Wandering Minibosses"],"gold_per_floor":[112,112,112,132,142,170,193,205,205],"floor_reached":8,"language":"ENG","playtime":497,"items_purged":[],"score":58,"play_id":"a8fe8275-3a39-482a-9603-0946dd130c9a","local_time":"20210209185946","is_ascension_mode":false,"campfire_choices":[],"circlet_count":0,"master_deck":["Strike_P","Strike_P","Strike_P","Strike_P","Defend_P","Defend_P","Defend_P","Defend_P","Eruption","Vigilance","Consecrate+1","BowlingBash"],"relics":["PureWater","aspiration:Nostalgia","bronze:BronzeCore","MawBank"],"acts_visited":["Exordium"],"potions_floor_usage":[7,8],"damage_taken":[{"damage":0,"enemies":"Small Slimes","floor":1,"turns":6},{"damage":0,"enemies":"Cultist","floor":4,"turns":3},{"damage":0,"enemies":"2 Louse","floor":5,"turns":2},{"damage":39,"enemies":"Lagavulin","floor":6,"turns":6},{"damage":2,"enemies":"Looter","floor":7,"turns":2},{"damage":34,"enemies":"Gremlin Nob","floor":8,"turns":4}],"seed_played":"5910610234234606765","potions_obtained":[{"floor":4,"key":"PowerPotion"},{"floor":5,"key":"Fire Potion"}],"is_trial":false,"path_per_floor":["M","$","?","M","M","E","M","E"],"character_chosen":"WATCHER","items_purchased":[],"campfire_rested":0,"item_purchase_floors":[],"current_hp_per_floor":[72,72,72,72,72,33,31,0,0],"gold":205,"neow_bonus":"NOSTALGIA","is_daily":false,"chose_seed":false,"campfire_upgraded":0,"win_rate":0.0,"timestamp":1612925986,"path_taken":["M","$","?","?","M","E","M","E"],"items_purchased_type":[],"build_version":"2020-12-22","purchased_purges":0,"victory":false,"max_hp_per_floor":[72,72,72,72,72,72,72,72,72],"card_choices":[{"not_picked":["JustLucky","BowlingBash"],"picked":"Consecrate","floor":1},{"not_picked":["Vault","Wallop","BattleHymn"],"picked":"SKIP","floor":4},{"not_picked":["ClearTheMind","CarveReality","ThirdEye"],"picked":"SKIP","floor":5},{"not_picked":["FearNoEvil","rorgmod:Follow-Up","Sanctity"],"picked":"SKIP","floor":6},{"not_picked":["Replay:Cycle","Perseverance"],"picked":"BowlingBash","floor":7}],"player_experience":862582,"relics_obtained":[{"floor":6,"key":"MawBank"}],"event_choices":[{"damage_healed":0,"gold_gain":0,"player_choice":"Upgraded","damage_taken":0,"max_hp_gain":0,"max_hp_loss":0,"event_name":"Upgrade Shrine","floor":3,"gold_loss":0,"cards_upgraded":["Consecrate"]}],"is_beta":false,"boss_relics":[],"items_purged_floors":[],"is_endless":false,"potions_floor_spawned":[4,5],"killed_by":"Gremlin Nob","ascension_level":0}}