{"host":"f5gffvlv6a66yqkd","time":1612951868,"event":{"mods":["2.2 Compatiblity","BaseMod","Colored Map","Custom Start","DeckTracker","Keyboard Shortcuts","Minty Spire (QoL Compilation)","Permanent Neow","Quick Restart","Relic Stats","StSLib","SuperFastMode"],"gold_per_floor":[14,32,32,45,120,120,120,134,134,59,72,72,89,101,101,179,179,195,110,110,21,34,34,34,53,53,53,53,53,53,70,70,70,70],"floor_reached":33,"language":"KOR","playtime":730,"items_purged":["Strike_P"],"score":474,"play_id":"b15dcef4-3680-4826-96ca-ae3ee2919d3c","local_time":"20210210191108","is_ascension_mode":true,"campfire_choices":[{"data":"Eruption","floor":6.0,"key":"SMITH"},{"data":"FearNoEvil","floor":12.0,"key":"SMITH"},{"data":"FlurryOfBlows","floor":15.0,"key":"SMITH"},{"data":"Adaptation","floor":23.0,"key":"SMITH"},{"data":"TalkToTheHand","floor":27.0,"key":"SMITH"},{"data":"TalkToTheHand","floor":29.0,"key":"SMITH"},{"floor":32,"key":"RECALL"}],"circlet_count":0,"master_deck":["AscendersBane","Strike_P","Defend_P","Defend_P","Defend_P","Eruption+1","Vigilance","CarveReality","FearNoEvil+1","InnerPeace","EmptyBody","FlurryOfBlows+1","CutThroughFate","CurseOfTheBell","WheelKick","Judgement","TalkToTheHand+1","Adaptation+1","TalkToTheHand+1","Decay"],"relics":["PureWater","Unceasing Top","White Beast Statue","Calling Bell","PreservedInsect","Mummified Hand","Thread and Needle","StrikeDummy","Pear","Bag of Marbles"],"acts_visited":["Exordium","TheCity"],"potions_floor_usage":[33,33],"damage_taken":[{"damage":15.0,"enemies":"Small Slimes","floor":1.0,"turns":6.0},{"damage":0.0,"enemies":"Jaw Worm","floor":2.0,"turns":2.0},{"damage":1.0,"enemies":"Cultist","floor":4.0,"turns":3.0},{"damage":8.0,"enemies":"Blue Slaver","floor":8.0,"turns":2.0},{"damage":0.0,"enemies":"Large Slime","floor":11.0,"turns":2.0},{"damage":0.0,"enemies":"Red Slaver","floor":13.0,"turns":1.0},{"damage":0.0,"enemies":"3 Louse","floor":14.0,"turns":3.0},{"damage":18.0,"enemies":"Slime Boss","floor":16.0,"turns":7.0},{"damage":0.0,"enemies":"Chosen","floor":18.0,"turns":3.0},{"damage":0.0,"enemies":"Shell Parasite","floor":22.0,"turns":1.0},{"damage":17.0,"enemies":"Cultist and Chosen","floor":25.0,"turns":4.0},{"damage":9,"enemies":"3 Cultists","floor":31,"turns":5},{"damage":49,"enemies":"Champ","floor":33,"turns":12}],"seed_played":"-2522971114842482344","potions_obtained":[{"floor":1.0,"key":"LiquidMemories"},{"floor":7.0,"key":"PowerPotion"},{"floor":7.0,"key":"BlessingOfTheForge"},{"floor":11.0,"key":"DistilledChaos"},{"floor":16.0,"key":"StancePotion"},{"floor":22.0,"key":"DuplicationPotion"},{"floor":25.0,"key":"Block Potion"},{"floor":31,"key":"Swift Potion"}],"is_trial":false,"path_per_floor":["M","M","?","M","?","R","?","M","T","$","M","R","M","M","R","B",null,"M","?","?","$","M","R","?","M","T","R","?","R","?","M","R","B"],"character_chosen":"WATCHER","items_purchased":["Adaptation"],"campfire_rested":0,"item_purchase_floors":[21],"current_hp_per_floor":[46,46,46,45,34,34,34,26,26,26,26,26,26,26,26,8,53,53,53,53,53,53,53,63,46,46,46,46,46,46,37,37,0,0],"gold":70,"neow_bonus":"ONE_RARE_RELIC","is_daily":false,"chose_seed":false,"campfire_upgraded":6,"win_rate":0.0,"timestamp":1612951868,"path_taken":["M","M","?","M","?","R","?","M","T","$","M","R","M","M","R","BOSS","M","?","?","$","M","R","?","?","T","R","?","R","?","M","R","BOSS"],"items_purchased_type":["Card"],"build_version":"2020-12-22","purchased_purges":1,"victory":false,"max_hp_per_floor":[68,68,68,68,68,68,68,68,68,68,68,68,68,68,68,68,68,68,68,68,68,68,68,78,78,78,78,78,78,78,78,78,78,78],"relic_stats":{"counters":[13,51],"Mummified Hand":[5],"PreservedInsect":0,"obtain_stats":[{"Calling Bell":17,"Pear":24,"Mummified Hand":17,"Thread and Needle":17,"PreservedInsect":17,"Bag of Marbles":26,"PureWater":0,"StrikeDummy":19,"Unceasing Top":0,"White Beast Statue":9},{"Calling Bell":8,"Pear":10,"Mummified Hand":8,"Thread and Needle":8,"PreservedInsect":8,"Bag of Marbles":11,"PureWater":0,"StrikeDummy":9,"Unceasing Top":0,"White Beast Statue":4},{"Calling Bell":26,"Pear":30,"Mummified Hand":26,"Thread and Needle":26,"PreservedInsect":26,"Bag of Marbles":34,"PureWater":0,"StrikeDummy":29,"Unceasing Top":0,"White Beast Statue":13}],"Unceasing Top":[2]},"card_choices":[{"not_picked":["PathToVictory","FlurryOfBlows"],"picked":"CarveReality","floor":1.0},{"not_picked":["BowlingBash","EmptyFist"],"picked":"FearNoEvil","floor":2.0},{"not_picked":["ThirdEye","Prostrate"],"picked":"Indignation","floor":4.0},{"not_picked":["BowlingBash","Protect"],"picked":"EmptyBody","floor":8.0},{"not_picked":["JustLucky","PathToVictory","FlyingSleeves"],"picked":"SKIP","floor":11.0},{"not_picked":["EmptyFist","Prostrate"],"picked":"FlurryOfBlows","floor":13.0},{"not_picked":["SashWhip","EmptyBody"],"picked":"CutThroughFate","floor":14.0},{"not_picked":["DeceiveReality","JustLucky+1"],"picked":"WheelKick","floor":18.0},{"not_picked":["WaveOfTheHand","Vengeance+1","ForeignInfluence"],"picked":"SKIP","floor":22.0},{"not_picked":["BattleHymn","BowlingBash"],"picked":"TalkToTheHand","floor":25.0},{"not_picked":["Worship","Swivel","Consecrate"],"picked":"SKIP","floor":31}],"player_experience":1451745,"relics_obtained":[{"floor":9.0,"key":"White Beast Statue"},{"floor":17.0,"key":"PreservedInsect"},{"floor":17.0,"key":"Mummified Hand"},{"floor":17.0,"key":"Thread and Needle"},{"floor":26.0,"key":"Bag of Marbles"}],"event_choices":[{"damage_healed":0.0,"max_hp_gain":0.0,"max_hp_loss":0.0,"gold_gain":0.0,"cards_transformed":["Defend_P"],"event_name":"Living Wall","player_choice":"Change","floor":3.0,"gold_loss":0.0,"damage_taken":0.0,"cards_obtained":["InnerPeace"]},{"damage_healed":0.0,"max_hp_gain":0.0,"max_hp_loss":0.0,"gold_gain":75.0,"event_name":"World of Goop","player_choice":"Gather Gold","floor":5.0,"gold_loss":0.0,"damage_taken":11.0},{"damage_healed":0.0,"max_hp_gain":0.0,"max_hp_loss":0.0,"gold_gain":0.0,"event_name":"Lab","player_choice":"Got Potions","floor":7.0,"gold_loss":0.0,"damage_taken":0.0},{"damage_healed":0.0,"max_hp_gain":0.0,"max_hp_loss":0.0,"gold_gain":0.0,"event_name":"Addict","player_choice":"Obtained Relic","floor":19.0,"gold_loss":85.0,"damage_taken":0.0,"relics_obtained":["StrikeDummy"]},{"damage_healed":0.0,"max_hp_gain":0.0,"max_hp_loss":0.0,"gold_gain":0.0,"cards_transformed":["Strike_P","Strike_P"],"event_name":"Drug Dealer","player_choice":"Became Test Subject","floor":20.0,"gold_loss":0.0,"damage_taken":0.0,"cards_obtained":["Judgement","TalkToTheHand"]},{"cards_removed":["Indignation"],"damage_healed":0.0,"max_hp_gain":0.0,"max_hp_loss":0.0,"gold_gain":0.0,"event_name":"WeMeetAgain","player_choice":"Gave Card","floor":24.0,"gold_loss":0.0,"damage_taken":0.0,"relics_obtained":["Pear"]},{"damage_healed":0.0,"max_hp_gain":0.0,"max_hp_loss":0.0,"gold_gain":0.0,"event_name":"Forgotten Altar","player_choice":"Smashed Altar","floor":28.0,"gold_loss":0.0,"damage_taken":0.0,"cards_obtained":["Decay"]},{"damage_healed":0.0,"max_hp_gain":0.0,"max_hp_loss":0.0,"gold_gain":0.0,"event_name":"Cursed Tome","player_choice":"Ignored","floor":30.0,"gold_loss":0.0,"damage_taken":0.0}],"is_beta":false,"boss_relics":[{"not_picked":["Pandora\u0027s Box","Snecko Eye"],"picked":"Calling Bell"}],"items_purged_floors":[10],"is_endless":false,"potions_floor_spawned":[1,11,13,14,16,18,22,25,31],"killed_by":"Champ","ascension_level":20}}