{"host":"sum4dy402bbv9y4o","time":1612994337,"event":{"mods":["Aspiration","BaseMod","Conspire","Highlight Path","Minty Spire (QoL Compilation)","StSLib"],"gold_per_floor":[364,514,37,37,48,48,62,90,90,120,144,419,419,439,439,439,439],"floor_reached":16,"language":"ENG","playtime":464,"items_purged":["Doubt"],"score":216,"play_id":"28071a02-9d0e-4a61-98cd-e0cfdc272dd2","local_time":"20210211005857","is_ascension_mode":true,"campfire_choices":[{"data":"Eruption","floor":6,"key":"SMITH"},{"data":"SashWhip","floor":13,"key":"SMITH"},{"data":"MentalFortress","floor":15,"key":"SMITH"}],"circlet_count":0,"master_deck":["AscendersBane","Strike_P","Strike_P","Strike_P","Strike_P","Defend_P","Defend_P","Defend_P","Defend_P","Eruption+1","Vigilance","FollowUp","Wallop","Conclude","MentalFortress+1","SashWhip+1","FearNoEvil","Weave","SashWhip","Regret","Indignation"],"relics":["PureWater","PreservedInsect","Blood Vial","Ornamental Fan","Ice Cream","Dream Catcher"],"acts_visited":["Exordium"],"potions_floor_usage":[10,14],"damage_taken":[{"damage":9,"enemies":"Jaw Worm","floor":1,"turns":7},{"damage":0,"enemies":"2 Louse","floor":5,"turns":2},{"damage":0,"enemies":"Cultist","floor":7,"turns":2},{"damage":1,"enemies":"3 Sentries","floor":8,"turns":4},{"damage":11,"enemies":"Lagavulin","floor":10,"turns":3},{"damage":6,"enemies":"Exordium Wildlife","floor":14,"turns":4},{"damage":34,"enemies":"Hexaghost","floor":16,"turns":9}],"seed_played":"-1948502185430873952","potions_obtained":[{"floor":5,"key":"StancePotion"},{"floor":8,"key":"SteroidPotion"}],"is_trial":false,"path_per_floor":["M","?","$","?","M","R","M","E","T","E","T","?","R","M","R","B"],"character_chosen":"WATCHER","items_purchased":["PreservedInsect","Wallop","Conclude","MentalFortress"],"campfire_rested":0,"item_purchase_floors":[3,3,3,3],"current_hp_per_floor":[52,52,52,45,45,45,45,44,44,35,35,35,35,31,31,0,0],"gold":439,"neow_bonus":"TWO_FIFTY_GOLD","is_daily":false,"chose_seed":false,"campfire_upgraded":3,"win_rate":0.0,"timestamp":1612994337,"path_taken":["M","?","$","?","M","R","M","E","T","E","?","?","R","M","R","BOSS"],"items_purchased_type":["Relic","Card","Card","Card"],"build_version":"2020-12-22","purchased_purges":1,"victory":false,"max_hp_per_floor":[68,68,68,68,68,68,68,68,68,68,68,68,68,68,68,68,68],"card_choices":[{"not_picked":["BattleHymn","Prostrate"],"picked":"FollowUp","floor":1},{"not_picked":["JustLucky","Pray"],"picked":"SashWhip","floor":5},{"not_picked":["JustLucky","Protect"],"picked":"FearNoEvil","floor":7},{"not_picked":["CutThroughFate","DevaForm"],"picked":"Weave","floor":8},{"not_picked":["Wireheading","WaveOfTheHand"],"picked":"SashWhip","floor":10},{"not_picked":["Consecrate","Wallop"],"picked":"Indignation","floor":14}],"player_experience":3093125,"relics_obtained":[{"floor":8,"key":"Blood Vial"},{"floor":9,"key":"Ornamental Fan"},{"floor":10,"key":"Ice Cream"},{"floor":11,"key":"Dream Catcher"}],"event_choices":[{"damage_healed":0,"gold_gain":150,"player_choice":"AGREE","damage_taken":0,"max_hp_gain":0,"max_hp_loss":0,"event_name":"Liars Game","floor":2,"gold_loss":0,"cards_obtained":["Doubt"]},{"cards_removed":["Doubt"],"damage_healed":0,"gold_gain":0,"player_choice":"Card Removal","damage_taken":7,"max_hp_gain":0,"max_hp_loss":0,"event_name":"Golden Wing","floor":4,"gold_loss":0},{"damage_healed":0,"gold_gain":275,"player_choice":"Desecrate","damage_taken":0,"max_hp_gain":0,"max_hp_loss":0,"event_name":"Golden Shrine","floor":12,"gold_loss":0,"cards_obtained":["Regret"]}],"is_beta":false,"boss_relics":[],"items_purged_floors":[3],"is_endless":false,"potions_floor_spawned":[5,8],"killed_by":"Hexaghost","ascension_level":20}}