{"host":"phniwng9zo19jwdb","time":1612971030,"event":{"mods":["AchievementEnabler","BaseMod","Colored Powertips","Dark Map","Faster Ascension Climbing","GifTheSpireLib","Minty Spire (QoL Compilation)","Permanent Neow","Rare Cards Sparkle","Relic Filter Mod","StSLib","Weighted Paths"],"gold_per_floor":[112,112,126,51,61,93,158,193,193,203,235,253,283,283,295,378,390,422,434,446,477,489,501,538,565,577,617,629,659,696,758,770,854,866,895,907,939,160,174,203,216,246,246,264,264,294,314,331,331,331,331,331,331,5,38,38],"floor_reached":57,"language":"ENG","playtime":3315,"items_purged":["Shame","Pain","Strike_G"],"score":3589,"play_id":"e73af13c-8d81-4a60-aaaa-e0659fb737ea","local_time":"20210210163030","is_ascension_mode":true,"campfire_choices":[{"floor":15.0,"key":"REST"},{"data":"After Image","floor":23.0,"key":"SMITH"},{"data":"Adrenaline","floor":28.0,"key":"SMITH"},{"floor":32.0,"key":"RECALL"},{"data":"Envenom","floor":45.0,"key":"SMITH"},{"data":"Neutralize","floor":49.0,"key":"SMITH"},{"data":"Acrobatics","floor":53.0,"key":"SMITH"}],"circlet_count":0,"master_deck":["AscendersBane","Strike_G","Strike_G","Strike_G","Strike_G","Defend_G","Defend_G","Defend_G","Defend_G","Defend_G","Survivor","Neutralize+1","Apotheosis+1","Blade Dance","PiercingWail","Leg Sweep","Endless Agony","Flying Knee","Backstab","Corpse Explosion","Heel Hook","Catalyst","After Image+1","Adrenaline+1","Acrobatics+1","Endless Agony","Dash","Infinite Blades+1","Doppelganger+1","Calculated Gamble+1","Envenom+1","Backstab+1","After Image+1","Deep Breath+1","Chrysalis+1","Bullet Time+1","Blur+1","Cloak And Dagger+1","Doppelganger+1","Acrobatics+1","Cloak And Dagger+1","Envenom+1"],"relics":["Ring of the Snake","Boot","Pear","Tough Bandages","HornCleat","Thread and Needle","Toy Ornithopter","MawBank","Coffee Dripper","Smiling Mask","Gambling Chip","Sundial","Toxic Egg 2","FossilizedHelix","StoneCalendar","Runic Pyramid","WarpedTongs","DollysMirror","Frozen Egg 2","Pen Nib","Blood Vial","Bottled Flame","Kunai","Ornamental Fan"],"acts_visited":["Exordium","TheCity","TheBeyond","TheEnding"],"potions_floor_usage":[55,56],"damage_taken":[{"damage":1.0,"enemies":"2 Louse","floor":1.0,"turns":4.0},{"damage":0.0,"enemies":"Jaw Worm","floor":3.0,"turns":5.0},{"damage":1.0,"enemies":"Small Slimes","floor":5.0,"turns":3.0},{"damage":37.0,"enemies":"3 Sentries","floor":6.0,"turns":15.0},{"damage":21.0,"enemies":"Gremlin Nob","floor":7.0,"turns":4.0},{"damage":22.0,"enemies":"Gremlin Nob","floor":8.0,"turns":4.0},{"damage":0.0,"enemies":"Red Slaver","floor":10.0,"turns":3.0},{"damage":5.0,"enemies":"Lagavulin","floor":11.0,"turns":5.0},{"damage":0.0,"enemies":"Looter","floor":12.0,"turns":3.0},{"damage":0.0,"enemies":"3 Sentries","floor":13.0,"turns":3.0},{"damage":36.0,"enemies":"Slime Boss","floor":16.0,"turns":11.0},{"damage":1.0,"enemies":"Shell Parasite","floor":18.0,"turns":5.0},{"damage":0.0,"enemies":"3 Byrds","floor":21.0,"turns":3.0},{"damage":14.0,"enemies":"Book of Stabbing","floor":24.0,"turns":6.0},{"damage":11.0,"enemies":"Snecko","floor":25.0,"turns":6.0},{"damage":0.0,"enemies":"Gremlin Leader","floor":27.0,"turns":6.0},{"damage":0.0,"enemies":"3 Cultists","floor":29.0,"turns":2.0},{"damage":0.0,"enemies":"Book of Stabbing","floor":30.0,"turns":5.0},{"damage":0.0,"enemies":"Champ","floor":33.0,"turns":11.0},{"damage":0.0,"enemies":"3 Darklings","floor":35.0,"turns":3.0},{"damage":1.0,"enemies":"Orb Walker","floor":37.0,"turns":3.0},{"damage":0.0,"enemies":"Sphere and 2 Shapes","floor":39.0,"turns":4.0},{"damage":0.0,"enemies":"Reptomancer","floor":40.0,"turns":7.0},{"damage":0.0,"enemies":"Maw","floor":41.0,"turns":6.0},{"damage":0.0,"enemies":"Nemesis","floor":42.0,"turns":7.0},{"damage":0.0,"enemies":"Spire Growth","floor":44.0,"turns":5.0},{"damage":0.0,"enemies":"Giant Head","floor":46.0,"turns":8.0},{"damage":0.0,"enemies":"4 Shapes","floor":47.0,"turns":3.0},{"damage":0.0,"enemies":"Maw","floor":48.0,"turns":6.0},{"damage":0.0,"enemies":"Awakened One","floor":50.0,"turns":12.0},{"damage":0.0,"enemies":"Time Eater","floor":51.0,"turns":13.0},{"damage":17,"enemies":"Shield and Spear","floor":55,"turns":7},{"damage":27,"enemies":"The Heart","floor":56,"turns":10}],"seed_played":"980424476931454881","potions_obtained":[{"floor":3.0,"key":"EntropicBrew"},{"floor":6.0,"key":"Regen Potion"},{"floor":8.0,"key":"EntropicBrew"},{"floor":16.0,"key":"Weak Potion"},{"floor":18.0,"key":"Fire Potion"},{"floor":35.0,"key":"SteroidPotion"},{"floor":41.0,"key":"Strength Potion"},{"floor":46.0,"key":"PowerPotion"},{"floor":55,"key":"SpeedPotion"}],"is_trial":false,"path_per_floor":["M","?","M","$","M","E","?","E","T","M","E","M","E","?","R","B",null,"M","?","?","M","T","R","E","M","T","E","R","M","E","?","R","B",null,"M","?","M","$","M","E","M","E","T","M","R","E","M","M","R","B","B",null,"R","$","E","B",null],"character_chosen":"THE_SILENT","items_purchased":["DollysMirror","Deep Breath+1","Chrysalis+1","Frozen Egg 2","Kunai"],"campfire_rested":1,"item_purchase_floors":[38,38,38,38,54],"current_hp_per_floor":[58,58,58,58,57,20,21,22,22,22,17,17,17,17,39,8,59,58,58,58,58,58,58,44,33,33,33,33,33,33,33,33,33,65,65,65,64,64,64,69,69,69,69,71,71,73,75,76,76,76,76,76,76,76,64,44],"gold":38,"neow_bonus":"RANDOM_COLORLESS_2","is_daily":false,"chose_seed":false,"campfire_upgraded":5,"win_rate":0.0,"timestamp":1612971030,"path_taken":["M","?","M","$","M","E","?","E","T","M","E","M","E","?","R","BOSS","M","?","?","M","?","R","E","?","T","E","R","M","E","?","R","BOSS","M","?","M","$","M","E","M","E","T","M","R","E","M","M","R","BOSS","BOSS","R","$","E","BOSS"],"items_purchased_type":["Relic","Card","Card","Relic","Relic"],"build_version":"2020-12-22","purchased_purges":3,"victory":true,"max_hp_per_floor":[66,66,66,66,66,66,76,76,76,76,76,76,76,76,76,76,76,76,76,76,76,76,76,76,76,76,76,76,76,76,76,76,76,76,76,76,76,76,76,76,76,76,76,76,76,76,76,76,76,76,76,76,76,76,76,76],"card_choices":[{"not_picked":["The Bomb","Mayhem"],"picked":"Apotheosis","floor":0.0},{"not_picked":["Quick Slash","Bane"],"picked":"Blade Dance","floor":1.0},{"not_picked":["Underhanded Strike","Choke"],"picked":"PiercingWail","floor":3.0},{"not_picked":["Acrobatics","Catalyst"],"picked":"Leg Sweep","floor":5.0},{"not_picked":["Flying Knee","Acrobatics"],"picked":"Endless Agony","floor":6.0},{"not_picked":["Setup","Reflex"],"picked":"Flying Knee","floor":7.0},{"not_picked":["Dagger Throw","Deflect"],"picked":"Backstab","floor":8.0},{"not_picked":["Underhanded Strike","Escape Plan"],"picked":"Corpse Explosion","floor":10.0},{"not_picked":["Underhanded Strike","Dagger Throw"],"picked":"Heel Hook","floor":11.0},{"not_picked":["Flechettes","All Out Attack"],"picked":"Catalyst","floor":12.0},{"not_picked":["Underhanded Strike","Terror"],"picked":"After Image","floor":13.0},{"not_picked":["Burst","Envenom"],"picked":"Adrenaline","floor":16.0},{"not_picked":["Reflex","PiercingWail"],"picked":"Acrobatics","floor":18.0},{"not_picked":["Accuracy","Finisher+1"],"picked":"Endless Agony","floor":21.0},{"not_picked":["Heel Hook+1","Outmaneuver+1"],"picked":"Dash","floor":24.0},{"not_picked":["Outmaneuver","Catalyst+1"],"picked":"Infinite Blades+1","floor":25.0},{"not_picked":["Poisoned Stab","Dagger Spray"],"picked":"Doppelganger+1","floor":27.0},{"not_picked":["Sucker Punch","Acrobatics+1"],"picked":"Calculated Gamble+1","floor":29.0},{"not_picked":["Storm of Steel+1","Flechettes","Heel Hook"],"picked":"SKIP","floor":30.0},{"not_picked":["Unload","Glass Knife"],"picked":"Envenom","floor":33.0},{"not_picked":["Flying Knee+1","Slice","Dagger Spray"],"picked":"SKIP","floor":35.0},{"not_picked":["Infinite Blades","Poisoned Stab"],"picked":"Backstab+1","floor":37.0},{"not_picked":["Choke","Underhanded Strike","All Out Attack"],"picked":"SKIP","floor":39.0},{"not_picked":["Bouncing Flask+1","Quick Slash+1","Bane"],"picked":"SKIP","floor":40.0},{"not_picked":["Quick Slash","Sucker Punch"],"picked":"Bullet Time+1","floor":41.0},{"not_picked":["Deflect+1","Sucker Punch"],"picked":"Blur+1","floor":42.0},{"not_picked":["Quick Slash","Outmaneuver+1"],"picked":"Cloak And Dagger+1","floor":44.0},{"not_picked":["Backflip+1","Flying Knee+1"],"picked":"Doppelganger+1","floor":46.0},{"not_picked":["Outmaneuver+1","Underhanded Strike+1"],"picked":"Acrobatics+1","floor":47.0},{"not_picked":["Dodge and Roll+1","Acrobatics+1"],"picked":"Cloak And Dagger+1","floor":48.0},{"not_picked":["Deadly Poison+1","Outmaneuver+1"],"picked":"Envenom+1","floor":55}],"player_experience":103899,"relics_obtained":[{"floor":6.0,"key":"Boot"},{"floor":7.0,"key":"Pear"},{"floor":8.0,"key":"Tough Bandages"},{"floor":9.0,"key":"HornCleat"},{"floor":11.0,"key":"Thread and Needle"},{"floor":13.0,"key":"Toy Ornithopter"},{"floor":14.0,"key":"MawBank"},{"floor":22.0,"key":"Gambling Chip"},{"floor":24.0,"key":"Sundial"},{"floor":26.0,"key":"Toxic Egg 2"},{"floor":27.0,"key":"FossilizedHelix"},{"floor":30.0,"key":"StoneCalendar"},{"floor":40.0,"key":"Pen Nib"},{"floor":42.0,"key":"Blood Vial"},{"floor":46.0,"key":"Bottled Flame"},{"floor":55,"key":"Ornamental Fan"}],"event_choices":[{"damage_healed":0.0,"max_hp_gain":0.0,"max_hp_loss":0.0,"gold_gain":0.0,"event_name":"Living Wall","player_choice":"Grow","floor":2.0,"gold_loss":0.0,"damage_taken":0.0,"cards_upgraded":["Apotheosis"]},{"damage_healed":0.0,"max_hp_gain":0.0,"max_hp_loss":0.0,"gold_gain":30.0,"event_name":"Dead Adventurer","player_choice":"Searched \u00272\u0027 times","floor":7.0,"gold_loss":0.0,"damage_taken":0.0},{"damage_healed":0.0,"max_hp_gain":0.0,"max_hp_loss":0.0,"gold_gain":0.0,"event_name":"Wheel of Change","player_choice":"Relic","floor":14.0,"gold_loss":0.0,"damage_taken":0.0},{"damage_healed":0.0,"max_hp_gain":0.0,"max_hp_loss":0.0,"gold_gain":0.0,"event_name":"The Mausoleum","player_choice":"Opened","floor":19.0,"gold_loss":0.0,"damage_taken":0.0,"relics_obtained":["Smiling Mask"],"cards_obtained":["Writhe"]},{"cards_removed":["Writhe"],"damage_healed":0.0,"max_hp_gain":0.0,"max_hp_loss":0.0,"gold_gain":0.0,"event_name":"Back to Basics","player_choice":"Elegance","floor":20.0,"gold_loss":0.0,"damage_taken":0.0},{"damage_healed":0.0,"max_hp_gain":0.0,"max_hp_loss":0.0,"gold_gain":50.0,"event_name":"Nest","player_choice":"Stole From Cult","floor":31.0,"gold_loss":0.0,"damage_taken":0.0},{"damage_healed":0.0,"max_hp_gain":0.0,"max_hp_loss":0.0,"gold_gain":0.0,"event_name":"Accursed Blacksmith","player_choice":"Rummage","floor":36.0,"gold_loss":0.0,"damage_taken":0.0,"relics_obtained":["WarpedTongs"],"cards_obtained":["Pain"]}],"is_beta":false,"boss_relics":[{"not_picked":["Ectoplasm","Calling Bell"],"picked":"Coffee Dripper"},{"not_picked":["Snecko Eye","Velvet Choker"],"picked":"Runic Pyramid"}],"items_purged_floors":[4,38,54],"is_endless":false,"potions_floor_spawned":[3,6,8,12,13,16,18,21,24,30,35,37,41,44,46,48,55],"ascension_level":20}}