{"host":"8fuipfsvjht9cgcs","time":1612921109,"event":{"mods":["AchievementEnabler","BaseMod","Colored Map","Colored Powertips","DeckTracker","Friendly Minions","Kiyohime£¨?ýï£©","Marisa£¨Ùöéë¡¡Øª×âÞÞ£©","Minty Spire (QoL Compilation)","Prisma Mod","StSLib","SuperFastMode","The Cursed","The Gatherer"],"gold_per_floor":[112,127,146,146,71,96,96,121,121,139,139,139,156,171,171,273,273,273,273],"floor_reached":18,"language":"KOR","playtime":1265,"items_purged":["Defend_B"],"score":237,"play_id":"79b8e6ff-acd5-4960-a5bb-dee9d3f9d0b8","local_time":"20210210143829","is_ascension_mode":true,"campfire_choices":[{"data":"Dualcast","floor":7,"key":"SMITH"},{"data":"Consume","floor":12,"key":"SMITH"},{"floor":15,"key":"REST"}],"circlet_count":0,"master_deck":["Strike_B","Strike_B","Strike_B","Strike_B","Defend_B","Defend_B","Defend_B","Zap","Dualcast+1","Glacier","Lockon","Conserve Battery","Deep Breath","Machine Learning","Consume+1","Creative AI","Coolheaded","Turbo","Reboot"],"relics":["Cracked Core","NeowsBlessing","Pantograph","Turnip","Incense Burner","Coffee Dripper"],"acts_visited":["Exordium","TheCity"],"potions_floor_usage":[6,11,16],"damage_taken":[{"damage":0.0,"enemies":"Jaw Worm","floor":1.0,"turns":1.0},{"damage":0.0,"enemies":"Cultist","floor":2.0,"turns":1.0},{"damage":0.0,"enemies":"Small Slimes","floor":3.0,"turns":1.0},{"damage":28,"enemies":"Gremlin Nob","floor":6,"turns":4},{"damage":7,"enemies":"Lagavulin","floor":8,"turns":9},{"damage":3,"enemies":"Gremlin Gang","floor":10,"turns":7},{"damage":3,"enemies":"3 Sentries","floor":11,"turns":2},{"damage":12,"enemies":"2 Fungi Beasts","floor":13,"turns":4},{"damage":0,"enemies":"Large Slime","floor":14,"turns":4},{"damage":31,"enemies":"Hexaghost","floor":16,"turns":9},{"damage":27,"enemies":"3 Byrds","floor":18,"turns":3}],"seed_played":"-3968548723432788918","potions_obtained":[{"floor":1.0,"key":"SmokeBomb"},{"floor":2.0,"key":"Weak Potion"},{"floor":13,"key":"LiquidBronze"}],"is_trial":false,"path_per_floor":["M","M","M","?","$","E","R","E","T","M","E","R","M","M","R","B",null,"M"],"character_chosen":"DEFECT","items_purchased":[],"campfire_rested":1,"item_purchase_floors":[],"current_hp_per_floor":[68,68,68,68,68,40,40,33,33,30,27,27,15,15,37,31,64,37,37],"gold":273,"neow_bonus":"THREE_ENEMY_KILL","is_daily":false,"chose_seed":false,"campfire_upgraded":2,"win_rate":0.0,"timestamp":1612921109,"path_taken":["M","M","M","?","$","E","R","E","T","M","E","R","?","M","R","BOSS","M"],"items_purchased_type":[],"build_version":"2020-12-22","purchased_purges":1,"victory":false,"max_hp_per_floor":[75,75,75,75,75,75,75,75,75,75,75,75,75,75,75,75,75,75,75],"card_choices":[{"not_picked":["Steam","Stack"],"picked":"Glacier","floor":1.0},{"not_picked":["Leap","Stack"],"picked":"Lockon","floor":2.0},{"not_picked":["Gash","Steam"],"picked":"Conserve Battery","floor":3.0},{"not_picked":["Scrape","Hologram"],"picked":"Consume","floor":6},{"not_picked":["Stack","Streamline"],"picked":"Creative AI","floor":8},{"not_picked":["Static Discharge","Rip and Tear"],"picked":"Coolheaded","floor":10},{"not_picked":["Genetic Algorithm","Conserve Battery"],"picked":"Turbo","floor":13},{"not_picked":["Force Field","Glacier","Scrape"],"picked":"SKIP","floor":14},{"not_picked":["Machine Learning","Hyperbeam"],"picked":"Reboot","floor":16}],"player_experience":482534,"relics_obtained":[{"floor":6,"key":"Pantograph"},{"floor":8,"key":"Turnip"},{"floor":9,"key":"Incense Burner"}],"event_choices":[{"damage_healed":0,"gold_gain":0,"player_choice":"2 cards matched","damage_taken":0,"max_hp_gain":0,"max_hp_loss":0,"event_name":"Match and Keep!","floor":4,"gold_loss":0,"cards_obtained":["Deep Breath","Machine Learning"]}],"is_beta":false,"boss_relics":[{"not_picked":["Cursed Key","Tiny House"],"picked":"Coffee Dripper"}],"items_purged_floors":[5],"is_endless":false,"potions_floor_spawned":[1,2,11,13],"killed_by":"3 Byrds","ascension_level":6}}