{"host":"kvo7eymyd21g9abd","time":1612996898,"event":{"mods":["AchievementEnabler","BaseMod","Bestiary","Colored Map","Minty Spire (QoL Compilation)","StSLib"],"gold_per_floor":[117,131,151,162,177,177,207,54,79,79,79,79,94,123,123,220,220,235,150,150,150,27,27,27],"floor_reached":23,"language":"ENG","playtime":815,"items_purged":[],"score":311,"play_id":"e643a780-d677-4dcc-af0c-3b9e8671b396","local_time":"20210210174138","is_ascension_mode":true,"campfire_choices":[{"floor":6.0,"key":"RECALL"},{"floor":11.0,"key":"REST"},{"floor":15.0,"key":"REST"}],"circlet_count":0,"master_deck":["Strike_B","Strike_B","Strike_B","Strike_B","Defend_B","Defend_B","Defend_B","Defend_B","Zap","Dualcast","Jack Of All Trades","White Noise+1","Defragment","Ball Lightning","Ball Lightning","Ball Lightning","Rainbow","Creative AI","Self Repair"],"relics":["Cracked Core","FossilizedHelix","Juzu Bracelet","MealTicket","Blood Vial","Snecko Eye","Pen Nib"],"acts_visited":["Exordium","TheCity"],"potions_floor_usage":[23,23,23],"damage_taken":[{"damage":1.0,"enemies":"Cultist","floor":1.0,"turns":3.0},{"damage":0.0,"enemies":"2 Louse","floor":2.0,"turns":2.0},{"damage":2.0,"enemies":"Jaw Worm","floor":3.0,"turns":4.0},{"damage":10.0,"enemies":"Exordium Wildlife","floor":4.0,"turns":4.0},{"damage":30.0,"enemies":"Exordium Thugs","floor":5.0,"turns":6.0},{"damage":27.0,"enemies":"Lagavulin","floor":7.0,"turns":4.0},{"damage":0.0,"enemies":"Large Slime","floor":13.0,"turns":4.0},{"damage":20.0,"enemies":"3 Sentries","floor":14.0,"turns":4.0},{"damage":0.0,"enemies":"Slime Boss","floor":16.0,"turns":8.0},{"damage":21,"enemies":"Shell Parasite","floor":18,"turns":4},{"damage":58,"enemies":"Slavers","floor":23,"turns":4}],"seed_played":"-718052653146741195","potions_obtained":[{"floor":1.0,"key":"Weak Potion"},{"floor":5.0,"key":"SpeedPotion"},{"floor":13.0,"key":"SteroidPotion"}],"is_trial":false,"path_per_floor":["M","M","M","M","M","R","E","$","T","$","R","?","M","E","R","B",null,"M","?","?","?","$","E"],"character_chosen":"DEFECT","items_purchased":["Juzu Bracelet","Regen Potion","Block Potion"],"campfire_rested":2,"item_purchase_floors":[8,22,22],"current_hp_per_floor":[74,74,72,62,32,32,5,5,5,20,42,42,42,22,44,46,68,49,49,49,35,50,0,0],"gold":27,"neow_bonus":"RANDOM_COLORLESS","is_daily":false,"chose_seed":false,"campfire_upgraded":0,"win_rate":0.0,"timestamp":1612996898,"path_taken":["M","M","M","M","M","R","E","$","T","$","R","?","M","E","R","BOSS","M","?","?","?","$","E"],"items_purchased_type":["Relic","Potion","Potion"],"build_version":"2020-12-22","purchased_purges":0,"victory":false,"max_hp_per_floor":[75,75,75,75,75,75,75,75,75,75,75,75,75,75,75,75,75,75,75,75,80,80,80,80],"card_choices":[{"not_picked":["Forethought","PanicButton"],"picked":"Jack Of All Trades","floor":0.0},{"not_picked":["Consume","Steam","Barrage"],"picked":"SKIP","floor":1.0},{"not_picked":["Rebound","Loop"],"picked":"White Noise","floor":2.0},{"not_picked":["Capacitor","Consume","Reinforced Body"],"picked":"SKIP","floor":3.0},{"not_picked":["Stack","Fusion"],"picked":"Defragment","floor":4.0},{"not_picked":["Gash","Steam"],"picked":"Ball Lightning","floor":5.0},{"not_picked":["Hologram","Turbo"],"picked":"Ball Lightning","floor":7.0},{"not_picked":["Go for the Eyes","Sweeping Beam"],"picked":"Ball Lightning","floor":13.0},{"not_picked":["Capacitor","Turbo"],"picked":"Rainbow","floor":14.0},{"not_picked":["Buffer","Thunder Strike"],"picked":"Creative AI","floor":16.0},{"not_picked":["Redo+1","Reprogram"],"picked":"Self Repair","floor":18}],"player_experience":455765,"relics_obtained":[{"floor":7.0,"key":"FossilizedHelix"},{"floor":9.0,"key":"MealTicket"},{"floor":14.0,"key":"Blood Vial"}],"event_choices":[{"damage_healed":0.0,"max_hp_gain":0.0,"max_hp_loss":0.0,"gold_gain":0.0,"event_name":"Upgrade Shrine","player_choice":"Upgraded","floor":12.0,"gold_loss":0.0,"damage_taken":0.0,"cards_upgraded":["White Noise"]},{"damage_healed":0,"gold_gain":0,"player_choice":"Obtained Relic","damage_taken":0,"relics_obtained":["Pen Nib"],"max_hp_gain":0,"max_hp_loss":0,"event_name":"Addict","floor":19,"gold_loss":85},{"damage_healed":0,"gold_gain":0,"player_choice":"Ignored","damage_taken":0,"max_hp_gain":0,"max_hp_loss":0,"event_name":"Ghosts","floor":20,"gold_loss":0},{"damage_healed":0,"gold_gain":0,"player_choice":"Shed Blood","damage_taken":19,"max_hp_gain":5,"max_hp_loss":0,"event_name":"Forgotten Altar","floor":21,"gold_loss":0}],"is_beta":false,"boss_relics":[{"not_picked":["Philosopher\u0027s Stone","Runic Dome"],"picked":"Snecko Eye"}],"items_purged_floors":[],"is_endless":false,"potions_floor_spawned":[1,5,13],"killed_by":"Slavers","ascension_level":5}}