{"host":"06gxn1c1bsk424jw","time":1612967964,"event":{"mods":["BaseMod","DeckTracker","Minty Spire (QoL Compilation)","SuperFastMode"],"gold_per_floor":[110,185,185,18,18,44,44,57,57,92,105,255,255,11,11,84,84,103,103,103,103,120,120,140,170,170,170,186,186,101,124,136,148,148],"floor_reached":33,"language":"KOR","playtime":2416,"items_purged":[],"score":592,"play_id":"29480cdd-ca50-4a12-9fc7-4bcdccbf071e","local_time":"20210210233924","is_ascension_mode":true,"campfire_choices":[{"floor":15,"key":"REST"},{"floor":23,"key":"REST"},{"data":"Evolve","floor":27,"key":"SMITH"},{"floor":29,"key":"REST"},{"floor":32,"key":"REST"}],"circlet_count":0,"master_deck":["AscendersBane","Strike_R","Strike_R","Strike_R","Strike_R+1","Defend_R+1","Defend_R","Defend_R","Defend_R","Bash","Shockwave+1","Impervious","Headbutt","Inflame","Doubt","Battle Trance+1","Evolve+1","Chrysalis+1","Limit Break+1","Armaments+1","True Grit+1","Writhe","Shrug It Off+1","Reaper","Doubt","Havoc+1"],"relics":["Burning Blood","NeowsBlessing","White Beast Statue","Membership Card","Juzu Bracelet","Bottled Lightning","Toxic Egg 2","Potion Belt","Cursed Key","TungstenRod","MutagenicStrength","Centennial Puzzle","Mummified Hand","MawBank"],"acts_visited":["Exordium","TheCity"],"potions_floor_usage":[10,16,16,22,24,25,28,31,33,33],"damage_taken":[{"damage":0,"enemies":"2 Louse","floor":1,"turns":1},{"damage":0,"enemies":"Lagavulin","floor":6,"turns":1},{"damage":0,"enemies":"Jaw Worm","floor":8,"turns":1},{"damage":29,"enemies":"3 Sentries","floor":10,"turns":10},{"damage":1,"enemies":"Small Slimes","floor":11,"turns":3},{"damage":34,"enemies":"Hexaghost","floor":16,"turns":10},{"damage":38,"enemies":"Spheric Guardian","floor":18,"turns":6},{"damage":4,"enemies":"3 Byrds","floor":22,"turns":6},{"damage":15,"enemies":"Snake Plant","floor":24,"turns":5},{"damage":19,"enemies":"Gremlin Leader","floor":25,"turns":6},{"damage":44,"enemies":"Snecko","floor":28,"turns":10},{"damage":27,"enemies":"Chosen and Byrds","floor":31,"turns":10},{"damage":51,"enemies":"Champ","floor":33,"turns":10}],"seed_played":"9041988878600361596","potions_obtained":[{"floor":1,"key":"Block Potion"},{"floor":6,"key":"EssenceOfSteel"},{"floor":10,"key":"BlessingOfTheForge"},{"floor":16,"key":"Regen Potion"},{"floor":18,"key":"ColorlessPotion"},{"floor":22,"key":"Strength Potion"},{"floor":24,"key":"FearPotion"},{"floor":25,"key":"EssenceOfSteel"},{"floor":28,"key":"Block Potion"},{"floor":31,"key":"Swift Potion"}],"is_trial":false,"path_per_floor":["M","?","T","$","?","E","?","M","T","E","M","?","?","$","R","B",null,"M","?","?","?","M","R","M","E","T","R","M","R","?","M","R","B"],"character_chosen":"IRONCLAD","items_purchased":["Membership Card","Battle Trance+1","Potion Belt","Evolve","Chrysalis+1"],"campfire_rested":4,"item_purchase_floors":[4,14,14,14,14],"current_hp_per_floor":[74,63,63,63,40,46,46,52,52,29,34,34,34,34,56,28,63,31,31,31,31,33,55,55,42,42,42,10,32,32,17,39,0,0],"gold":148,"neow_bonus":"THREE_ENEMY_KILL","is_daily":false,"chose_seed":false,"campfire_upgraded":1,"win_rate":0.0,"timestamp":1612967964,"path_taken":["M","?","?","$","?","E","?","M","T","E","M","?","?","$","R","BOSS","M","?","?","?","M","R","M","E","T","R","M","R","?","M","R","BOSS"],"items_purchased_type":["Relic","Card","Relic","Card","Card"],"build_version":"2020-12-22","purchased_purges":0,"victory":false,"max_hp_per_floor":[75,75,75,75,75,75,75,75,75,75,75,75,75,75,75,75,75,75,75,75,75,75,75,75,75,75,75,75,75,75,75,75,75,75],"card_choices":[{"not_picked":["Sentinel","Havoc"],"picked":"Shockwave","floor":1},{"not_picked":["True Grit","Flex"],"picked":"Impervious","floor":6},{"not_picked":["Iron Wave","Thunderclap"],"picked":"Headbutt","floor":8},{"not_picked":["Whirlwind","Feed"],"picked":"Inflame","floor":10},{"not_picked":["Anger","Flex+1","Clash"],"picked":"SKIP","floor":11},{"not_picked":["Fiend Fire","Impervious+1"],"picked":"Limit Break+1","floor":16},{"not_picked":["Metallicize","Clothesline"],"picked":"Armaments+1","floor":18},{"not_picked":["Battle Trance+1","Anger","Perfected Strike"],"picked":"SKIP","floor":22},{"not_picked":["Bloodletting+1","Cleave"],"picked":"Shrug It Off+1","floor":24},{"not_picked":["Blood for Blood","Evolve"],"picked":"Reaper","floor":25},{"not_picked":["Inflame","Flex+1"],"picked":"Havoc+1","floor":28},{"not_picked":["Headbutt","Sword Boomerang","Cleave"],"picked":"SKIP","floor":31}],"player_experience":830316,"relics_obtained":[{"floor":3,"key":"White Beast Statue"},{"floor":6,"key":"Juzu Bracelet"},{"floor":9,"key":"Bottled Lightning"},{"floor":10,"key":"Toxic Egg 2"},{"floor":25,"key":"Centennial Puzzle"},{"floor":26,"key":"Mummified Hand"}],"event_choices":[{"damage_healed":0,"gold_gain":75,"player_choice":"Gather Gold","damage_taken":11,"max_hp_gain":0,"max_hp_loss":0,"event_name":"World of Goop","floor":2,"gold_loss":0},{"damage_healed":0,"gold_gain":0,"player_choice":"Entered Light","damage_taken":23,"max_hp_gain":0,"max_hp_loss":0,"event_name":"Shining Light","floor":5,"gold_loss":0,"cards_upgraded":["Defend_R","Strike_R"]},{"cards_removed":["Strike_R"],"damage_healed":0,"gold_gain":0,"player_choice":"Offered Basic","damage_taken":0,"max_hp_gain":0,"max_hp_loss":0,"event_name":"Bonfire Elementals","floor":7,"gold_loss":0},{"damage_healed":0,"gold_gain":150,"player_choice":"AGREE","damage_taken":0,"max_hp_gain":0,"max_hp_loss":0,"event_name":"Liars Game","floor":12,"gold_loss":0,"cards_obtained":["Doubt"]},{"damage_healed":0,"gold_gain":0,"player_choice":"Forge","damage_taken":0,"max_hp_gain":0,"max_hp_loss":0,"event_name":"Accursed Blacksmith","floor":13,"gold_loss":0,"cards_upgraded":["Shockwave"]},{"damage_healed":0,"gold_gain":0,"player_choice":"Read","damage_taken":0,"max_hp_gain":0,"max_hp_loss":0,"event_name":"The Library","floor":19,"gold_loss":0,"cards_obtained":["True Grit"]},{"damage_healed":0,"gold_gain":0,"player_choice":"Opened","damage_taken":0,"relics_obtained":["TungstenRod"],"max_hp_gain":0,"max_hp_loss":0,"event_name":"The Mausoleum","floor":20,"gold_loss":0,"cards_obtained":["Writhe"]},{"damage_healed":0,"gold_gain":0,"player_choice":"Inject Mutagens","damage_taken":0,"relics_obtained":["MutagenicStrength"],"max_hp_gain":0,"max_hp_loss":0,"event_name":"Drug Dealer","floor":21,"gold_loss":0},{"damage_healed":0,"gold_gain":0,"player_choice":"Obtained Relic","damage_taken":0,"relics_obtained":["MawBank"],"max_hp_gain":0,"max_hp_loss":0,"event_name":"Addict","floor":30,"gold_loss":85}],"is_beta":false,"boss_relics":[{"not_picked":["Velvet Choker","SlaversCollar"],"picked":"Cursed Key"}],"items_purged_floors":[],"is_endless":false,"potions_floor_spawned":[1,6,8,10,11,16,18,22,24,25,28,31],"killed_by":"Champ","ascension_level":20}}