{"host":"pfea746agqdggr2u","time":1612942785,"event":{"mods":["BaseMod","Filter the Spire","Minty Spire (QoL Compilation)"],"gold_per_floor":[112,112,112,122,122,148,181,193,205,217,246,258,270,300,312,425,437,439,468,406,406,406,406,406],"floor_reached":23,"language":"ENG","playtime":1554,"items_purged":[],"score":187,"play_id":"185eb533-1141-48e2-a646-0a0248121568","local_time":"20210209233945","is_ascension_mode":false,"campfire_choices":[{"data":"Hologram","floor":8,"key":"SMITH"},{"data":"Dualcast","floor":10,"key":"SMITH"},{"floor":15,"key":"REST"}],"circlet_count":0,"master_deck":["Strike_B","Strike_B","Defend_B","Defend_B","Defend_B","Zap+1","Dualcast+1","Glacier+1","Hologram+1","Undo","Barrage","Go for the Eyes","Buffer","Leap","Defragment","Blizzard","Chill"],"relics":["Nuclear Battery","Vajra","MawBank","CaptainsWheel","Empty Cage"],"acts_visited":["Exordium","TheCity"],"potions_floor_usage":[7,19],"damage_taken":[{"damage":2.0,"enemies":"Small Slimes","floor":1.0,"turns":4.0},{"damage":6,"enemies":"Jaw Worm","floor":4,"turns":3},{"damage":8,"enemies":"3 Sentries","floor":7,"turns":13},{"damage":0,"enemies":"2 Louse","floor":11,"turns":3},{"damage":1,"enemies":"Large Slime","floor":14,"turns":7},{"damage":31,"enemies":"The Guardian","floor":16,"turns":15},{"damage":17,"enemies":"2 Thieves","floor":18,"turns":4},{"damage":0,"enemies":"Shell Parasite","floor":19,"turns":10},{"damage":75,"enemies":"Gremlin Leader","floor":23,"turns":12}],"seed_played":"-8383537559332720291","potions_obtained":[{"floor":1.0,"key":"PotionOfCapacity"},{"floor":14,"key":"Dexterity Potion"},{"floor":16,"key":"Swift Potion"},{"floor":18,"key":"Regen Potion"}],"is_trial":false,"path_per_floor":["M","?","?","M","?","T","E","R","T","R","M","?","?","M","R","B",null,"M","M","$","?","?","E"],"character_chosen":"DEFECT","items_purchased":["Blizzard"],"campfire_rested":1,"item_purchase_floors":[20],"current_hp_per_floor":[73,73,73,67,75,75,67,67,67,67,67,60,60,59,75,44,75,58,73,73,73,73,0,0],"gold":406,"neow_bonus":"BOSS_RELIC","is_daily":false,"chose_seed":false,"campfire_upgraded":2,"win_rate":0.0,"timestamp":1612942785,"path_taken":["M","?","?","M","?","?","E","R","T","R","M","?","?","?","R","BOSS","M","M","$","?","?","E"],"items_purchased_type":["Card"],"build_version":"2020-12-22","purchased_purges":0,"victory":false,"max_hp_per_floor":[75,75,75,75,75,75,75,75,75,75,75,75,75,75,75,75,75,75,75,75,75,75,75,75],"card_choices":[{"not_picked":["Reprogram","Conserve Battery"],"picked":"Glacier","floor":1.0},{"not_picked":["Beam Cell","Streamline"],"picked":"Hologram","floor":4},{"not_picked":["Coolheaded","Meteor Strike"],"picked":"Undo","floor":7},{"not_picked":["Recycle","Streamline"],"picked":"Barrage","floor":11},{"not_picked":["Compile Driver","Ball Lightning"],"picked":"Go for the Eyes","floor":14},{"not_picked":["Hyperbeam","Meteor Strike"],"picked":"Buffer","floor":16},{"not_picked":["Go for the Eyes+1","Stack+1"],"picked":"Leap","floor":18},{"not_picked":["Hologram","Melter"],"picked":"Defragment","floor":19}],"player_experience":77052,"relics_obtained":[{"floor":6,"key":"Vajra"},{"floor":7,"key":"MawBank"},{"floor":9,"key":"CaptainsWheel"}],"event_choices":[{"damage_healed":0,"gold_gain":0,"player_choice":"Grow","damage_taken":0,"max_hp_gain":0,"max_hp_loss":0,"event_name":"Living Wall","floor":2,"gold_loss":0,"cards_upgraded":["Glacier"]},{"damage_healed":0,"gold_gain":0,"player_choice":"Leave","damage_taken":0,"max_hp_gain":0,"max_hp_loss":0,"event_name":"The Cleric","floor":3,"gold_loss":0},{"damage_healed":25,"gold_gain":0,"player_choice":"Banana","damage_taken":0,"max_hp_gain":0,"max_hp_loss":0,"event_name":"Big Fish","floor":5,"gold_loss":0},{"cards_removed":["Strike_B"],"damage_healed":0,"gold_gain":0,"player_choice":"Card Removal","damage_taken":7,"max_hp_gain":0,"max_hp_loss":0,"event_name":"Golden Wing","floor":12,"gold_loss":0},{"damage_healed":0,"gold_gain":0,"player_choice":"Upgraded","damage_taken":0,"max_hp_gain":0,"max_hp_loss":0,"event_name":"Upgrade Shrine","floor":13,"gold_loss":0,"cards_upgraded":["Zap"]},{"damage_healed":0,"gold_gain":0,"player_choice":"Read","damage_taken":0,"max_hp_gain":0,"max_hp_loss":0,"event_name":"The Library","floor":21,"gold_loss":0,"cards_obtained":["Chill"]},{"damage_healed":0,"gold_gain":0,"player_choice":"Ignored","damage_taken":0,"max_hp_gain":0,"max_hp_loss":0,"event_name":"Vampires","floor":22,"gold_loss":0}],"is_beta":false,"boss_relics":[{"not_picked":["Fusion Hammer","Ectoplasm"],"picked":"Empty Cage"}],"items_purged_floors":[],"is_endless":false,"potions_floor_spawned":[1,14,16,18],"killed_by":"Gremlin Leader","ascension_level":0}}