{"host":"q5gyi9x7ayauaq2y","time":1612988900,"event":{"mods":["AchievementEnabler","BaseMod","BetterRewards","Colored Map","Colored Powertips","Downfall","GifTheSpireLib","Hero for Fun","Minty Spire (QoL Compilation)","Permanent Neow","Replay The Spire","StSLib","The Bug Knight","The Construct","The Cursed","The Hierophant"],"gold_per_floor":[99,115,176,176,176,176,176,191,226,243,274,424,224,224,237,335,335,335,348,348,423,433,452,499,599,599,699,699,731,731,766,778,883,883,883,900,950,1000,524,589,589,600,508,508,518,518,548,448,458,458,458,492,95,95,95,95],"floor_reached":57,"language":"ENG","playtime":3736,"items_purged":["Shame","downfall:Icky","Parasite"],"score":1347,"play_id":"d7897474-bff7-447b-9be9-9b7b83708867","local_time":"20210210202820","is_ascension_mode":true,"campfire_choices":[{"data":"Guardian:TwinSlam","floor":1,"key":"SMITH"},{"floor":6,"key":"RECALL"},{"data":"Guardian:WalkerClaw","floor":13,"key":"SMITH"},{"data":"Guardian:WalkerClaw","floor":18,"key":"SMITH"},{"floor":26,"key":"REST"},{"floor":28,"key":"REST"},{"data":"Guardian:Defend_Guardian","floor":30,"key":"SMITH"},{"floor":35,"key":"REST"},{"data":"Guardian:FloatingOrbs","floor":44,"key":"SMITH"},{"floor":46,"key":"REST"},{"floor":48,"key":"REST"},{"floor":54,"key":"REST"}],"circlet_count":0,"master_deck":["Guardian:Defend_Guardian+1","Guardian:Defend_Guardian+1","Guardian:Defend_Guardian+1","Guardian:CurlUp+1","Guardian:TwinSlam+1","Guardian:WalkerClaw+1","Guardian:WalkerClaw+1","Guardian:ExploitGems+1","Slimebound:Tackle+1","Slimebound:Tackle+1","Slimebound:Tackle+1","Guardian:ChargeUp+1","Guardian:DonusPower+1","Guardian:FloatingOrbs+1","Guardian:ChargeUp+1","Guardian:Gem_Red","Master of Strategy+1","Replay:Bootleg Shield Generator+1","ReplayTheSpireMod:Private Reserves+1"],"relics":["Guardian:ModeShifter","Art of War","Toxic Egg 2","Sundial","PreservedInsect","downfall:HeartBlessingRed","downfall:HeartBlessingBlue","construct:WeddingRing","Oddly Smooth Stone","Pocketwatch","Singing Bowl","downfall:CloakOfManyFaces","CultistMask","FaceOfCleric","NlothsMask","GremlinMask","SsserpentHead","Replay:Mystery Machine","Bag of Marbles","construct:ClawGrip","Blue Doll","Sling","Centennial Puzzle","Chemical X","Pear","downfall:HeartBlessingGreen","Mirror","Lantern","ReplayTheSpireMod:ShopPack"],"acts_visited":["Exordium","TheCity","TheBeyond","TheEnding"],"potions_floor_usage":[3,11,16,22,22,25,29,33,33,47,49,50],"damage_taken":[{"damage":4,"enemies":"2 Louse","floor":2,"turns":3},{"damage":17,"enemies":"3 Sentries","floor":3,"turns":10},{"damage":0,"enemies":"Small Slimes","floor":8,"turns":4},{"damage":21,"enemies":"3 Sentries","floor":9,"turns":10},{"damage":0,"enemies":"Cultist","floor":10,"turns":3},{"damage":14,"enemies":"Gremlin Nob","floor":11,"turns":4},{"damage":0,"enemies":"2 Fungi Beasts","floor":15,"turns":4},{"damage":48,"enemies":"WA_ARCHETYPE_RETAIN","floor":16,"turns":10},{"damage":2,"enemies":"Shell Parasite","floor":19,"turns":3},{"damage":7,"enemies":"Centurion and Healer","floor":22,"turns":4},{"damage":24,"enemies":"Snake Plant","floor":23,"turns":2},{"damage":15,"enemies":"Colosseum Nobs","floor":25,"turns":4},{"damage":9,"enemies":"downfall:FaceTrader","floor":27,"turns":4},{"damage":3,"enemies":"Book of Stabbing","floor":29,"turns":3},{"damage":28,"enemies":"Slavers","floor":31,"turns":4},{"damage":8,"enemies":"Snecko","floor":32,"turns":3},{"damage":36,"enemies":"DF_ARCHETYPE_CLAW","floor":33,"turns":8},{"damage":2,"enemies":"3 Shapes","floor":36,"turns":4},{"damage":11,"enemies":"downfall:FleeingMerchant","floor":39,"turns":4},{"damage":4,"enemies":"Orb Walker","floor":40,"turns":2},{"damage":20,"enemies":"3 Darklings","floor":42,"turns":3},{"damage":0,"enemies":"downfall:FleeingMerchant","floor":43,"turns":1},{"damage":35,"enemies":"Sphere and 2 Shapes","floor":45,"turns":3},{"damage":0,"enemies":"R_Hoarder","floor":47,"turns":4},{"damage":6,"enemies":"Writhing Mass","floor":49,"turns":3},{"damage":19,"enemies":"IC_BLOCK_ARCHETYPE","floor":50,"turns":7},{"damage":22,"enemies":"downfall:CharBossMerchant","floor":52,"turns":5},{"damage":43,"enemies":"downfall:NeowBoss","floor":55,"turns":15},{"damage":53,"enemies":"downfall:NeowBossFinal","floor":56,"turns":9}],"seed_played":"2369027693838061926","potions_obtained":[{"floor":2,"key":"Regen Potion"},{"floor":10,"key":"Strength Potion"},{"floor":11,"key":"DistilledChaos"},{"floor":15,"key":"BlessingOfTheForge"},{"floor":19,"key":"AttackPotion"},{"floor":21,"key":"downfall:CursedFountainPotion"},{"floor":22,"key":"Strength Potion"},{"floor":25,"key":"SpeedPotion"},{"floor":27,"key":"Weak Potion"},{"floor":31,"key":"SneckoOil"},{"floor":42,"key":"Swift Potion"},{"floor":45,"key":"Explosive Potion"},{"floor":47,"key":"FairyPotion"},{"floor":49,"key":"PowerPotion"}],"is_trial":false,"path_per_floor":["R","M","?","?","?","R","T","M","E","M","E","?","R","?","M","B",null,"R","M","?","?","M","M","T","?","R","?","R","E","R","E","M","B",null,"R","M","?","?","$","M","T","M","$","R","M","R","E","R","M","B",null,"E","$","R","B","B",null],"character_chosen":"GUARDIAN","items_purchased":["Guardian:FloatingOrbs","Blue Doll","Sling","Centennial Puzzle","Chemical X","Lantern","ReplayTheSpireMod:ShopPack"],"campfire_rested":6,"item_purchase_floors":[39,39,39,43,43,53,53],"current_hp_per_floor":[80,76,73,73,73,73,73,73,52,52,38,38,48,78,78,30,90,90,88,88,88,81,57,57,42,69,62,89,87,87,62,55,20,98,98,99,99,99,91,90,90,73,76,76,44,78,95,129,124,106,131,110,110,129,87,35],"gold":95,"neow_bonus":"RANDOM_COMMON_RELIC","is_daily":false,"chose_seed":false,"campfire_upgraded":5,"win_rate":0.0,"timestamp":1612988900,"path_taken":["R","M","?","?","?","R","T","M","E","?","E","?","R","?","M","BOSS","R","M","?","?","M","?","T","?","R","?","R","E","R","E","M","BOSS","R","M","?","?","$","?","T","M","$","R","M","R","E","R","M","BOSS","E","$","R","BOSS","BOSS"],"items_purchased_type":["Card","Relic","Relic","Relic","Relic","Relic","Relic"],"build_version":"2020-12-22","purchased_purges":3,"victory":true,"max_hp_per_floor":[80,80,80,80,80,80,80,80,80,80,80,80,90,90,90,90,90,90,90,90,90,90,90,90,90,90,92,92,93,93,96,97,98,98,98,101,101,101,104,107,107,110,113,113,116,116,129,129,130,131,131,132,129,129,130,131],"card_choices":[{"not_picked":["Guardian:Gem_Green","Guardian:TemporalStrike"],"picked":"Guardian:Gem_Fragmented","floor":2},{"not_picked":["Guardian:CrystalBeam","Guardian:ChargeCore"],"picked":"Guardian:Gem_Blue","floor":3},{"not_picked":["Guardian:Gem_Cyan","Guardian:DecasProtection+1"],"picked":"Guardian:WalkerClaw","floor":8},{"not_picked":["Guardian:Recover+1","Guardian:ConstructionForm","Guardian:TimeCapacitor"],"picked":"SKIP","floor":9},{"not_picked":["Guardian:Gem_Yellow","Guardian:BodySlam","Guardian:TemporalShield+1"],"picked":"SKIP","floor":10},{"not_picked":["Guardian:PrismaticBeam","Guardian:ChargeUp+1"],"picked":"Guardian:WalkerClaw","floor":11},{"not_picked":["Guardian:CrystalBeam","Guardian:TimeBomb+1","Guardian:Planning+1"],"picked":"SKIP","floor":15},{"not_picked":["Guardian:StasisStrike","Guardian:FierceBash"],"picked":"Guardian:ExploitGems+1","floor":16},{"not_picked":["Guardian:VentSteam+1","Guardian:PrismaticBarrier+1"],"picked":"Guardian:Gem_Lightblue","floor":19},{"not_picked":["Guardian:PiercingHide+1","Guardian:SpikerProtocol"],"picked":"Guardian:ChargeUp+1","floor":22},{"not_picked":["Guardian:ChargeCore","Guardian:ShieldSpikes+1"],"picked":"Guardian:Gem_Cyan","floor":23},{"not_picked":["Guardian:Gem_Lightblue","Guardian:PiercingHide+1"],"picked":"Guardian:Gem_Red","floor":25},{"not_picked":["Guardian:ChargeCore","Guardian:TemporalShield+1","Guardian:ExploitGems+1"],"picked":"Singing Bowl","floor":27},{"not_picked":["Guardian:Incinerate","Guardian:RollAttack"],"picked":"Guardian:DonusPower+1","floor":29},{"not_picked":["Guardian:TemporalShield+1","Guardian:Gem_Green","Guardian:SentryBeam"],"picked":"Singing Bowl","floor":31},{"not_picked":["Guardian:GuardianWhirl","Guardian:ShieldCharger+1"],"picked":"Guardian:Gem_Blue","floor":32},{"not_picked":["Guardian:FierceBash","Guardian:StasisField+1"],"picked":"Guardian:Gem_Orange","floor":33},{"not_picked":["Guardian:Planning+1","Guardian:ChargeCore","Guardian:Harden+1"],"picked":"Singing Bowl","floor":36},{"not_picked":["Guardian:CrystalBeam+1","Guardian:HyperBeam_Guardian","Guardian:GatlingBeam"],"picked":"Singing Bowl","floor":39},{"not_picked":["Guardian:Gem_Green","Guardian:TemporalStrike+1","Guardian:Planning+1"],"picked":"Singing Bowl","floor":40},{"not_picked":["Guardian:ShieldCharger+1","Guardian:ChargeCore","Guardian:RollAttack+1"],"picked":"Singing Bowl","floor":42},{"not_picked":["Guardian:PiercingHide+1","Guardian:WalkerClaw","Guardian:EvasiveProtocol+1"],"picked":"Singing Bowl","floor":43},{"not_picked":["Guardian:Suspension+1","Guardian:Gem_Cyan","Guardian:BronzeOrb"],"picked":"Singing Bowl","floor":45},{"not_picked":["Guardian:Incinerate","Guardian:TemporalStrike+1","Guardian:Gem_Blue"],"picked":"Singing Bowl","floor":47},{"not_picked":["Guardian:Repulse","Guardian:BronzeArmor+1"],"picked":"Guardian:ChargeUp+1","floor":49},{"not_picked":["Guardian:PolyBeam+1","Guardian:SentryBeam"],"picked":"Guardian:Gem_Red","floor":52},{"not_picked":["Secret Technique","Midas Touch"],"picked":"Master of Strategy","floor":53},{"not_picked":["Replay:Sssssssssstrike","Discovery"],"picked":"Replay:Bootleg Shield Generator","floor":53},{"not_picked":["Replay:BasicMightCard","Purity"],"picked":"ReplayTheSpireMod:Private Reserves","floor":53}],"player_experience":161423,"relics_obtained":[{"floor":3,"key":"Toxic Egg 2"},{"floor":9,"key":"Sundial"},{"floor":11,"key":"PreservedInsect"},{"floor":24,"key":"Oddly Smooth Stone"},{"floor":25,"key":"Pocketwatch"},{"floor":25,"key":"Singing Bowl"},{"floor":27,"key":"downfall:CloakOfManyFaces"},{"floor":29,"key":"Replay:Mystery Machine"},{"floor":31,"key":"Bag of Marbles"},{"floor":47,"key":"Pear"},{"floor":52,"key":"Mirror"}],"event_choices":[{"damage_healed":30,"gold_gain":0,"player_choice":"Banana","damage_taken":0,"max_hp_gain":0,"max_hp_loss":0,"event_name":"Big Fish","floor":14,"gold_loss":0}],"is_beta":false,"boss_relics":[{"not_picked":["Philosopher\u0027s Stone","Empty Cage"],"picked":"construct:WeddingRing"},{"not_picked":["Painkiller Herb","Replay:Drink Me"],"picked":"construct:ClawGrip"}],"items_purged_floors":[39,43,53],"is_endless":false,"potions_floor_spawned":[2,10,11,15,19,22,25,27,31,42,45,47,49],"ascension_level":1}}