{"host":"vyjryxuuuxkt43k4","time":1612918698,"event":{"mods":["AchievementEnabler","BaseMod","Colored Map","DeckTracker","Keyboard Shortcuts","Minty Spire (QoL Compilation)","Permanent Neow","Quick Restart","StSLib","SuperFastMode","everything is the same but u backflip on backflip"],"gold_per_floor":[118,43,60,75,75,75,107,107,107,107,7,82,82,97,97,97,97],"floor_reached":16,"language":"KOR","playtime":478,"items_purged":["Strike_R","Strike_R"],"score":196,"play_id":"c8cc6f35-ded3-4c97-98a9-e79a512f49dc","local_time":"20210210095818","is_ascension_mode":true,"campfire_choices":[{"data":"Armaments","floor":6,"key":"SMITH"},{"floor":8,"key":"REST"},{"data":"Metamorphosis","floor":10,"key":"SMITH"},{"floor":15,"key":"REST"}],"circlet_count":0,"master_deck":["AscendersBane","Strike_R","Strike_R","Defend_R","Defend_R","Defend_R","Defend_R","Bash","Metamorphosis+1","Pommel Strike","Armaments+1","Dropkick+1","Seeing Red"],"relics":["Burning Blood","Molten Egg 2","Eternal Feather"],"acts_visited":["Exordium"],"potions_floor_usage":[16],"damage_taken":[{"damage":13,"enemies":"Small Slimes","floor":1,"turns":4},{"damage":4,"enemies":"2 Louse","floor":3,"turns":3},{"damage":12,"enemies":"Jaw Worm","floor":4,"turns":3},{"damage":81,"enemies":"3 Sentries","floor":7,"turns":13},{"damage":11,"enemies":"Blue Slaver","floor":14,"turns":5},{"damage":51,"enemies":"The Guardian","floor":16,"turns":6}],"seed_played":"-1150968938803430819","potions_obtained":[{"floor":3,"key":"FairyPotion"},{"floor":14,"key":"EssenceOfSteel"}],"is_trial":false,"path_per_floor":["M","$","M","M","?","R","E","R","T","R","$","?","?","M","R","B"],"character_chosen":"IRONCLAD","items_purchased":[],"campfire_rested":2,"item_purchase_floors":[],"current_hp_per_floor":[61,61,63,57,62,62,17,38,38,44,44,33,26,21,48,0,0],"gold":97,"neow_bonus":"RANDOM_COLORLESS_2","is_daily":false,"chose_seed":false,"campfire_upgraded":2,"win_rate":0.0,"timestamp":1612918698,"path_taken":["M","$","M","M","?","R","E","R","T","R","$","?","?","M","R","BOSS"],"items_purchased_type":[],"build_version":"2020-12-22","purchased_purges":2,"victory":false,"max_hp_per_floor":[68,68,68,68,73,73,73,73,73,73,73,73,73,73,73,73,73],"card_choices":[{"not_picked":["Sadistic Nature","Secret Technique"],"picked":"Metamorphosis","floor":0},{"not_picked":["Rage","Clash"],"picked":"Pommel Strike","floor":1},{"not_picked":["Infernal Blade","Clash","Perfected Strike"],"picked":"SKIP","floor":3},{"not_picked":["Perfected Strike","Anger"],"picked":"Armaments","floor":4},{"not_picked":["Iron Wave+1","Warcry"],"picked":"Dropkick+1","floor":7},{"not_picked":["Pommel Strike+1","Heavy Blade+1"],"picked":"Seeing Red","floor":14}],"player_experience":882772,"relics_obtained":[{"floor":7,"key":"Molten Egg 2"},{"floor":9,"key":"Eternal Feather"}],"event_choices":[{"damage_healed":0,"gold_gain":0,"player_choice":"Donut","damage_taken":0,"max_hp_gain":5,"max_hp_loss":0,"event_name":"Big Fish","floor":5,"gold_loss":0},{"damage_healed":0,"gold_gain":75,"player_choice":"Gather Gold","damage_taken":11,"max_hp_gain":0,"max_hp_loss":0,"event_name":"World of Goop","floor":12,"gold_loss":0},{"cards_removed":["Strike_R"],"damage_healed":0,"gold_gain":0,"player_choice":"Card Removal","damage_taken":7,"max_hp_gain":0,"max_hp_loss":0,"event_name":"Golden Wing","floor":13,"gold_loss":0}],"is_beta":false,"boss_relics":[],"items_purged_floors":[2,11],"is_endless":false,"potions_floor_spawned":[3,14],"killed_by":"The Guardian","ascension_level":20}}