{"host":"7c48c022du196gjj","time":1612939874,"event":{"mods":["BaseMod","Better Third Choice","Colored Map","Hubris","Minty Spire (QoL Compilation)","Monster B Gone","Quick Restart","Reliquary","Replay The Spire","Say the Spire","Smile Girya","Spicy Shops","StSLib"],"gold_per_floor":[114,131,151,151,301,301,317,317,317],"floor_reached":8,"language":"ENG","playtime":279,"items_purged":[],"score":89,"play_id":"0782d840-d5ca-4524-9c2c-558c5d1e9ef3","local_time":"20210210005114","is_ascension_mode":true,"campfire_choices":[{"data":"hubris:SlightOfHand","floor":6,"key":"SMITH"}],"circlet_count":0,"master_deck":["AscendersBane","Strike_G","Strike_G","Strike_G","Strike_G","Strike_G","Defend_G","Defend_G","Defend_G","Defend_G","Defend_G","Survivor","Neutralize","Quick Slash","Flying Knee","hubris:SlightOfHand+1","Injury","Doubt","All Out Attack"],"relics":["Ring of the Snake","Du-Vu Doll","Golden Idol"],"acts_visited":["Exordium"],"potions_floor_usage":[],"damage_taken":[{"damage":6,"enemies":"Cultist","floor":1,"turns":5},{"damage":3,"enemies":"Jaw Worm","floor":2,"turns":3},{"damage":6,"enemies":"2 Louse","floor":3,"turns":3},{"damage":4,"enemies":"Exordium Thugs","floor":7,"turns":5},{"damage":45,"enemies":"Lagavulin","floor":8,"turns":8}],"seed_played":"906299749801463804","potions_obtained":[{"floor":3,"key":"FearPotion"}],"is_trial":false,"path_per_floor":["M","M","M","?","?","R","M","E"],"character_chosen":"THE_SILENT","items_purchased":[],"campfire_rested":0,"item_purchase_floors":[],"current_hp_per_floor":[53,50,44,44,44,44,40,0,0],"gold":317,"neow_bonus":"ONE_RARE_RELIC","is_daily":false,"chose_seed":false,"campfire_upgraded":1,"win_rate":0.0,"timestamp":1612939874,"path_taken":["M","?","M","?","?","R","M","E"],"items_purchased_type":[],"build_version":"2020-12-22","purchased_purges":0,"victory":false,"max_hp_per_floor":[60,60,60,60,60,60,60,60,60],"card_choices":[{"not_picked":["Replay:Poison Smokescreen","Backflip"],"picked":"Quick Slash","floor":1},{"not_picked":["Outmaneuver","ReplayTheSpireMod:The Works"],"picked":"Flying Knee","floor":2},{"not_picked":["Flying Knee","Outmaneuver"],"picked":"hubris:SlightOfHand","floor":3},{"not_picked":["Replay:Poison Smokescreen","PiercingWail"],"picked":"All Out Attack","floor":7}],"player_experience":884832,"relics_obtained":[],"event_choices":[{"damage_healed":0,"gold_gain":0,"player_choice":"Take Wound","damage_taken":0,"relics_obtained":["Golden Idol"],"max_hp_gain":0,"max_hp_loss":0,"event_name":"Golden Idol","floor":4,"gold_loss":0,"cards_obtained":["Injury"]},{"damage_healed":0,"gold_gain":150,"player_choice":"AGREE","damage_taken":151,"max_hp_gain":0,"max_hp_loss":0,"event_name":"betterThird:BetterSerpent","floor":5,"gold_loss":0}],"is_beta":false,"boss_relics":[],"items_purged_floors":[],"is_endless":false,"potions_floor_spawned":[3],"killed_by":"Lagavulin","ascension_level":17}}