{"host":"oehe2dxjvdgux73m","time":1612967083,"event":{"mods":["AchievementEnabler","BaseMod","Colored Map","Colored Powertips","DeckTracker","Keyboard Shortcuts","Minty Spire (QoL Compilation)","Permanent Neow","Quick Restart","StSLib","SuperFastMode"],"gold_per_floor":[111,128,144,161,181,181,195,225,248,260,277,277,277],"floor_reached":12,"language":"KOR","playtime":245,"items_purged":[],"score":172,"play_id":"5ccf9e79-bc70-4351-815a-f29ac0224579","local_time":"20210210232443","is_ascension_mode":true,"campfire_choices":[{"data":"Crippling Poison","floor":6,"key":"SMITH"}],"circlet_count":0,"master_deck":["AscendersBane","Strike_G","Strike_G","Strike_G","Strike_G","Strike_G","Defend_G","Defend_G","Defend_G","Defend_G","Defend_G","Survivor","Neutralize","Footwork","Blade Dance","Crippling Poison+1","Masterful Stab","Corpse Explosion","Bouncing Flask","Acrobatics","Backflip"],"relics":["Ring of the Snake","NeowsBlessing","Dream Catcher","Tiny Chest"],"acts_visited":["Exordium"],"potions_floor_usage":[8],"damage_taken":[{"damage":0,"enemies":"Cultist","floor":1,"turns":1},{"damage":0,"enemies":"Jaw Worm","floor":2,"turns":1},{"damage":0,"enemies":"2 Louse","floor":3,"turns":1},{"damage":18,"enemies":"Exordium Wildlife","floor":4,"turns":6},{"damage":5,"enemies":"Lots of Slimes","floor":5,"turns":4},{"damage":0,"enemies":"3 Louse","floor":7,"turns":2},{"damage":16,"enemies":"Lagavulin","floor":8,"turns":5},{"damage":8,"enemies":"Exordium Thugs","floor":10,"turns":3},{"damage":11,"enemies":"Blue Slaver","floor":11,"turns":4},{"damage":0,"enemies":"3 Sentries","floor":12,"turns":1}],"seed_played":"8670766650721458340","potions_obtained":[{"floor":1,"key":"LiquidBronze"},{"floor":2,"key":"Ancient Potion"},{"floor":5,"key":"DuplicationPotion"},{"floor":7,"key":"GamblersBrew"},{"floor":10,"key":"SpeedPotion"}],"is_trial":false,"path_per_floor":["M","M","M","M","M","R","M","E","T","M","M","E"],"character_chosen":"THE_SILENT","items_purchased":[],"campfire_rested":0,"item_purchase_floors":[],"current_hp_per_floor":[59,59,59,41,36,36,36,20,20,12,1,1,1],"gold":277,"neow_bonus":"THREE_ENEMY_KILL","is_daily":false,"chose_seed":false,"campfire_upgraded":1,"win_rate":0.0,"timestamp":1612967083,"path_taken":["M","M","M","M","M","R","?","E","T","M","?","E"],"items_purchased_type":[],"build_version":"2020-12-22","purchased_purges":0,"victory":false,"max_hp_per_floor":[66,66,66,66,66,66,66,66,66,66,66,66,66],"card_choices":[{"not_picked":["Blur","Cloak And Dagger"],"picked":"Footwork","floor":1},{"not_picked":["Escape Plan","Prepared"],"picked":"Blade Dance","floor":2},{"not_picked":["Poisoned Stab","Backflip"],"picked":"Crippling Poison","floor":3},{"not_picked":["Outmaneuver","Underhanded Strike"],"picked":"Masterful Stab","floor":4},{"not_picked":["Deadly Poison","Blade Dance"],"picked":"Corpse Explosion","floor":5},{"not_picked":["Masterful Stab","Reflex"],"picked":"Bouncing Flask","floor":7},{"not_picked":["Corpse Explosion","Flechettes","Poisoned Stab"],"picked":"SKIP","floor":8},{"not_picked":["Slice","Outmaneuver"],"picked":"Acrobatics","floor":10},{"not_picked":["Crippling Poison","Slice"],"picked":"Backflip","floor":11}],"player_experience":452747,"relics_obtained":[{"floor":8,"key":"Dream Catcher"},{"floor":9,"key":"Tiny Chest"}],"event_choices":[],"is_beta":false,"boss_relics":[],"items_purged_floors":[],"is_endless":false,"potions_floor_spawned":[1,2,4,5,7,10],"killed_by":"3 Sentries","ascension_level":20}}