{"host":"8rqsnaeml9gxb0kp","time":1612916735,"event":{"mods":["AchievementEnabler","BaseMod","Dark Map","Minty Spire (QoL Compilation)","Relic Stats","StSLib","slay the spire mod where everything is the same but ironclad has a cowboy hat"],"gold_per_floor":[115,135,154,167,178,178,188,213,213,226,226,239,239,255,255,326,326,345,395,414,414,414,414,339,339,339,254,97,110,110,110],"floor_reached":30,"language":"ENG","playtime":914,"items_purged":[],"score":460,"play_id":"5151eb98-01bc-4a37-bcce-57a0bd0fe63c","local_time":"20210209162535","is_ascension_mode":true,"campfire_choices":[{"data":"Fiend Fire","floor":6,"key":"SMITH"},{"floor":11,"key":"REST"},{"data":"Rupture","floor":13,"key":"SMITH"},{"floor":15,"key":"REST"},{"floor":23,"key":"REST"},{"data":"Juggernaut","floor":25,"key":"SMITH"}],"circlet_count":0,"master_deck":["AscendersBane","Bash","Carnage","Whirlwind","Flame Barrier","Fiend Fire+1","Iron Wave","Feel No Pain","Fire Breathing","Rupture+1","Combust","Brutality","Thunderclap","Feed","Fire Breathing","Blood for Blood","Pommel Strike","Juggernaut+1","Body Slam","Fire Breathing","Evolve+1","Power Through","Second Wind"],"relics":["Cursed Key","Ginger","Pandora\u0027s Box","Pear","Pen Nib"],"acts_visited":["Exordium","TheCity"],"potions_floor_usage":[8,16,16,22],"damage_taken":[{"damage":0.0,"enemies":"Small Slimes","floor":1.0,"turns":4.0},{"damage":1.0,"enemies":"2 Louse","floor":2.0,"turns":3.0},{"damage":2.0,"enemies":"Jaw Worm","floor":3.0,"turns":2.0},{"damage":4.0,"enemies":"Large Slime","floor":4.0,"turns":6.0},{"damage":8,"enemies":"Blue Slaver","floor":5,"turns":2},{"damage":7,"enemies":"2 Fungi Beasts","floor":7,"turns":3},{"damage":11,"enemies":"3 Sentries","floor":8,"turns":5},{"damage":17,"enemies":"Lots of Slimes","floor":10,"turns":3},{"damage":11,"enemies":"Red Slaver","floor":12,"turns":3},{"damage":6,"enemies":"Blue Slaver","floor":14,"turns":3},{"damage":23,"enemies":"Hexaghost","floor":16,"turns":6},{"damage":8,"enemies":"Chosen","floor":18,"turns":4},{"damage":36,"enemies":"Spheric Guardian","floor":20,"turns":5},{"damage":0,"enemies":"Centurion and Healer","floor":22,"turns":1},{"damage":29,"enemies":"Sentry and Sphere","floor":29,"turns":5},{"damage":30,"enemies":"Book of Stabbing","floor":30,"turns":2}],"seed_played":"-4680692061363897538","potions_obtained":[{"floor":1.0,"key":"PowerPotion"},{"floor":2.0,"key":"CultistPotion"},{"floor":12,"key":"ColorlessPotion"},{"floor":14,"key":"CultistPotion"},{"floor":16,"key":"SmokeBomb"},{"floor":18,"key":"SneckoOil"}],"is_trial":false,"path_per_floor":["M","M","M","M","M","R","M","E","T","M","R","M","R","M","R","B",null,"M","?","M","?","M","R","?","R","T","?","$","M","E"],"character_chosen":"IRONCLAD","items_purchased":["Pen Nib"],"campfire_rested":3,"item_purchase_floors":[28],"current_hp_per_floor":[68,67,65,61,53,53,46,35,35,18,40,29,29,23,45,22,62,57,57,21,21,21,44,44,44,44,54,54,28,0,0],"gold":110,"neow_bonus":"BOSS_RELIC","is_daily":false,"chose_seed":false,"campfire_upgraded":3,"win_rate":0.0,"timestamp":1612916735,"path_taken":["M","M","M","M","M","R","M","E","T","M","R","M","R","M","R","BOSS","M","?","M","?","M","R","?","R","T","?","$","?","E"],"items_purchased_type":["Relic"],"build_version":"2020-12-22","purchased_purges":0,"victory":false,"max_hp_per_floor":[75,75,75,75,75,75,75,75,75,75,75,75,75,75,75,75,75,78,78,78,78,78,78,78,78,78,88,88,91,91,91],"relic_stats":{"counters":[16,57],"Pandora\u0027s Box":["Thunderclap","Feed","Fire Breathing","Blood for Blood","Pommel Strike","Dropkick","Juggernaut","Body Slam","Fire Breathing"],"Pen Nib":[0],"Ginger":[7],"Cursed Key":0,"obtain_stats":[{"Pear":27,"Pandora\u0027s Box":17,"Pen Nib":28,"Ginger":8,"Cursed Key":0,"Burning Blood":0},{"Pear":14,"Pandora\u0027s Box":11,"Pen Nib":14,"Ginger":7,"Cursed Key":0,"Burning Blood":0},{"Pear":50,"Pandora\u0027s Box":40,"Pen Nib":50,"Ginger":25,"Cursed Key":0,"Burning Blood":0}]},"card_choices":[{"not_picked":["Blood for Blood","Body Slam"],"picked":"Carnage","floor":1.0},{"not_picked":["Wild Strike","Clash"],"picked":"Whirlwind","floor":2.0},{"not_picked":["Sword Boomerang","Clash"],"picked":"Flame Barrier","floor":3.0},{"not_picked":["Flex","Thunderclap"],"picked":"Fiend Fire","floor":4.0},{"not_picked":["Thunderclap","Disarm"],"picked":"Iron Wave","floor":5},{"not_picked":["Clash","Combust","Anger"],"picked":"SKIP","floor":7},{"not_picked":["True Grit","Pommel Strike"],"picked":"Feel No Pain","floor":8},{"not_picked":["Clothesline","Thunderclap"],"picked":"Fire Breathing","floor":10},{"not_picked":["Uppercut","Body Slam"],"picked":"Rupture","floor":12},{"not_picked":["Warcry","Armaments"],"picked":"Combust","floor":14},{"not_picked":["Impervious","Fiend Fire"],"picked":"Brutality","floor":16},{"not_picked":["Spot Weakness","Warcry+1"],"picked":"Evolve+1","floor":18},{"not_picked":["Uppercut","Evolve"],"picked":"Power Through","floor":20},{"not_picked":["Warcry","Rampage"],"picked":"Second Wind","floor":29}],"player_experience":188198,"relics_obtained":[{"floor":8,"key":"Ginger"}],"event_choices":[{"damage_healed":0,"gold_gain":50,"player_choice":"Stole From Cult","damage_taken":0,"max_hp_gain":0,"max_hp_loss":0,"event_name":"Nest","floor":19,"gold_loss":0},{"damage_healed":0,"gold_gain":0,"player_choice":"Ignored","damage_taken":0,"max_hp_gain":0,"max_hp_loss":0,"event_name":"Cursed Tome","floor":21,"gold_loss":0},{"cards_removed":["Dropkick"],"damage_healed":0,"gold_gain":0,"player_choice":"Gave Gold","damage_taken":0,"max_hp_gain":0,"max_hp_loss":0,"event_name":"Beggar","floor":24,"gold_loss":75},{"damage_healed":0,"gold_gain":0,"player_choice":"Obtained Relic","damage_taken":0,"relics_obtained":["Pear"],"max_hp_gain":0,"max_hp_loss":0,"event_name":"Addict","floor":27,"gold_loss":85}],"is_beta":false,"boss_relics":[{"not_picked":["Philosopher\u0027s Stone","Busted Crown"],"picked":"Pandora\u0027s Box"}],"items_purged_floors":[],"is_endless":false,"potions_floor_spawned":[1,2,5,12,14,16,18,22],"killed_by":"Book of Stabbing","ascension_level":19}}