{"host":"mr1ctipv0dcr6y8g","time":1612993799,"event":{"mods":["BaseMod","Beaked The Cultist","DeckTracker","Downfall","Energized Spire","Minty Spire (QoL Compilation)","READ ME - Guardian Mod","Shop Mod","StSLib","The Construct"],"gold_per_floor":[119,133,18,93,93,93,93,93,146,171,171,186,186,212,212,313,313,313,313,313,313,313,313,313,313,313,313,213,213,213,213,213,213,213,213,213,57,57,57,57,57,57,57,57,57,57,57,57,57,57],"floor_reached":51,"language":"ENG","playtime":3848,"items_purged":["bronze:Strike","bronze:Strike"],"score":1123,"play_id":"1faa3ce3-2458-42c9-81c5-b5dc2bbc67b1","local_time":"20210210144959","daily_mods":["Heirloom","Time Dilation","Flight"],"is_ascension_mode":false,"campfire_choices":[{"data":"bronze:Repulsor","floor":6,"key":"SMITH"},{"data":"bronze:Replicate","floor":7,"key":"SMITH"},{"data":"bronze:Goto","floor":8,"key":"SMITH"},{"floor":11,"key":"REST"},{"data":"bronze:WhirlingStrike","floor":13,"key":"SMITH"},{"data":"bronze:BronzeOrb","floor":15,"key":"SMITH"},{"data":"bronze:Boost","floor":24,"key":"SMITH"},{"data":"bronze:Turbo","floor":32,"key":"SMITH"},{"data":"beaked:AwakenedForm","floor":41,"key":"SMITH"},{"data":"bronze:Flail","floor":42,"key":"SMITH"},{"data":"bronze:Return","floor":49,"key":"SMITH"}],"circlet_count":0,"master_deck":["bronze:Strike","bronze:Defend","bronze:Defend","bronze:Defend","bronze:Defend","bronze:Replicate+1","bronze:Goto+1","bronze:WhirlingStrike+1","bronze:CutThrough","bronze:Repulsor+1","bronze:Turbo+1","bronze:ChosenStrike","bronze:BronzeOrb+1","bronze:Verify","bronze:Shell+1","bronze:BronzeOrb+1","bronze:Shield+1","bronze:Branch","bronze:Boost+1","bronze:BuggyMess+1","bronze:Flail+1","downfall:Bewildered","bronze:Verify","beaked:AwakenedForm+1","bronze:Frontload+1","bronze:ForceShield+1","Enlightenment","bronze:SpaghettiCode","bronze:Optimize+1","bronze:Return+1"],"relics":["bronze:BronzeCore","Bird Faced Urn","Bag of Preparation","Slimebound:StickyStick","Bag of Marbles","hexamod:BolsterEngine","Ectoplasm","Mercury Hourglass","Regal Pillow","Pear","Meat on the Bone","sneckomod:BabySnecko","beaked:SacredDeck","Guardian:BottledAnomaly","FossilizedHelix","Question Card","Nunchaku","Bottled Flame","Strawberry"],"acts_visited":["Exordium","TheCity","TheBeyond"],"potions_floor_usage":[14,35,44,50],"damage_taken":[{"damage":0,"enemies":"Cultist","floor":1,"turns":2},{"damage":1,"enemies":"Jaw Worm","floor":2,"turns":3},{"damage":30,"enemies":"Gremlin Nob","floor":10,"turns":4},{"damage":0,"enemies":"Small Slimes","floor":12,"turns":1},{"damage":9,"enemies":"3 Sentries","floor":14,"turns":4},{"damage":0,"enemies":"Slime Boss","floor":16,"turns":3},{"damage":0,"enemies":"2 Thieves","floor":18,"turns":1},{"damage":0,"enemies":"Spheric Guardian","floor":21,"turns":3},{"damage":0,"enemies":"Snake Plant","floor":22,"turns":4},{"damage":11,"enemies":"Book of Stabbing","floor":23,"turns":5},{"damage":3,"enemies":"Slavers","floor":25,"turns":4},{"damage":0,"enemies":"Book of Stabbing","floor":27,"turns":4},{"damage":0,"enemies":"Collector","floor":33,"turns":6},{"damage":0,"enemies":"Orb Walker","floor":35,"turns":2},{"damage":0,"enemies":"3 Shapes","floor":36,"turns":1},{"damage":0,"enemies":"Mind Bloom Boss Battle","floor":38,"turns":1},{"damage":0,"enemies":"Reptomancer","floor":40,"turns":7},{"damage":0,"enemies":"Writhing Mass","floor":44,"turns":4},{"damage":34,"enemies":"Nemesis","floor":45,"turns":5},{"damage":0,"enemies":"Reptomancer","floor":46,"turns":5},{"damage":0,"enemies":"Nemesis","floor":47,"turns":2},{"damage":0,"enemies":"Awakened One","floor":50,"turns":8}],"seed_played":"8847945301507992508","potions_obtained":[{"floor":2,"key":"DuplicationPotion"},{"floor":10,"key":"DuplicationPotion"},{"floor":14,"key":"Swift Potion"},{"floor":18,"key":"Block Potion"},{"floor":40,"key":"DistilledChaos"},{"floor":44,"key":"FearPotion"},{"floor":45,"key":"Fire Potion"},{"floor":47,"key":"Weak Potion"}],"is_trial":true,"path_per_floor":["M","M","$","?","?","R","R","R","T","E","R","M","R","E","R","B",null,"M","?","?","M","M","E","R","E","T","E","$","?","?","?","R","B",null,"M","M","$","?","?","E","R","R","T","M","E","E","E","?","R","B",null],"character_chosen":"THE_AUTOMATON","items_purchased":["bronze:Repulsor","Guardian:BottledAnomaly"],"campfire_rested":1,"item_purchase_floors":[3,37],"current_hp_per_floor":[70,69,69,58,51,51,51,51,51,21,42,44,44,37,37,39,70,70,57,57,61,65,56,56,55,65,67,67,67,67,67,67,71,85,85,85,85,85,85,85,85,85,85,85,55,63,72,72,72,82],"gold":57,"neow_bonus":"","is_daily":false,"chose_seed":false,"campfire_upgraded":10,"win_rate":0.0,"timestamp":1612993799,"path_taken":["M","?","$","?","?","R","R","R","T","E","R","M","R","E","R","BOSS","M","?","?","?","M","E","R","E","T","E","?","?","?","?","R","BOSS","M","?","?","?","?","E","R","R","T","M","E","E","E","?","R","BOSS"],"items_purchased_type":["Card","Relic"],"build_version":"2020-12-22","purchased_purges":2,"victory":true,"max_hp_per_floor":[70,70,70,70,70,70,70,70,70,70,70,70,70,70,70,70,70,70,75,75,75,75,75,75,75,85,85,85,85,85,85,85,85,85,85,85,85,85,85,85,85,85,85,85,85,85,92,87,87,87],"card_choices":[{"not_picked":["bronze:Deprecate","bronze:ClassDefault"],"picked":"bronze:WhirlingStrike","floor":1},{"not_picked":["bronze:Iterate","bronze:FindAndReplace"],"picked":"bronze:CutThrough","floor":2},{"not_picked":["bronze:Backtrace","bronze:FineTuning"],"picked":"bronze:Turbo","floor":10},{"not_picked":["bronze:WhirlingStrike","bronze:Overheat"],"picked":"bronze:ChosenStrike","floor":12},{"not_picked":["bronze:Iterate","bronze:Overheat"],"picked":"bronze:BronzeOrb","floor":14},{"not_picked":["bronze:Virus","bronze:FindAndReplace"],"picked":"bronze:Verify","floor":16},{"not_picked":["bronze:Overload","bronze:OilSpill"],"picked":"bronze:Shell+1","floor":18},{"not_picked":["bronze:BronzeArmor","bronze:BitShift+1"],"picked":"bronze:Shield+1","floor":21},{"not_picked":["bronze:ChosenStrike","bronze:DigitalCarnage"],"picked":"bronze:Branch","floor":22},{"not_picked":["bronze:Break","bronze:BitShift"],"picked":"bronze:Boost","floor":23},{"not_picked":["bronze:CleanCode","bronze:ClassDefault"],"picked":"bronze:BuggyMess+1","floor":25},{"not_picked":["bronze:DarkDash+1","bronze:DigitalCarnage"],"picked":"bronze:Flail","floor":27},{"not_picked":["bronze:CleanCode","bronze:Assembly"],"picked":"bronze:Verify","floor":33},{"not_picked":["bronze:OilSpill","bronze:BitShift+1"],"picked":"bronze:Frontload+1","floor":35},{"not_picked":["bronze:WhirlingStrike","bronze:WildBeam+1","bronze:ChosenStrike+1"],"picked":"SKIP","floor":36},{"not_picked":["bronze:ItsAFeature+1","bronze:BuggyMess"],"picked":"bronze:ForceShield+1","floor":38},{"not_picked":["Finesse","Impatience"],"picked":"Enlightenment","floor":39},{"not_picked":["bronze:WildBeam","bronze:CutThrough+1","bronze:DigitalCarnage+1"],"picked":"SKIP","floor":40},{"not_picked":["bronze:DelayedSlice","bronze:Fortify","bronze:Deprecate+1"],"picked":"bronze:SpaghettiCode","floor":44},{"not_picked":["bronze:Turbo","bronze:Shield+1","bronze:WhirlingStrike","bronze:DelayedGuard"],"picked":"SKIP","floor":45},{"not_picked":["bronze:DelayedGuard+1","bronze:CloningBeam+1","bronze:ForceShield"],"picked":"bronze:Optimize+1","floor":46},{"not_picked":["bronze:CutThrough","bronze:ForLoop","bronze:Branch"],"picked":"bronze:Return","floor":47}],"player_experience":1680837,"relics_obtained":[{"floor":9,"key":"Slimebound:StickyStick"},{"floor":10,"key":"Bag of Marbles"},{"floor":14,"key":"hexamod:BolsterEngine"},{"floor":23,"key":"Mercury Hourglass"},{"floor":25,"key":"Regal Pillow"},{"floor":26,"key":"Pear"},{"floor":27,"key":"Meat on the Bone"},{"floor":38,"key":"FossilizedHelix"},{"floor":40,"key":"Question Card"},{"floor":45,"key":"Nunchaku"},{"floor":46,"key":"Bottled Flame"},{"floor":47,"key":"Strawberry"}],"event_choices":[{"damage_healed":0,"gold_gain":75,"player_choice":"Gather Gold","damage_taken":11,"max_hp_gain":0,"max_hp_loss":0,"event_name":"World of Goop","floor":4,"gold_loss":0},{"damage_healed":0,"gold_gain":0,"player_choice":"Success","damage_taken":7,"relics_obtained":["Bag of Preparation"],"max_hp_gain":0,"max_hp_loss":0,"event_name":"Scrap Ooze","floor":5,"gold_loss":0},{"damage_healed":0,"gold_gain":0,"player_choice":"Shed Blood","damage_taken":18,"max_hp_gain":5,"max_hp_loss":0,"event_name":"Forgotten Altar","floor":19,"gold_loss":0},{"damage_healed":0,"gold_gain":0,"player_choice":"Copied","damage_taken":0,"max_hp_gain":0,"max_hp_loss":0,"event_name":"Duplicator","floor":20,"gold_loss":0,"cards_obtained":["bronze:BronzeOrb"]},{"damage_healed":0,"gold_gain":0,"player_choice":"Ignored","damage_taken":0,"max_hp_gain":0,"max_hp_loss":0,"event_name":"Ghosts","floor":30,"gold_loss":0},{"cards_removed":["bronze:Strike"],"damage_healed":0,"gold_gain":0,"player_choice":"Card Removal","damage_taken":0,"max_hp_gain":0,"max_hp_loss":0,"event_name":"Wheel of Change","floor":31,"gold_loss":0},{"damage_healed":0,"gold_gain":0,"player_choice":"Fight","damage_taken":0,"max_hp_gain":0,"max_hp_loss":0,"event_name":"MindBloom","floor":38,"gold_loss":0},{"damage_healed":0,"gold_gain":0,"player_choice":"Memory 1","damage_taken":0,"max_hp_gain":0,"max_hp_loss":0,"event_name":"SensoryStone","floor":39,"gold_loss":0},{"damage_healed":0,"gold_gain":0,"player_choice":"Max HP","damage_taken":0,"max_hp_gain":0,"max_hp_loss":5,"event_name":"Winding Halls","floor":48,"gold_loss":0}],"is_beta":false,"boss_relics":[{"not_picked":["energizedSpire:SpiderWeb","Black Star"],"picked":"Ectoplasm"},{"not_picked":["Coffee Dripper","energizedSpire:EnergizedDie"],"picked":"beaked:SacredDeck"}],"items_purged_floors":[3,28],"is_endless":false,"potions_floor_spawned":[2,10,14,18,23,25,33,40,44,45,47],"ascension_level":0}}