{"host":"0rn20prxkpuv2e47","time":1612964655,"event":{"mods":["100% Spire Juice","ATMod(阿瑾Mod)","Act Like it!","Arknights","Aspiration","BaseMod","Challenge The Spire","Downfall","Friendly Minions","Gensokyo","Hermit","Koishi","KomeijiMod","Marisa（F雨　魔理沙）","Minty Spire (QoL Compilation)","Prisma Mod","Quick Restart","Reimu（博丽灵梦）","Relic Filter Mod","Remilia（蕾米莉亚）","Replay The Spire","Robot Space Explorer","StSLib","The Administrix","The Alterego","The Animator","The Construct","The Cursed","The Jungle","The Mystic","The Runesmith","The Senshi","The Servant 0.9.4","Wide Potions","Youmu（魂魄妖梦）","Yuyuko","[GremlinLeader]The Maniac","[功能]功能增强和修复MOD","noobMod","【功能Mod】聪明的最终Boss","【遗物卡牌】REMEMod"],"gold_per_floor":[110,126,74,88,63,63,63,88,88,171,171,207,207,229,229,347,0,14,4,28,18,18,44,39,39,39,39,58,58,58,58,58,163,163,186,202,281,281],"floor_reached":37,"language":"ZHS","playtime":2492,"items_purged":["RobotSpaceExplorer:Defend","RobotSpaceExplorer:Defend","RobotSpaceExplorer:Defend","RobotSpaceExplorer:Strike","RobotSpaceExplorer:Strike","RobotSpaceExplorer:Defend+1","RobotSpaceExplorer:Strike","AT_HeatAcrobatics","RobotSpaceExplorer:RigExplosive","Normality"],"score":510,"play_id":"df4bf777-18cd-411e-b3d2-ab25c860df01","local_time":"20210210214415","is_ascension_mode":false,"campfire_choices":[{"data":"RobotSpaceExplorer:FranticSearch","floor":13,"key":"SMITH"},{"data":"RobotSpaceExplorer:SwiftStep","floor":15,"key":"SMITH"},{"data":"Deep Breath","floor":25,"key":"SMITH"},{"data":"RobotSpaceExplorer:Ammunition","floor":27,"key":"SMITH"},{"data":"RobotSpaceExplorer:Reload","floor":30,"key":"SMITH"},{"data":"RobotSpaceExplorer:PowerGlove","floor":32,"key":"SMITH"}],"circlet_count":0,"master_deck":["RobotSpaceExplorer:Scan","RobotSpaceExplorer:MiniLasers","PrismaMod:IllyaCarnivalDefend","RobotSpaceExplorer:Counterblock","RobotSpaceExplorer:Jetpack+1","RobotSpaceExplorer:LuckyStrike","RobotSpaceExplorer:PowerGlove+1","RobotSpaceExplorer:IronShell","RobotSpaceExplorer:SwiftStep+1","Deep Breath+1","RobotSpaceExplorer:MiniDrones","RobotSpaceExplorer:FranticSearch+1","RobotSpaceExplorer:DualCore","RobotSpaceExplorer:ImprovisedAttack","RobotSpaceExplorer:ImprovisedAttack","RobotSpaceExplorer:Comet","RobotSpaceExplorer:JunkDive","RobotSpaceExplorer:Ammunition+1","RobotSpaceExplorer:MiniBoosters","RobotSpaceExplorer:MiniDrones","RobotSpaceExplorer:FranticSearch","RobotSpaceExplorer:SurgingShield","RobotSpaceExplorer:Calculate","RobotSpaceExplorer:Smokescreen","RobotSpaceExplorer:Reload+1","RobotSpaceExplorer:FranticSearch","RobotSpaceExplorer:FranticSearch","RobotSpaceExplorer:ImprovisedAttack+1","RobotSpaceExplorer:Jetpack+1","RobotSpaceExplorer:Blaster","RobotSpaceExplorer:Jetpack","RobotSpaceExplorer:FranticSearch","RobotSpaceExplorer:JunkDive+1","ManaConvection"],"relics":["RobotSpaceExplorer:RoboCore","ice","AT_ATBox","REME_ComplimentaryCards","REME_HandOfSuture","Chemical X","aspiration:ArtOfWarUpgrade","Matryoshka","Prayer Wheel","RobotSpaceExplorer:SlideRule","War Paint","Ancient Tea Set","REME_ArchaeologicalTools","AT_RabadonDeathcap","ReplayTheSpireMod:Lightbulb","Replay:Baseball","EctoplasmExtend","CaptainsWheel","Blue Doll","OrangePellets","Gambling Chip","Sundial","Strange Spoon","Ring of Fangs","Ring of Fury","ReplayTheSpireMod:Shallot","Tiny Chest","Lee\u0027s Waffle","AT_EbonyIvory","Bronze Scales","Gensokyo:ChorusOfJoy","aspiration:MarisaSkillbook","Bottled Flame"],"acts_visited":["Gensokyo:Gensokyo","Gensokyo:Gensokyoer","Gensokyo:Gensokyoest"],"potions_floor_usage":[1,2,4,8,10,16],"damage_taken":[{"damage":0,"enemies":"Gensokyo:3_Fairies","floor":1,"turns":3},{"damage":0,"enemies":"Gensokyo:Python","floor":2,"turns":5},{"damage":7,"enemies":"Gensokyo:Gryphon","floor":4,"turns":3},{"damage":1,"enemies":"Gensokyo:Mamizou","floor":8,"turns":10},{"damage":13,"enemies":"Gensokyo:Cirno","floor":10,"turns":9},{"damage":6,"enemies":"Gensokyo:Mamizou","floor":12,"turns":5},{"damage":0,"enemies":"Gensokyo:2_Rabbits","floor":14,"turns":3},{"damage":7,"enemies":"Gensokyo:Reimu","floor":16,"turns":10},{"damage":2,"enemies":"Gensokyo:AngelMirror","floor":18,"turns":2},{"damage":0,"enemies":"Gensokyo:2_Gloops","floor":20,"turns":3},{"damage":39,"enemies":"Gensokyo:Monolith_and_Dog","floor":23,"turns":6},{"damage":0,"enemies":"Gensokyo:Swordslinger","floor":28,"turns":2},{"damage":18,"enemies":"Gensokyo:Eternal_Rivals","floor":33,"turns":8},{"damage":0,"enemies":"Gensokyo:AncientGuardian","floor":35,"turns":4},{"damage":0,"enemies":"Gensokyo:3_Bats","floor":36,"turns":3}],"seed_played":"1045782983955498844","potions_obtained":[{"floor":1,"key":"FairyPotion"}],"is_trial":false,"path_per_floor":["M","M","COS","M","$","R","$","E","T","E","R","E","R","M","R","B",null,"M","$","M","$","?","M","$","R","T","R","M","?","R","?","R","B",null,"M","M","T"],"character_chosen":"RobotSpaceExplorer","items_purchased":["REME_HandOfSuture","Chemical X","Art of War","RobotSpaceExplorer:PowerGlove","RobotSpaceExplorer:IronShell","Matryoshka","Prayer Wheel","RobotSpaceExplorer:SlideRule","RobotSpaceExplorer:SwiftStep","Deep Breath","CaptainsWheel","Blue Doll","OrangePellets","RobotSpaceExplorer:MiniBoosters","RobotSpaceExplorer:MiniDrones","Gambling Chip","Sundial","Strange Spoon","RobotSpaceExplorer:Calculate","ReplayTheSpireMod:Shallot","Tiny Chest","Lee\u0027s Waffle","RobotSpaceExplorer:FranticSearch"],"campfire_rested":0,"item_purchase_floors":[5,5,5,5,5,7,7,7,7,7,19,19,19,19,19,21,21,21,21,24,24,24,24],"current_hp_per_floor":[75,75,75,68,68,68,68,67,67,54,54,48,48,48,48,41,75,73,73,73,73,73,34,82,82,82,82,82,82,82,82,82,64,82,82,82,82,82],"gold":281,"neow_bonus":"TRANSFORM_CARD","is_daily":false,"chose_seed":false,"campfire_upgraded":6,"win_rate":0.0,"timestamp":1612964655,"path_taken":["M","M","COS","M","$","R","$","E","T","E","R","E","R","M","R","BOSS","M","$","?","$","?","M","?","R","T","R","?","?","R","?","R","BOSS","M","M","?"],"items_purchased_type":["Relic","Relic","Relic","Card","Card","Relic","Relic","Relic","Card","Card","Relic","Relic","Relic","Card","Card","Relic","Relic","Relic","Card","Relic","Relic","Relic","Card"],"build_version":"2020-12-22","purchased_purges":10,"victory":false,"max_hp_per_floor":[75,75,75,75,75,75,75,75,75,75,75,75,75,75,75,75,75,75,75,75,75,75,75,82,82,82,82,82,82,82,82,82,82,82,82,82,82,82],"card_choices":[{"not_picked":["RobotSpaceExplorer:ToxicBomb","RobotSpaceExplorer:Smokescreen"],"picked":"RobotSpaceExplorer:Counterblock","floor":1},{"not_picked":["RobotSpaceExplorer:StarLightning","RobotSpaceExplorer:DoubleBlock"],"picked":"RobotSpaceExplorer:Jetpack","floor":2},{"not_picked":["RobotSpaceExplorer:SwiftStep","RobotSpaceExplorer:MiniDrones"],"picked":"RobotSpaceExplorer:LuckyStrike","floor":4},{"not_picked":["RobotSpaceExplorer:Fix","RobotSpaceExplorer:GlueShot"],"picked":"RobotSpaceExplorer:MiniDrones","floor":8},{"not_picked":["RobotSpaceExplorer:SurgingStrike","RobotSpaceExplorer:FreezeRay"],"picked":"RobotSpaceExplorer:FranticSearch","floor":10},{"not_picked":["RobotSpaceExplorer:Exploration","RobotSpaceExplorer:ScrapToss"],"picked":"RobotSpaceExplorer:DualCore","floor":12},{"not_picked":["RobotSpaceExplorer:LaserBurst","RobotSpaceExplorer:TurboDodge"],"picked":"RobotSpaceExplorer:ImprovisedAttack","floor":14},{"not_picked":["RobotSpaceExplorer:SelfCleaning","RobotSpaceExplorer:LaserBurst"],"picked":"RobotSpaceExplorer:ImprovisedAttack","floor":14},{"not_picked":["RobotSpaceExplorer:DroneSwarm","RobotSpaceExplorer:HighVoltage"],"picked":"RobotSpaceExplorer:Comet","floor":16},{"not_picked":["RobotSpaceExplorer:MetalStrike","RobotSpaceExplorer:BigMissile"],"picked":"RobotSpaceExplorer:JunkDive","floor":18},{"not_picked":["RobotSpaceExplorer:PowerGlove","RobotSpaceExplorer:ScrapMissile+1"],"picked":"RobotSpaceExplorer:Ammunition","floor":18},{"not_picked":["RobotSpaceExplorer:ImprovisedAttack","RobotSpaceExplorer:PlasmaMissile"],"picked":"RobotSpaceExplorer:FranticSearch","floor":20},{"not_picked":["RobotSpaceExplorer:SwiftStep","RobotSpaceExplorer:IronShell"],"picked":"RobotSpaceExplorer:SurgingShield","floor":20},{"not_picked":["RobotSpaceExplorer:DoubleFind","RobotSpaceExplorer:FrostMissile"],"picked":"RobotSpaceExplorer:Smokescreen","floor":23},{"not_picked":["RobotSpaceExplorer:DualCore+1","RobotSpaceExplorer:FranticSearch"],"picked":"RobotSpaceExplorer:Reload","floor":23},{"not_picked":["RobotSpaceExplorer:MetalStrike+1","RobotSpaceExplorer:StunGrenade"],"picked":"RobotSpaceExplorer:ImprovisedAttack+1","floor":28},{"not_picked":["RobotSpaceExplorer:ChargingLaser","RobotSpaceExplorer:ShockKick"],"picked":"RobotSpaceExplorer:Jetpack+1","floor":28},{"not_picked":["RobotSpaceExplorer:ChargingLaser","RobotSpaceExplorer:Wormhole"],"picked":"RobotSpaceExplorer:Blaster","floor":33},{"not_picked":["GrandCross","SporeBomb+1","OortCloud+1"],"picked":"RobotSpaceExplorer:Jetpack","floor":35},{"not_picked":["RobotSpaceExplorer:Blitz","RobotSpaceExplorer:DualCore","RobotSpaceExplorer:StunGrenade+1"],"picked":"RobotSpaceExplorer:FranticSearch","floor":35},{"not_picked":["RobotSpaceExplorer:ShovelStrike","RobotSpaceExplorer:MetalStrike","DoubleSpark+1"],"picked":"RobotSpaceExplorer:JunkDive+1","floor":36},{"not_picked":["RobotSpaceExplorer:Probe","RobotSpaceExplorer:ExhaustFan+1","OneTimeOff"],"picked":"ManaConvection","floor":36}],"player_experience":171466,"relics_obtained":[{"floor":8,"key":"War Paint"},{"floor":9,"key":"Ancient Tea Set"},{"floor":9,"key":"REME_ArchaeologicalTools"},{"floor":10,"key":"ReplayTheSpireMod:Lightbulb"},{"floor":12,"key":"Replay:Baseball"},{"floor":22,"key":"Ring of Fangs"},{"floor":22,"key":"Ring of Fury"},{"floor":26,"key":"AT_EbonyIvory"},{"floor":26,"key":"Bronze Scales"},{"floor":37,"key":"Bottled Flame"}],"event_choices":[],"is_beta":false,"boss_relics":[{"not_picked":["SacredBark","construct:ClawGrip"],"picked":"EctoplasmExtend"},{"not_picked":["REME_LowDesire","aspiration:ServantSkillbook"],"picked":"aspiration:MarisaSkillbook"}],"items_purged_floors":[5,5,5,5,5,19,19,21,21,24],"is_endless":false,"potions_floor_spawned":[1,1,1,2,4,8,10,10,12,12,12,14,16,16,18,20,23,28,33,35],"ascension_level":0}}