{"host":"oigynbtg272c19pw","time":1612973265,"event":{"mods":["BaseMod","Colored Map","Minty Spire (QoL Compilation)","Relic Stats","Slay the Relics Exporter","StSLib"],"gold_per_floor":[116,126,126,126,22,64,64,90,117,38,38,67,92,123,123,205,205,220,220,220,272,123,123,166,166,236,294,332,368,386,94,94,205,205,240,265,265],"floor_reached":36,"playtime":2529,"items_purged":["Defend_P","Strike_P","Defend_P"],"score":990,"play_id":"e76a78a6-ff46-4cd5-841d-2c95c3ed5c1d","local_time":"20210210170745","is_ascension_mode":true,"campfire_choices":[{"data":"SandsOfTime","floor":7.0,"key":"SMITH"},{"data":"Adaptation","floor":11.0,"key":"SMITH"},{"data":"ClearTheMind","floor":15.0,"key":"SMITH"},{"floor":23.0,"key":"REST"},{"data":"TalkToTheHand","floor":25.0,"key":"SMITH"},{"floor":32.0,"key":"REST"}],"circlet_count":0,"master_deck":["AscendersBane","Defend_P","Defend_P","Eruption","Vigilance","SandsOfTime+1","ClearTheMind+1","SashWhip","DeusExMachina","Tantrum","Adaptation+1","EmptyMind","Wish","TalkToTheHand+1","Halt","FearNoEvil","TalkToTheHand","PanicButton","DevaForm"],"relics":["PureWater","NeowsBlessing","CeramicFish","Darkstone Periapt","InkBottle","Runic Pyramid","Kunai","Mercury Hourglass","Blue Candle","Black Star"],"acts_visited":["Exordium","TheCity","TheBeyond"],"potions_floor_usage":[],"damage_taken":[{"damage":0.0,"enemies":"Small Slimes","floor":1.0,"turns":1.0},{"damage":0.0,"enemies":"Cultist","floor":2.0,"turns":1.0},{"damage":0.0,"enemies":"Lagavulin","floor":6.0,"turns":1.0},{"damage":0.0,"enemies":"2 Louse","floor":8.0,"turns":2.0},{"damage":1.0,"enemies":"3 Sentries","floor":12.0,"turns":6.0},{"damage":3.0,"enemies":"2 Fungi Beasts","floor":13.0,"turns":3.0},{"damage":0.0,"enemies":"Gremlin Nob","floor":14.0,"turns":2.0},{"damage":22.0,"enemies":"Hexaghost","floor":16.0,"turns":7.0},{"damage":23.0,"enemies":"Shell Parasite","floor":18.0,"turns":6.0},{"damage":18.0,"enemies":"2 Thieves","floor":21.0,"turns":5.0},{"damage":20.0,"enemies":"Book of Stabbing","floor":24.0,"turns":7.0},{"damage":1.0,"enemies":"Gremlin Leader","floor":27.0,"turns":6.0},{"damage":4.0,"enemies":"Centurion and Healer","floor":28.0,"turns":4.0},{"damage":16.0,"enemies":"Snake Plant","floor":29.0,"turns":5.0},{"damage":0.0,"enemies":"Cultist and Chosen","floor":30.0,"turns":1.0},{"damage":5.0,"enemies":"Collector","floor":33.0,"turns":10.0},{"damage":5.0,"enemies":"3 Shapes","floor":35.0,"turns":4.0},{"damage":14,"enemies":"2 Orb Walkers","floor":36,"turns":3}],"seed_played":"-4422998525010733880","potions_obtained":[{"floor":1.0,"key":"EssenceOfSteel"},{"floor":2.0,"key":"Regen Potion"},{"floor":12.0,"key":"Fire Potion"},{"floor":27.0,"key":"Regen Potion"},{"floor":33.0,"key":"Explosive Potion"}],"is_trial":false,"path_per_floor":["M","M","?","?","$","E","R","M","T","$","R","E","M","E","R","B",null,"M","?","?","M","$","R","E","R","T","E","M","M","M","$","R","B",null,"M","?"],"character_chosen":"WATCHER","items_purchased":["SashWhip","Adaptation","Halt","TalkToTheHand","PanicButton"],"campfire_rested":2,"item_purchase_floors":[5,10,22,31,31],"current_hp_per_floor":[61,61,61,61,61,61,61,61,61,61,61,60,57,57,57,35,60,37,37,27,23,23,43,23,23,23,22,30,14,14,14,34,29,58,53,39,39],"gold":265,"neow_bonus":"THREE_ENEMY_KILL","is_daily":false,"chose_seed":false,"campfire_upgraded":4,"win_rate":0.0,"timestamp":1612973265,"path_taken":["M","M","?","?","$","E","R","?","T","$","R","E","M","E","R","BOSS","M","?","?","M","$","R","E","R","T","E","M","?","M","$","R","BOSS","M","?"],"items_purchased_type":["Card","Card","Card","Card","Card"],"build_version":"2020-12-13","purchased_purges":3,"victory":false,"max_hp_per_floor":[68,68,68,68,68,68,68,68,68,68,68,68,68,68,68,68,68,68,68,68,68,68,68,68,68,68,68,68,68,68,68,68,68,68,68,68,68],"relic_stats":{"Darkstone Periapt":0,"counters":[18,73],"CeramicFish":99,"Blue Candle":[0],"Black Star":0,"Kunai":[18],"obtain_stats":[{"Darkstone Periapt":12,"NeowsBlessing":0,"CeramicFish":6,"Blue Candle":27,"Black Star":34,"Kunai":24,"PureWater":0,"InkBottle":14,"Runic Pyramid":17,"Mercury Hourglass":26},{"Darkstone Periapt":5,"NeowsBlessing":0,"CeramicFish":3,"Blue Candle":12,"Black Star":16,"Kunai":11,"PureWater":0,"InkBottle":7,"Runic Pyramid":8,"Mercury Hourglass":11},{"Darkstone Periapt":11,"NeowsBlessing":0,"CeramicFish":3,"Blue Candle":46,"Black Star":66,"Kunai":41,"PureWater":0,"InkBottle":16,"Runic Pyramid":23,"Mercury Hourglass":41}],"InkBottle":[24],"Mercury Hourglass":[177]},"card_choices":[{"not_picked":["CutThroughFate","JustLucky"],"picked":"SandsOfTime","floor":1.0},{"not_picked":["PathToVictory","Pray","Protect"],"picked":"SKIP","floor":2.0},{"not_picked":["PathToVictory","Pray","Protect"],"picked":"SKIP","floor":2.0},{"not_picked":["Nirvana","JustLucky"],"picked":"DeusExMachina","floor":6.0},{"not_picked":["Collect","FlyingSleeves"],"picked":"Tantrum","floor":8.0},{"not_picked":["Crescendo","Evaluate","ClearTheMind"],"picked":"SKIP","floor":12.0},{"not_picked":["Prostrate","Halt"],"picked":"EmptyMind","floor":13.0},{"not_picked":["EmptyBody","ThirdEye","Crescendo"],"picked":"SKIP","floor":14.0},{"not_picked":["MasterReality","Scrawl"],"picked":"Wish","floor":16.0},{"not_picked":["WheelKick","Sanctity","ClearTheMind"],"picked":"SKIP","floor":18.0},{"not_picked":["WheelKick","Evaluate"],"picked":"TalkToTheHand","floor":21.0},{"not_picked":["Pray","EmptyMind+1"],"picked":"FearNoEvil","floor":24.0},{"not_picked":["FollowUp","Wireheading","ClearTheMind"],"picked":"SKIP","floor":27.0},{"not_picked":["PathToVictory","Consecrate","Halt"],"picked":"SKIP","floor":28.0},{"not_picked":["Swivel","ThirdEye","JustLucky"],"picked":"SKIP","floor":29.0},{"not_picked":["Vengeance","FollowUp+1","Nirvana"],"picked":"SKIP","floor":30.0},{"not_picked":["MasterReality","Blasphemy"],"picked":"DevaForm","floor":33.0},{"not_picked":["Prostrate","ReachHeaven","SandsOfTime+1"],"picked":"SKIP","floor":35.0}],"player_experience":1577404,"relics_obtained":[{"floor":6.0,"key":"CeramicFish"},{"floor":12.0,"key":"Darkstone Periapt"},{"floor":14.0,"key":"InkBottle"},{"floor":24.0,"key":"Kunai"},{"floor":26.0,"key":"Mercury Hourglass"},{"floor":27.0,"key":"Blue Candle"}],"event_choices":[{"damage_healed":0.0,"max_hp_gain":0.0,"max_hp_loss":0.0,"gold_gain":0.0,"cards_transformed":["Strike_P"],"event_name":"Living Wall","player_choice":"Change","floor":3.0,"gold_loss":0.0,"damage_taken":0.0,"cards_obtained":["ClearTheMind"]},{"cards_removed":["Strike_P"],"damage_healed":0.0,"max_hp_gain":0.0,"max_hp_loss":0.0,"gold_gain":0.0,"event_name":"Bonfire Elementals","player_choice":"Offered Basic","floor":4.0,"gold_loss":0.0,"damage_taken":0.0},{"cards_removed":["Strike_P"],"damage_healed":0.0,"max_hp_gain":0.0,"max_hp_loss":0.0,"gold_gain":0.0,"event_name":"Back to Basics","player_choice":"Elegance","floor":19.0,"gold_loss":0.0,"damage_taken":0.0},{"damage_healed":0.0,"max_hp_gain":0.0,"max_hp_loss":0.0,"gold_gain":0.0,"event_name":"Wheel of Change","player_choice":"Damaged","floor":20.0,"gold_loss":0.0,"damage_taken":10.0},{"damage_healed":0,"gold_gain":0,"player_choice":"Fight","damage_taken":0,"max_hp_gain":0,"max_hp_loss":0,"event_name":"Mysterious Sphere","floor":36,"gold_loss":0}],"is_beta":false,"boss_relics":[{"not_picked":["Astrolabe","Sozu"],"picked":"Runic Pyramid"},{"not_picked":["VioletLotus","Pandora\u0027s Box"],"picked":"Black Star"}],"items_purged_floors":[5,22,31],"is_endless":false,"potions_floor_spawned":[1,2,12,13,18,27,33],"killed_by":"2 Orb Walkers","ascension_level":20}}