{"host":"epc8efk9vrywpcsw","time":1612964843,"event":{"mods":["BaseMod","Minty Spire (QoL Compilation)","Relic Stats","StSLib"],"gold_per_floor":[112,112,187,207,207,242,261,179,179,196,196,216,366,383,383,458,458,477,494,494,494,505,539,553,553,553,583,583,315,341,354,354,431,431,446,246,258,258,258,258],"floor_reached":41,"language":"ENG","playtime":1500,"items_purged":["Doubt","Defend_B"],"score":1111,"play_id":"59672316-4352-4d7d-8e6a-b29563694fe1","local_time":"20210210144723","is_ascension_mode":true,"campfire_choices":[{"data":"Defragment","floor":11.0,"key":"SMITH"},{"data":"Defragment","floor":15.0,"key":"SMITH"},{"floor":25,"key":"REST"},{"floor":32,"key":"REST"}],"circlet_count":0,"master_deck":["AscendersBane","Strike_B","Strike_B","Strike_B","Strike_B","Defend_B","Defend_B","Defend_B","Zap","Dualcast","Coolheaded","Leap","Glacier","Defragment+1","Defragment+1","Ball Lightning","Cold Snap","Electrodynamics","Leap","Leap","Glacier","Cold Snap+1","Jack Of All Trades","Finesse","Coolheaded","Rainbow"],"relics":["Cracked Core","NeowsBlessing","Question Card","Akabeko","DataDisk","Busted Crown","Meat on the Bone","Strawberry","Red Mask","Membership Card","Regal Pillow","PreservedInsect","Sozu","Juzu Bracelet","Orrery"],"acts_visited":["Exordium","TheCity","TheBeyond"],"potions_floor_usage":[22,33,40],"damage_taken":[{"damage":0.0,"enemies":"Cultist","floor":1.0,"turns":1.0},{"damage":0.0,"enemies":"Small Slimes","floor":4.0,"turns":1.0},{"damage":0.0,"enemies":"Lagavulin","floor":6.0,"turns":1.0},{"damage":0.0,"enemies":"2 Louse","floor":7.0,"turns":4.0},{"damage":3.0,"enemies":"Large Slime","floor":10.0,"turns":7.0},{"damage":0.0,"enemies":"2 Fungi Beasts","floor":12.0,"turns":4.0},{"damage":0.0,"enemies":"Blue Slaver","floor":14.0,"turns":3.0},{"damage":1,"enemies":"The Guardian","floor":16,"turns":10},{"damage":0,"enemies":"Chosen","floor":18,"turns":4},{"damage":0,"enemies":"Spheric Guardian","floor":19,"turns":4},{"damage":0,"enemies":"Snake Plant","floor":22,"turns":3},{"damage":21,"enemies":"Book of Stabbing","floor":23,"turns":7},{"damage":5,"enemies":"Chosen and Byrds","floor":24,"turns":6},{"damage":19,"enemies":"Masked Bandits","floor":27,"turns":3},{"damage":10,"enemies":"Gremlin Leader","floor":30,"turns":7},{"damage":0,"enemies":"Centurion and Healer","floor":31,"turns":7},{"damage":12,"enemies":"Automaton","floor":33,"turns":14},{"damage":13,"enemies":"3 Darklings","floor":35,"turns":5},{"damage":0,"enemies":"Orb Walker","floor":37,"turns":4},{"damage":31,"enemies":"Awakened One","floor":40,"turns":34}],"seed_played":"170517042356041022","potions_obtained":[{"floor":1.0,"key":"Block Potion"},{"floor":6.0,"key":"GamblersBrew"},{"floor":14.0,"key":"PotionOfCapacity"},{"floor":24,"key":"FocusPotion"}],"is_trial":false,"path_per_floor":["M","?","?","M","?","E","M","$","T","M","R","M","?","M","R","B",null,"M","M","?","?","M","E","M","R","T","?","?","$","E","M","R","B",null,"M","$","M","$","?","B",null],"character_chosen":"DEFECT","items_purchased":["Defragment","Membership Card","Regal Pillow","Juzu Bracelet","Orrery"],"campfire_rested":2,"item_purchase_floors":[8,29,29,36,36],"current_hp_per_floor":[64,64,53,53,46,46,46,46,46,43,43,43,43,43,43,42,64,64,64,64,64,64,43,38,59,66,47,28,28,30,42,78,66,75,62,62,62,62,62,43],"gold":258,"neow_bonus":"THREE_ENEMY_KILL","is_daily":false,"chose_seed":false,"campfire_upgraded":2,"win_rate":0.0,"timestamp":1612964843,"path_taken":["M","?","?","M","?","E","M","$","T","M","R","M","?","M","R","BOSS","M","M","?","?","M","E","M","R","T","?","?","$","E","M","R","BOSS","M","$","M","?","?","BOSS"],"items_purchased_type":["Card","Relic","Relic","Relic","Relic"],"build_version":"2020-12-22","purchased_purges":2,"victory":true,"max_hp_per_floor":[71,71,71,71,71,71,71,71,71,71,71,71,71,71,71,71,71,71,71,71,71,71,71,71,71,78,78,78,78,78,78,78,78,78,78,78,78,78,78,78],"relic_stats":{"Sozu":1,"Regal Pillow":13,"Busted Crown":32,"counters":[20,129],"PreservedInsect":0,"Juzu Bracelet":0,"Question Card":23,"obtain_stats":[{"Regal Pillow":29,"NeowsBlessing":0,"PreservedInsect":30,"Juzu Bracelet":36,"Question Card":2,"Akabeko":6,"Sozu":34,"DataDisk":9,"Busted Crown":17,"Strawberry":26,"Orrery":36,"Red Mask":27,"Membership Card":29,"Cracked Core":0,"Meat on the Bone":23},{"Regal Pillow":14,"NeowsBlessing":0,"PreservedInsect":15,"Juzu Bracelet":18,"Question Card":1,"Akabeko":3,"Sozu":17,"DataDisk":4,"Busted Crown":8,"Strawberry":13,"Orrery":18,"Red Mask":14,"Membership Card":14,"Cracked Core":0,"Meat on the Bone":12},{"Regal Pillow":58,"NeowsBlessing":0,"PreservedInsect":65,"Juzu Bracelet":91,"Question Card":1,"Akabeko":3,"Sozu":86,"DataDisk":7,"Busted Crown":31,"Strawberry":55,"Orrery":91,"Red Mask":58,"Membership Card":58,"Cracked Core":0,"Meat on the Bone":49}],"Meat on the Bone":36},"card_choices":[{"not_picked":["Skim","Reprogram"],"picked":"Coolheaded","floor":1.0},{"not_picked":["Double Energy","Hologram","Stack"],"picked":"Leap","floor":4.0},{"not_picked":["Streamline","Undo","Blizzard"],"picked":"Glacier","floor":6.0},{"not_picked":["Redo","Compile Driver","Cold Snap"],"picked":"Defragment","floor":7.0},{"not_picked":["Barrage","Static Discharge","Redo","Multi-Cast"],"picked":"SKIP","floor":10.0},{"not_picked":["Hologram","Beam Cell","Leap"],"picked":"Ball Lightning","floor":12.0},{"not_picked":["Hello World","Leap","Storm"],"picked":"Cold Snap","floor":14.0},{"not_picked":["Rainbow","Hyperbeam","Amplify"],"picked":"Electrodynamics","floor":16},{"not_picked":["Beam Cell"],"picked":"Leap","floor":18},{"not_picked":["BootSequence+1","Go for the Eyes"],"picked":"SKIP","floor":19},{"not_picked":["Double Energy"],"picked":"Leap","floor":22},{"not_picked":["Chill"],"picked":"Glacier","floor":23},{"not_picked":["Barrage+1","Gash"],"picked":"SKIP","floor":24},{"not_picked":["FTL"],"picked":"Cold Snap+1","floor":27},{"not_picked":["Undo"],"picked":"Coolheaded","floor":30},{"not_picked":["Stack","Steam"],"picked":"SKIP","floor":31},{"not_picked":["Thunder Strike"],"picked":"Rainbow","floor":33},{"not_picked":["Cold Snap","Compile Driver"],"picked":"SKIP","floor":35},{"not_picked":["Thunder Strike","Barrage"],"picked":"SKIP","floor":37}],"player_experience":511327,"relics_obtained":[{"floor":6.0,"key":"Akabeko"},{"floor":9.0,"key":"DataDisk"},{"floor":23,"key":"Meat on the Bone"},{"floor":26,"key":"Strawberry"},{"floor":27,"key":"Red Mask"},{"floor":30,"key":"PreservedInsect"}],"event_choices":[{"damage_healed":0.0,"max_hp_gain":0.0,"max_hp_loss":0.0,"gold_gain":0.0,"event_name":"Big Fish","player_choice":"Box","floor":2.0,"gold_loss":0.0,"damage_taken":0.0,"relics_obtained":["Question Card"],"cards_obtained":["Regret"]},{"damage_healed":0.0,"max_hp_gain":0.0,"max_hp_loss":0.0,"gold_gain":75.0,"event_name":"World of Goop","player_choice":"Gather Gold","floor":3.0,"gold_loss":0.0,"damage_taken":11.0},{"cards_removed":["Regret"],"damage_healed":0.0,"max_hp_gain":0.0,"max_hp_loss":0.0,"gold_gain":0.0,"event_name":"Golden Wing","player_choice":"Card Removal","floor":5.0,"gold_loss":0.0,"damage_taken":7.0},{"damage_healed":0.0,"max_hp_gain":0.0,"max_hp_loss":0.0,"gold_gain":150.0,"event_name":"Liars Game","player_choice":"AGREE","floor":13.0,"gold_loss":0.0,"damage_taken":0.0,"cards_obtained":["Doubt"]},{"damage_healed":0,"gold_gain":0,"player_choice":"Ignored","damage_taken":0,"max_hp_gain":0,"max_hp_loss":0,"event_name":"Ghosts","floor":20,"gold_loss":0},{"damage_healed":0,"gold_gain":0,"player_choice":"Ignored","damage_taken":0,"max_hp_gain":0,"max_hp_loss":0,"event_name":"Vampires","floor":21,"gold_loss":0},{"damage_healed":0,"gold_gain":0,"player_choice":"Fought Bandits","damage_taken":0,"max_hp_gain":0,"max_hp_loss":0,"event_name":"Masked Bandits","floor":27,"gold_loss":0},{"damage_healed":0,"gold_gain":0,"player_choice":"CARD CARD ","damage_taken":19,"max_hp_gain":0,"max_hp_loss":0,"event_name":"Knowing Skull","floor":28,"potions_obtained":[],"gold_loss":0,"cards_obtained":["Jack Of All Trades","Finesse"]},{"damage_healed":0,"gold_gain":0,"player_choice":"Took Portal","damage_taken":0,"max_hp_gain":0,"max_hp_loss":0,"event_name":"SecretPortal","floor":39,"gold_loss":0}],"is_beta":false,"boss_relics":[{"not_picked":["SacredBark","Empty Cage"],"picked":"Busted Crown"},{"not_picked":["FrozenCore","Runic Pyramid"],"picked":"Sozu"}],"items_purged_floors":[29,36],"is_endless":false,"potions_floor_spawned":[1,6,14,18,24,31,37],"ascension_level":15}}