{"host":"sutwlwo4qckeqch7","time":1612994989,"event":{"mods":["AchievementEnabler","BaseMod","BetterRewards","Colored Map","Minty Spire (QoL Compilation)","StSLib"],"gold_per_floor":[109,127,127,127,142,142,155,155,155,105,121,149,159,159,159,259,259,274,289,388,404,404,434,434,467,467,382,392,392,421,115,115,228,228,246,246,298,317,132,158,182,226,251,199,227,245,280,291,291,291,291,291,16,45,45],"floor_reached":56,"language":"ENG","playtime":1902,"items_purged":["Strike_G","Strike_G","Strike_G","Strike_G","Strike_G","Defend_G","Defend_G","Defend_G","Defend_G"],"score":2135,"play_id":"f7fab602-448c-4325-b86c-500f106638c2","local_time":"20210210160949","is_ascension_mode":true,"campfire_choices":[{"data":"Apotheosis","floor":6,"key":"SMITH"},{"floor":8,"key":"REST"},{"data":"Catalyst","floor":15,"key":"SMITH"},{"floor":24,"key":"RECALL"},{"data":"Crippling Poison","floor":29,"key":"SMITH"},{"floor":32,"key":"REST"},{"floor":49,"key":"REST"},{"floor":52,"key":"REST"}],"circlet_count":0,"master_deck":["Defend_G","Survivor","Neutralize+1","Bouncing Flask","Footwork","Backflip","Quick Slash+1","Backflip","Bouncing Flask","Deadly Poison","Apotheosis+1","Deadly Poison","A Thousand Cuts","Poisoned Stab","Wraith Form v2","Catalyst+1","Crippling Poison+1","Burst","Well Laid Plans+1","Deadly Poison","Adrenaline","Deadly Poison","Bouncing Flask+1","Catalyst+1","Deadly Poison+1"],"relics":["Ring of the Snake","Matryoshka","Medical Kit","Strawberry","Gambling Chip","Potion Belt","PreservedInsect","Toolbox","Pocketwatch","Prayer Wheel","Eternal Feather","Pantograph","Orrery","Akabeko","White Beast Statue","ClockworkSouvenir","Paper Crane","Whetstone","FossilizedHelix","Bottled Tornado","Unceasing Top","Pear","Strange Spoon","Dead Branch","Anchor","Snake Skull","Bottled Flame","Ancient Tea Set","Mercury Hourglass","Sozu","Nilry\u0027s Codex","Bag of Marbles","Ninja Scroll","Juzu Bracelet","Mummified Hand","CeramicFish","Blue Candle","TwistedFunnel","Bronze Scales","Fusion Hammer","Mango","Happy Flower","Toxic Egg 2","Incense Burner","Oddly Smooth Stone","Regal Pillow","Du-Vu Doll","Toy Ornithopter"],"acts_visited":["TheCity","TheBeyond","TheEnding"],"potions_floor_usage":[1],"damage_taken":[{"damage":0,"enemies":"2 Louse","floor":1,"turns":2},{"damage":0,"enemies":"Cultist","floor":2,"turns":2},{"damage":0,"enemies":"Small Slimes","floor":5,"turns":2},{"damage":2,"enemies":"3 Louse","floor":7,"turns":3},{"damage":0,"enemies":"Blue Slaver","floor":11,"turns":2},{"damage":10,"enemies":"3 Sentries","floor":12,"turns":6},{"damage":0,"enemies":"Large Slime","floor":13,"turns":2},{"damage":31,"enemies":"Hexaghost","floor":16,"turns":5},{"damage":4,"enemies":"Shell Parasite","floor":18,"turns":3},{"damage":0,"enemies":"Spheric Guardian","floor":19,"turns":2},{"damage":0,"enemies":"Snecko","floor":21,"turns":2},{"damage":0,"enemies":"Gremlin Leader","floor":23,"turns":3},{"damage":4,"enemies":"Slavers","floor":25,"turns":3},{"damage":0,"enemies":"Cultist and Chosen","floor":28,"turns":3},{"damage":0,"enemies":"Gremlin Leader","floor":30,"turns":2},{"damage":4,"enemies":"Automaton","floor":33,"turns":4},{"damage":0,"enemies":"Orb Walker","floor":35,"turns":1},{"damage":11,"enemies":"2 Orb Walkers","floor":37,"turns":2},{"damage":0,"enemies":"3 Darklings","floor":38,"turns":2},{"damage":0,"enemies":"Giant Head","floor":40,"turns":3},{"damage":0,"enemies":"Jaw Worm Horde","floor":41,"turns":2},{"damage":0,"enemies":"Nemesis","floor":42,"turns":3},{"damage":0,"enemies":"Writhing Mass","floor":45,"turns":2},{"damage":0,"enemies":"3 Darklings","floor":46,"turns":2},{"damage":1,"enemies":"Reptomancer","floor":47,"turns":3},{"damage":0,"enemies":"Transient","floor":48,"turns":4},{"damage":0,"enemies":"Donu and Deca","floor":50,"turns":4},{"damage":0,"enemies":"Shield and Spear","floor":54,"turns":2},{"damage":58,"enemies":"The Heart","floor":55,"turns":6}],"seed_played":"1807097863581221383","potions_obtained":[{"floor":1,"key":"Strength Potion"},{"floor":2,"key":"Dexterity Potion"},{"floor":5,"key":"BlessingOfTheForge"},{"floor":11,"key":"Explosive Potion"}],"is_trial":false,"path_per_floor":["M","M","$","?","M","R","M","R","T","?","M","E","M","?","R","B",null,"M","M","?","M","?","E","R","E","T","?","M","R","E","$","R","B",null,"M","?","?","M","$","E","M","E","T","?","M","M","E","M","R","B",null,"R","$","E","B",null],"character_chosen":"THE_SILENT","items_purchased":["Matryoshka","Medical Kit","Strawberry","Bouncing Flask","Potion Belt","PreservedInsect","Toolbox","Footwork","Eternal Feather","Pantograph","Orrery","Bouncing Flask","Akabeko","White Beast Statue","Deadly Poison","ClockworkSouvenir","Paper Crane","Whetstone","Bottled Tornado","FairyPotion","Explosive Potion","DuplicationPotion","Pear","Strange Spoon","Bane","Anchor","Apotheosis","Fruit Juice","Snake Skull","Deadly Poison","A Thousand Cuts","Bottled Flame","TwistedFunnel","Bronze Scales","Happy Flower","Deadly Poison"],"campfire_rested":4,"item_purchase_floors":[0,0,0,0,0,0,0,0,0,0,0,0,0,0,0,0,0,0,0,0,0,0,0,0,0,0,0,0,0,0,0,0,31,31,39,39],"current_hp_per_floor":[92,92,92,92,92,92,90,92,92,92,92,82,82,75,84,61,92,88,88,88,88,72,72,84,80,80,80,80,92,92,92,92,88,92,92,92,95,95,95,95,95,95,95,95,95,95,94,94,106,106,106,106,106,106,48],"gold":45,"neow_bonus":"","is_daily":false,"chose_seed":false,"campfire_upgraded":3,"win_rate":0.0,"timestamp":1612994989,"path_taken":["M","M","$","?","M","R","?","R","T","?","M","E","M","?","R","BOSS","M","M","?","M","?","E","R","E","T","?","M","R","E","$","R","BOSS","M","?","?","M","$","E","M","E","T","?","M","M","E","M","R","BOSS","R","$","E","BOSS"],"items_purchased_type":["Relic","Relic","Relic","Card","Relic","Relic","Relic","Card","Relic","Relic","Relic","Card","Relic","Relic","Card","Relic","Relic","Relic","Relic","Potion","Potion","Potion","Relic","Relic","Card","Relic","Card","Potion","Relic","Card","Card","Relic","Relic","Relic","Relic","Card"],"build_version":"2020-12-22","purchased_purges":9,"victory":true,"max_hp_per_floor":[92,92,92,92,92,92,92,92,92,92,92,92,92,92,92,92,92,92,92,92,92,92,92,92,92,92,92,92,92,92,92,92,92,92,92,92,106,106,106,106,106,106,106,106,106,106,106,106,106,106,106,106,106,106,106],"card_choices":[{"not_picked":["Deflect","Die Die Die"],"picked":"Backflip","floor":0},{"not_picked":["Flying Knee","Dagger Spray"],"picked":"Quick Slash","floor":0},{"not_picked":["Outmaneuver","Deflect"],"picked":"Backflip","floor":0},{"not_picked":["Backflip","Flying Knee"],"picked":"Poisoned Stab","floor":1},{"not_picked":["Cloak And Dagger","Deflect","All Out Attack"],"picked":"SKIP","floor":1},{"not_picked":["Escape Plan","Eviscerate","Setup"],"picked":"SKIP","floor":2},{"not_picked":["Slice","Quick Slash","Poisoned Stab"],"picked":"SKIP","floor":2},{"not_picked":["Flechettes","Underhanded Strike"],"picked":"Wraith Form v2","floor":5},{"not_picked":["Masterful Stab","Terror","Slice"],"picked":"SKIP","floor":5},{"not_picked":["Riddle With Holes","Heel Hook"],"picked":"Catalyst","floor":7},{"not_picked":["Dagger Spray","Footwork"],"picked":"Crippling Poison","floor":7},{"not_picked":["PiercingWail","Flying Knee","Dagger Throw"],"picked":"SKIP","floor":11},{"not_picked":["Prepared","Choke","Cloak And Dagger"],"picked":"SKIP","floor":11},{"not_picked":["Venomology","Terror","All Out Attack"],"picked":"SKIP","floor":12},{"not_picked":["Setup","Skewer","Dagger Spray"],"picked":"SKIP","floor":13},{"not_picked":["Cloak And Dagger","Quick Slash","Poisoned Stab"],"picked":"SKIP","floor":13},{"not_picked":["Bullet Time","Doppelganger"],"picked":"Burst","floor":16},{"not_picked":["Acrobatics+1","Underhanded Strike","Sucker Punch"],"picked":"SKIP","floor":18},{"not_picked":["Flying Knee","Caltrops","Blade Dance"],"picked":"SKIP","floor":18},{"not_picked":["Dodge and Roll","Blade Dance"],"picked":"Well Laid Plans+1","floor":19},{"not_picked":["Outmaneuver","Slice","Prepared"],"picked":"SKIP","floor":19},{"not_picked":["Glass Knife","Blade Dance","Sucker Punch"],"picked":"SKIP","floor":21},{"not_picked":["PiercingWail","Dagger Spray","Dagger Throw+1"],"picked":"SKIP","floor":21},{"not_picked":["Expertise","Tools of the Trade"],"picked":"Deadly Poison","floor":23},{"not_picked":["Underhanded Strike","Dagger Spray+1","Blur"],"picked":"SKIP","floor":25},{"not_picked":["Cloak And Dagger","Dagger Throw","Outmaneuver+1"],"picked":"SKIP","floor":28},{"not_picked":["Expertise","Dagger Spray","Concentrate"],"picked":"SKIP","floor":28},{"not_picked":["Envenom","Flying Knee","Finisher+1"],"picked":"SKIP","floor":30},{"not_picked":["Storm of Steel","Wraith Form v2"],"picked":"Adrenaline","floor":33},{"not_picked":["Poisoned Stab+1","Caltrops+1","Footwork+1"],"picked":"SKIP","floor":35},{"not_picked":["Accuracy","Poisoned Stab+1","Dagger Throw"],"picked":"SKIP","floor":35},{"not_picked":["Deflect+1","Blade Dance","PiercingWail"],"picked":"SKIP","floor":38},{"not_picked":["PiercingWail","Backstab","Poisoned Stab"],"picked":"SKIP","floor":38},{"not_picked":["Wraith Form v2","Backstab","Dagger Throw"],"picked":"SKIP","floor":40},{"not_picked":["Terror+1","Setup+1"],"picked":"Bouncing Flask+1","floor":41},{"not_picked":["Dash","Slice","Concentrate+1"],"picked":"SKIP","floor":41},{"not_picked":["Glass Knife","Well Laid Plans"],"picked":"Catalyst+1","floor":42},{"not_picked":["Heel Hook","Prepared+1"],"picked":"Deadly Poison+1","floor":45},{"not_picked":["Bane+1","Underhanded Strike+1","PiercingWail+1"],"picked":"SKIP","floor":45},{"not_picked":["Riddle With Holes+1","Sucker Punch+1","Backflip+1"],"picked":"SKIP","floor":46},{"not_picked":["Deadly Poison+1","Cloak And Dagger+1","Flying Knee+1"],"picked":"SKIP","floor":46},{"not_picked":["Bane","Eviscerate+1","PiercingWail+1"],"picked":"SKIP","floor":47},{"not_picked":["Heel Hook","Deflect+1","Bullet Time+1"],"picked":"SKIP","floor":48},{"not_picked":["Tactician+1","Calculated Gamble+1","Dodge and Roll+1"],"picked":"SKIP","floor":48},{"not_picked":["Dagger Spray","Outmaneuver+1","Backflip+1"],"picked":"SKIP","floor":54}],"player_experience":181723,"relics_obtained":[{"floor":9,"key":"Ancient Tea Set"},{"floor":12,"key":"Mercury Hourglass"},{"floor":22,"key":"Nilry\u0027s Codex"},{"floor":23,"key":"Bag of Marbles"},{"floor":25,"key":"Ninja Scroll"},{"floor":26,"key":"Juzu Bracelet"},{"floor":26,"key":"Mummified Hand"},{"floor":30,"key":"Blue Candle"},{"floor":37,"key":"Mango"},{"floor":40,"key":"Toxic Egg 2"},{"floor":42,"key":"Incense Burner"},{"floor":43,"key":"Oddly Smooth Stone"},{"floor":47,"key":"Du-Vu Doll"},{"floor":54,"key":"Toy Ornithopter"}],"event_choices":[{"damage_healed":0,"gold_gain":0,"player_choice":"Cursed","damage_taken":0,"max_hp_gain":0,"max_hp_loss":0,"event_name":"Wheel of Change","floor":4,"gold_loss":0,"cards_obtained":["Decay"]},{"cards_removed":["Decay"],"damage_healed":0,"gold_gain":0,"player_choice":"Card Removal","damage_taken":0,"max_hp_gain":0,"max_hp_loss":0,"event_name":"The Cleric","floor":10,"gold_loss":50},{"cards_removed":["Bane"],"damage_healed":0,"gold_gain":0,"player_choice":"Card Removal","damage_taken":7,"max_hp_gain":0,"max_hp_loss":0,"event_name":"Golden Wing","floor":14,"gold_loss":0},{"damage_healed":0,"gold_gain":99,"player_choice":"Stole From Cult","damage_taken":0,"max_hp_gain":0,"max_hp_loss":0,"event_name":"Nest","floor":20,"gold_loss":0},{"damage_healed":0,"gold_gain":0,"player_choice":"Obtained Book","damage_taken":16,"max_hp_gain":0,"max_hp_loss":0,"event_name":"Cursed Tome","floor":22,"gold_loss":0},{"damage_healed":0,"gold_gain":0,"player_choice":"Obtained Relic","damage_taken":0,"relics_obtained":["CeramicFish"],"max_hp_gain":0,"max_hp_loss":0,"event_name":"Addict","floor":27,"gold_loss":85},{"damage_healed":0,"gold_gain":0,"player_choice":"Memory 1","damage_taken":0,"max_hp_gain":0,"max_hp_loss":0,"event_name":"SensoryStone","floor":36,"gold_loss":0},{"damage_healed":0,"gold_gain":0,"player_choice":"Fight","damage_taken":0,"max_hp_gain":0,"max_hp_loss":0,"event_name":"Mysterious Sphere","floor":37,"gold_loss":0},{"damage_healed":0,"gold_gain":0,"player_choice":"Paid Gold","damage_taken":0,"relics_obtained":["Regal Pillow"],"max_hp_gain":0,"max_hp_loss":0,"event_name":"WeMeetAgain","floor":44,"gold_loss":52}],"is_beta":false,"boss_relics":[{"not_picked":["Cursed Key","Ectoplasm"],"picked":"Sozu"},{"not_picked":["HoveringKite","Astrolabe"],"picked":"Fusion Hammer"}],"items_purged_floors":[0,0,0,0,0,0,0,0,53],"is_endless":false,"potions_floor_spawned":[1,2,5,7,11,12,13,16,18,19,21,23,25,28,30,33,35,37,38,40,41,42,45,46,47,48,54],"ascension_level":3}}