{"host":"hlz9nytggqnehs39","time":1612978286,"event":{"mods":["BaseMod","Highlight Path","Minty Spire (QoL Compilation)","Relic Stats"],"gold_per_floor":[111,126,146,33,33,33,68,68,68,97,97,8,27,177,177,248,248,228,228,297,309,309,340,340,371,397,417,16,16,16],"floor_reached":29,"language":"ENG","playtime":1775,"items_purged":["Normality"],"score":558,"play_id":"392a930c-5504-4993-a26b-28c8b0a0d96f","local_time":"20210210183126","is_ascension_mode":true,"campfire_choices":[{"data":"Terror","floor":6,"key":"SMITH"},{"data":"Corpse Explosion","floor":8,"key":"SMITH"},{"data":"Backstab","floor":11,"key":"SMITH"},{"floor":15,"key":"REST"},{"floor":24,"key":"REST"}],"circlet_count":0,"master_deck":["AscendersBane","Strike_G+1","Strike_G+1","Strike_G+1","Strike_G+1","Strike_G+1","Defend_G+1","Defend_G+1","Defend_G+1","Defend_G+1","Defend_G+1","Survivor","Neutralize","Corpse Explosion+1","Backstab+1","Dash","PiercingWail","Terror+1","Dodge and Roll","Wraith Form v2+1","Riddle With Holes","Masterful Stab","Doubt","Wraith Form v2+1","PiercingWail","Neutralize","Backflip","Noxious Fumes+1","Tools of the Trade+1","Phantasmal Killer"],"relics":["Ring of the Snake","Frozen Egg 2","Lizard Tail","Letter Opener","Tiny Chest","SacredBark","Pantograph","Molten Egg 2","Ginger","PreservedInsect","Orrery","White Beast Statue"],"acts_visited":["Exordium","TheCity"],"potions_floor_usage":[7,16,16,18,18,21,23],"damage_taken":[{"damage":12,"enemies":"Jaw Worm","floor":1,"turns":4},{"damage":7,"enemies":"2 Louse","floor":2,"turns":2},{"damage":0,"enemies":"Small Slimes","floor":3,"turns":2},{"damage":0,"enemies":"Gremlin Nob","floor":7,"turns":3},{"damage":5,"enemies":"3 Sentries","floor":10,"turns":3},{"damage":2,"enemies":"3 Louse","floor":13,"turns":4},{"damage":14,"enemies":"The Guardian","floor":16,"turns":13},{"damage":2,"enemies":"2 Thieves","floor":18,"turns":4},{"damage":7,"enemies":"Chosen","floor":21,"turns":5},{"damage":42,"enemies":"Gremlin Leader","floor":23,"turns":10},{"damage":58,"enemies":"Slavers","floor":25,"turns":10},{"damage":3,"enemies":"3 Cultists","floor":27,"turns":5},{"damage":2,"enemies":"Snake Plant","floor":29,"turns":1}],"seed_played":"-430084344970908483","potions_obtained":[{"floor":1,"key":"SteroidPotion"},{"floor":3,"key":"LiquidMemories"},{"floor":16,"key":"EntropicBrew"},{"floor":18,"key":"Energy Potion"}],"is_trial":false,"path_per_floor":["M","M","M","$","?","R","E","R","T","E","R","$","M","?","R","B",null,"M","?","T","M","?","E","R","E","T","M","$","M"],"character_chosen":"THE_SILENT","items_purchased":["Terror","Riddle With Holes","PowerPotion","Orrery","White Beast Statue"],"campfire_rested":2,"item_purchase_floors":[4,12,12,28,28],"current_hp_per_floor":[47,40,40,40,35,35,35,35,35,30,30,30,28,28,47,33,58,56,56,56,49,49,7,26,5,5,2,2,0,0],"gold":16,"neow_bonus":"THREE_RARE_CARDS","is_daily":false,"chose_seed":false,"campfire_upgraded":3,"win_rate":0.0,"timestamp":1612978286,"path_taken":["M","M","M","$","?","R","E","R","T","E","R","?","M","?","R","BOSS","M","?","?","M","?","E","R","E","T","M","$","?"],"items_purchased_type":["Card","Card","Potion","Relic","Relic"],"build_version":"2020-12-22","purchased_purges":1,"victory":false,"max_hp_per_floor":[66,66,66,66,66,66,66,66,66,66,66,66,66,66,66,66,66,66,66,66,66,66,66,66,66,66,66,66,66,66],"relic_stats":{"Lizard Tail":33,"counters":[13,66],"Pantograph":0,"Tiny Chest":1,"PreservedInsect":0,"Letter Opener":[27],"Ginger":[2],"obtain_stats":[{"Lizard Tail":7,"SacredBark":17,"Pantograph":20,"Orrery":28,"Tiny Chest":10,"Molten Egg 2":23,"PreservedInsect":26,"Letter Opener":9,"Ginger":25,"Frozen Egg 2":5,"White Beast Statue":28,"Ring of the Snake":0},{"Lizard Tail":4,"SacredBark":7,"Pantograph":8,"Orrery":12,"Tiny Chest":5,"Molten Egg 2":10,"PreservedInsect":11,"Letter Opener":4,"Ginger":11,"Frozen Egg 2":3,"White Beast Statue":12,"Ring of the Snake":0},{"Lizard Tail":11,"SacredBark":31,"Pantograph":35,"Orrery":65,"Tiny Chest":14,"Molten Egg 2":50,"PreservedInsect":60,"Letter Opener":11,"Ginger":60,"Frozen Egg 2":8,"White Beast Statue":65,"Ring of the Snake":0}],"Ring of the Snake":[26]},"card_choices":[{"not_picked":["Die Die Die","Glass Knife"],"picked":"Corpse Explosion","floor":0},{"not_picked":["PiercingWail","Dodge and Roll"],"picked":"Backstab","floor":1},{"not_picked":["Acrobatics","Masterful Stab"],"picked":"Dash","floor":2},{"not_picked":["Flying Knee","Expertise"],"picked":"PiercingWail","floor":3},{"not_picked":["Dagger Throw","Predator"],"picked":"Dodge and Roll","floor":7},{"not_picked":["Blade Dance","Endless Agony"],"picked":"Wraith Form v2+1","floor":10},{"not_picked":["Deadly Poison","Dagger Spray"],"picked":"Masterful Stab","floor":13},{"not_picked":["Unload","Grand Finale"],"picked":"Wraith Form v2+1","floor":16},{"not_picked":["Sucker Punch","Eviscerate"],"picked":"PiercingWail","floor":18},{"not_picked":["Catalyst","Terror","Dagger Spray"],"picked":"SKIP","floor":21},{"not_picked":["Deadly Poison","Underhanded Strike+1","Slice+1"],"picked":"SKIP","floor":23},{"not_picked":["Dagger Throw+1","Eviscerate+1","Deadly Poison"],"picked":"SKIP","floor":25},{"not_picked":["Deflect","Cloak And Dagger"],"picked":"Backflip","floor":27},{"not_picked":["Blade Dance","Poisoned Stab+1"],"picked":"Noxious Fumes+1","floor":28},{"not_picked":["Dagger Throw+1","Outmaneuver+1"],"picked":"Tools of the Trade+1","floor":28},{"not_picked":["Unload+1","Grand Finale+1"],"picked":"Phantasmal Killer","floor":28}],"player_experience":430597,"relics_obtained":[{"floor":7,"key":"Lizard Tail"},{"floor":9,"key":"Letter Opener"},{"floor":10,"key":"Tiny Chest"},{"floor":20,"key":"Pantograph"},{"floor":23,"key":"Molten Egg 2"},{"floor":25,"key":"Ginger"},{"floor":26,"key":"PreservedInsect"}],"event_choices":[{"damage_healed":0,"gold_gain":0,"player_choice":"Success","damage_taken":5,"relics_obtained":["Frozen Egg 2"],"max_hp_gain":0,"max_hp_loss":0,"event_name":"Scrap Ooze","floor":5,"gold_loss":0},{"damage_healed":0,"gold_gain":150,"player_choice":"AGREE","damage_taken":0,"max_hp_gain":0,"max_hp_loss":0,"event_name":"Liars Game","floor":14,"gold_loss":0,"cards_obtained":["Doubt"]},{"damage_healed":0,"gold_gain":0,"player_choice":"Simplicity","damage_taken":0,"max_hp_gain":0,"max_hp_loss":0,"event_name":"Back to Basics","floor":19,"gold_loss":0,"cards_upgraded":["Strike_G","Strike_G","Strike_G","Strike_G","Strike_G","Defend_G","Defend_G","Defend_G","Defend_G","Defend_G"]},{"damage_healed":0,"gold_gain":0,"player_choice":"1 cards matched","damage_taken":0,"max_hp_gain":0,"max_hp_loss":0,"event_name":"Match and Keep!","floor":22,"gold_loss":0,"cards_obtained":["Neutralize"]}],"is_beta":false,"boss_relics":[{"not_picked":["Ring of the Serpent","Tiny House"],"picked":"SacredBark"}],"items_purged_floors":[4],"is_endless":false,"potions_floor_spawned":[1,3,16,18],"killed_by":"Snake Plant","ascension_level":15}}