{"host":"sygfylmorsvdndbx","time":1612984640,"event":{"mods":["AchievementEnabler","BaseMod","Bestiary","Highlight Path","Minty Spire (QoL Compilation)","Permanent Neow","Quick Restart","Relic Stats"],"gold_per_floor":[114,127,77,93,103,103,113,142,169,169,181,181,31,50,50,50,50],"floor_reached":16,"language":"ENG","playtime":1400,"items_purged":[],"score":161,"play_id":"d77a193d-065d-41ae-8218-a2342762e986","local_time":"20210210141720","is_ascension_mode":true,"campfire_choices":[{"data":"Finisher","floor":6,"key":"SMITH"},{"floor":10,"key":"REST"},{"data":"All Out Attack","floor":12,"key":"SMITH"},{"data":"Storm of Steel","floor":15,"key":"SMITH"}],"circlet_count":0,"master_deck":["AscendersBane","Strike_G","Strike_G+1","Strike_G","Strike_G","Defend_G","Defend_G","Defend_G","Survivor","Neutralize+1","Burst","Endless Agony","Finisher+1","Backflip","PiercingWail","Footwork","All Out Attack+1","Storm of Steel+1"],"relics":["Ring of the Snake","Tiny Chest","Whetstone","Bag of Preparation"],"acts_visited":["Exordium"],"potions_floor_usage":[16],"damage_taken":[{"damage":0,"enemies":"Jaw Worm","floor":1,"turns":5},{"damage":0,"enemies":"Small Slimes","floor":2,"turns":2},{"damage":4,"enemies":"2 Louse","floor":4,"turns":4},{"damage":1,"enemies":"Large Slime","floor":5,"turns":6},{"damage":14,"enemies":"3 Louse","floor":7,"turns":3},{"damage":11,"enemies":"Lagavulin","floor":8,"turns":9},{"damage":1,"enemies":"Lots of Slimes","floor":11,"turns":4},{"damage":0,"enemies":"2 Fungi Beasts","floor":14,"turns":3},{"damage":36,"enemies":"Hexaghost","floor":16,"turns":15}],"seed_played":"1524069190110013929","potions_obtained":[{"floor":1,"key":"FearPotion"},{"floor":2,"key":"Weak Potion"}],"is_trial":false,"path_per_floor":["M","M","?","M","M","R","M","E","T","R","M","R","$","M","R","B"],"character_chosen":"THE_SILENT","items_purchased":["Bag of Preparation"],"campfire_rested":1,"item_purchase_floors":[13],"current_hp_per_floor":[45,45,45,41,40,40,26,15,15,36,35,35,35,35,35,0,0],"gold":50,"neow_bonus":"TRANSFORM_TWO_CARDS","is_daily":false,"chose_seed":false,"campfire_upgraded":3,"win_rate":0.0,"timestamp":1612984640,"path_taken":["M","M","?","M","M","R","M","E","T","R","M","R","$","M","R","BOSS"],"items_purchased_type":["Relic"],"build_version":"2020-12-22","purchased_purges":0,"victory":false,"max_hp_per_floor":[70,70,70,70,70,70,70,70,70,70,70,70,70,70,70,70,70],"relic_stats":{"counters":[9,51],"Tiny Chest":0,"Bag of Preparation":[4],"Whetstone":["Strike_G","Neutralize"],"obtain_stats":[{"Tiny Chest":8,"Bag of Preparation":13,"Whetstone":9,"Ring of the Snake":0},{"Tiny Chest":6,"Bag of Preparation":7,"Whetstone":6,"Ring of the Snake":0},{"Tiny Chest":29,"Bag of Preparation":33,"Whetstone":29,"Ring of the Snake":0}],"Ring of the Snake":[19]},"card_choices":[{"not_picked":["Deflect","Flechettes"],"picked":"Finisher","floor":1},{"not_picked":["Quick Slash","Choke"],"picked":"Backflip","floor":2},{"not_picked":["Underhanded Strike","Calculated Gamble"],"picked":"PiercingWail","floor":4},{"not_picked":["Underhanded Strike","Deadly Poison"],"picked":"Footwork","floor":5},{"not_picked":["Escape Plan","Finisher","Outmaneuver"],"picked":"SKIP","floor":7},{"not_picked":["Riddle With Holes","Eviscerate"],"picked":"All Out Attack","floor":8},{"not_picked":["Setup","Eviscerate","Crippling Poison"],"picked":"SKIP","floor":11},{"not_picked":["Reflex","Sucker Punch"],"picked":"Storm of Steel","floor":14}],"player_experience":466079,"relics_obtained":[{"floor":8,"key":"Tiny Chest"},{"floor":9,"key":"Whetstone"}],"event_choices":[{"cards_removed":["Defend_G"],"damage_healed":0,"gold_gain":0,"player_choice":"Card Removal","damage_taken":0,"max_hp_gain":0,"max_hp_loss":0,"event_name":"The Cleric","floor":3,"gold_loss":50}],"is_beta":false,"boss_relics":[],"items_purged_floors":[],"is_endless":false,"potions_floor_spawned":[1,2,4,7,11],"killed_by":"Hexaghost","ascension_level":11}}