{"host":"vit9b6u76k1y61sh","time":1612939683,"event":{"mods":["BaseMod","Block Reminder","Colored Powertips","Highlight Path","Minty Spire (QoL Compilation)","Quick Restart","Rare Cards Sparkle","Relic Sorter","Relic Stats","StSLib"],"gold_per_floor":[114,114,39,114,114,147,165,196,196,50,64,90,128,151,151,271,271,289,3,0,15,15,15,15,15,15],"floor_reached":25,"language":"ENG","playtime":802,"items_purged":[],"score":254,"play_id":"377e4a4e-11e8-46f6-8837-ae9d0ad6d4bf","local_time":"20210210014803","is_ascension_mode":true,"campfire_choices":[{"floor":15.0,"key":"REST"},{"data":"Storm","floor":23.0,"key":"SMITH"}],"circlet_count":0,"master_deck":["Strike_B","Strike_B","Strike_B","Defend_B","Defend_B","Defend_B","Zap","Dualcast","Rebound","Storm+1","Gash","Darkness","Rebound","Rainbow+1","Darkness+1","Leap+1","CurseOfTheBell","Leap+1","Ball Lightning","Leap+1","Writhe","Sunder","Barrage"],"relics":["Cracked Core","NeowsBlessing","Golden Idol","White Beast Statue","HornCleat","Toxic Egg 2","PreservedInsect","Potion Belt","Bag of Marbles","Calling Bell","Pen Nib","Frozen Egg 2","StoneCalendar","Kunai","Vajra"],"acts_visited":["Exordium","TheCity"],"potions_floor_usage":[25],"damage_taken":[{"damage":0.0,"enemies":"Jaw Worm","floor":1.0,"turns":1.0},{"damage":0.0,"enemies":"Lagavulin","floor":6.0,"turns":1.0},{"damage":0.0,"enemies":"Small Slimes","floor":7.0,"turns":1.0},{"damage":26.0,"enemies":"3 Sentries","floor":8.0,"turns":6.0},{"damage":9.0,"enemies":"2 Louse","floor":11.0,"turns":2.0},{"damage":2.0,"enemies":"Gremlin Nob","floor":13.0,"turns":3.0},{"damage":0.0,"enemies":"Red Slaver","floor":14.0,"turns":1.0},{"damage":29.0,"enemies":"The Guardian","floor":16.0,"turns":8.0},{"damage":20.0,"enemies":"Shell Parasite","floor":18.0,"turns":5.0},{"damage":0.0,"enemies":"Spheric Guardian","floor":21.0,"turns":3.0},{"damage":28,"enemies":"Gremlin Leader","floor":25,"turns":6}],"seed_played":"2970799756506212660","potions_obtained":[{"floor":1.0,"key":"LiquidMemories"},{"floor":6.0,"key":"FocusPotion"},{"floor":7.0,"key":"Swift Potion"},{"floor":8.0,"key":"Explosive Potion"},{"floor":11.0,"key":"GamblersBrew"},{"floor":13.0,"key":"LiquidMemories"},{"floor":14.0,"key":"Block Potion"},{"floor":16.0,"key":"GamblersBrew"},{"floor":18.0,"key":"Explosive Potion"},{"floor":21.0,"key":"FearPotion"}],"is_trial":false,"path_per_floor":["M","?","$","?","?","E","M","E","T","$","M","T","E","M","R","B",null,"M","$","?","M","?","R","?","E"],"character_chosen":"DEFECT","items_purchased":["Storm","PreservedInsect","Ball Lightning","Kunai"],"campfire_rested":1,"item_purchase_floors":[3,10,19,19],"current_hp_per_floor":[75,57,57,46,46,46,46,20,20,20,11,11,9,9,31,2,75,55,55,55,55,55,55,55,27,27],"gold":15,"neow_bonus":"THREE_ENEMY_KILL","is_daily":false,"chose_seed":false,"campfire_upgraded":1,"win_rate":0.0,"timestamp":1612939683,"path_taken":["M","?","$","?","?","E","M","E","T","?","M","?","E","M","R","BOSS","M","$","?","M","?","R","?","E"],"items_purchased_type":["Card","Relic","Card","Relic"],"build_version":"2020-12-22","purchased_purges":0,"victory":false,"max_hp_per_floor":[75,75,75,75,75,75,75,75,75,75,75,75,75,75,75,75,75,75,75,75,75,75,75,75,75,75],"relic_stats":{"counters":[11,37],"Golden Idol":64,"StoneCalendar":[0],"PreservedInsect":81,"Pen Nib":[1],"Kunai":[3],"obtain_stats":[{"Potion Belt":12,"NeowsBlessing":0,"Golden Idol":2,"Vajra":22,"StoneCalendar":17,"PreservedInsect":10,"Pen Nib":17,"Frozen Egg 2":17,"White Beast Statue":6,"Calling Bell":17,"HornCleat":8,"Bag of Marbles":13,"Kunai":19,"Toxic Egg 2":9,"Cracked Core":0},{"Potion Belt":5,"NeowsBlessing":0,"Golden Idol":1,"Vajra":10,"StoneCalendar":8,"PreservedInsect":4,"Pen Nib":8,"Frozen Egg 2":8,"White Beast Statue":2,"Calling Bell":8,"HornCleat":4,"Bag of Marbles":6,"Kunai":9,"Toxic Egg 2":4,"Cracked Core":0},{"Potion Belt":11,"NeowsBlessing":0,"Golden Idol":1,"Vajra":31,"StoneCalendar":23,"PreservedInsect":9,"Pen Nib":23,"Frozen Egg 2":23,"White Beast Statue":2,"Calling Bell":23,"HornCleat":9,"Bag of Marbles":14,"Kunai":28,"Toxic Egg 2":9,"Cracked Core":0}]},"card_choices":[{"not_picked":["Skim","Barrage"],"picked":"Rebound","floor":1.0},{"not_picked":["Beam Cell","Tempest"],"picked":"Gash","floor":6.0},{"not_picked":["Turbo","Redo"],"picked":"Darkness","floor":7.0},{"not_picked":["Redo","Steam"],"picked":"Rebound","floor":8.0},{"not_picked":["Gash","Ball Lightning"],"picked":"Rainbow+1","floor":11.0},{"not_picked":["Rip and Tear","Rebound"],"picked":"Darkness+1","floor":13.0},{"not_picked":["Sweeping Beam","Hello World"],"picked":"Leap+1","floor":14.0},{"not_picked":["Multi-Cast+1","Hyperbeam"],"picked":"Seek+1","floor":16.0},{"not_picked":["Beam Cell","Turbo+1"],"picked":"Leap+1","floor":18.0},{"not_picked":["Steam Power+1","Barrage"],"picked":"Leap+1","floor":21.0}],"player_experience":173485,"relics_obtained":[{"floor":6.0,"key":"White Beast Statue"},{"floor":8.0,"key":"HornCleat"},{"floor":9.0,"key":"Toxic Egg 2"},{"floor":12.0,"key":"Potion Belt"},{"floor":13.0,"key":"Bag of Marbles"},{"floor":17.0,"key":"Pen Nib"},{"floor":17.0,"key":"Frozen Egg 2"},{"floor":17.0,"key":"StoneCalendar"}],"event_choices":[{"damage_healed":0.0,"max_hp_gain":0.0,"max_hp_loss":0.0,"gold_gain":0.0,"event_name":"Golden Idol","player_choice":"Take Damage","floor":2.0,"gold_loss":0.0,"damage_taken":18.0,"relics_obtained":["Golden Idol"]},{"damage_healed":0.0,"max_hp_gain":0.0,"max_hp_loss":0.0,"gold_gain":75.0,"event_name":"World of Goop","player_choice":"Gather Gold","floor":4.0,"gold_loss":0.0,"damage_taken":11.0},{"cards_removed":["Defend_B"],"damage_healed":0.0,"max_hp_gain":0.0,"max_hp_loss":0.0,"gold_gain":0.0,"event_name":"Living Wall","player_choice":"Forget","floor":5.0,"gold_loss":0.0,"damage_taken":0.0},{"damage_healed":0.0,"max_hp_gain":0.0,"max_hp_loss":0.0,"gold_gain":0.0,"event_name":"Masked Bandits","player_choice":"Paid Fearfully","floor":20.0,"gold_loss":3.0,"damage_taken":0.0},{"damage_healed":0.0,"max_hp_gain":0.0,"max_hp_loss":0.0,"gold_gain":0.0,"event_name":"The Mausoleum","player_choice":"Opened","floor":22.0,"gold_loss":0.0,"damage_taken":0.0,"relics_obtained":["Vajra"],"cards_obtained":["Writhe"]},{"damage_healed":0.0,"max_hp_gain":0.0,"max_hp_loss":0.0,"gold_gain":0.0,"cards_transformed":["Seek","Strike_B"],"event_name":"Drug Dealer","player_choice":"Became Test Subject","floor":24.0,"gold_loss":0.0,"damage_taken":0.0,"cards_obtained":["Sunder","Barrage"]}],"is_beta":false,"boss_relics":[{"not_picked":["Pandora\u0027s Box","Philosopher\u0027s Stone"],"picked":"Calling Bell"}],"items_purged_floors":[],"is_endless":false,"potions_floor_spawned":[1,6,7,8,11,13,14,16,18,21],"killed_by":"Gremlin Leader","ascension_level":1}}