{"host":"rhakyh2m1vy6smuu","time":1612969763,"event":{"mods":["BaseMod","Minty Spire (QoL Compilation)","StSLib","The Cursed"],"gold_per_floor":[10,27,27,46,121,121,152,152,152,195,195,211,48,67,67,193,193,216,204,204,204,204,204],"floor_reached":22,"language":"ENG","playtime":2286,"items_purged":[],"score":213,"play_id":"f1f1ffd7-4e10-471e-8763-c78370d068ed","local_time":"20210210080923","is_ascension_mode":true,"campfire_choices":[{"data":"TheCursedMod:CursedWand","floor":6.0,"key":"SMITH"},{"data":"TheCursedMod:Stigma","floor":8.0,"key":"SMITH"},{"data":"TheCursedMod:SmokeScreen","floor":11.0,"key":"SMITH"},{"data":"TheCursedMod:VitalStrike","floor":15.0,"key":"SMITH"}],"circlet_count":0,"master_deck":["TheCursedMod:Strike_TheCursed","TheCursedMod:Defend_TheCursed","TheCursedMod:Defend_TheCursed","TheCursedMod:Defend_TheCursed","TheCursedMod:CursedWand+1","TheCursedMod:CleanUpWorkshop","TheCursedMod:Dregs","TheCursedMod:Stigma+1","TheCursedMod:SmokeScreen+1","Injury","TheCursedMod:VitalStrike+1","TheCursedMod:EmpowerCircles+1","TheCursedMod:SoulReap","TheCursedMod:Mangle","TheCursedMod:VoidForm+1","TheCursedMod:SpitefulPray","TheCursedMod:DemonicPact+1","TheCursedMod:CursedBlade+1","TheCursedMod:CircleOfFlame","Shame","TheCursedMod:PrepareRite","TheCursedMod:AntiAging"],"relics":["TheCursedMod:BlackMagic101","Golden Idol","Frozen Egg 2","Anchor","Dream Catcher","TheCursedMod:FourLeafCloverCharm","Pantograph"],"acts_visited":["Exordium","TheCity"],"potions_floor_usage":[],"damage_taken":[{"damage":4.0,"enemies":"Jaw Worm","floor":1.0,"turns":6.0},{"damage":0.0,"enemies":"Small Slimes","floor":2.0,"turns":4.0},{"damage":2.0,"enemies":"2 Louse","floor":4.0,"turns":2.0},{"damage":24.0,"enemies":"Gremlin Nob","floor":7.0,"turns":5.0},{"damage":14.0,"enemies":"Lagavulin","floor":10.0,"turns":7.0},{"damage":0.0,"enemies":"Blue Slaver","floor":12.0,"turns":3.0},{"damage":5.0,"enemies":"2 Fungi Beasts","floor":14.0,"turns":4.0},{"damage":18.0,"enemies":"The Guardian","floor":16.0,"turns":6.0},{"damage":17,"enemies":"Spheric Guardian","floor":18,"turns":4},{"damage":22,"enemies":"2 Thieves","floor":19,"turns":4},{"damage":55,"enemies":"Sentry and Sphere","floor":22,"turns":5}],"seed_played":"4405969691325889457","potions_obtained":[{"floor":1.0,"key":"GamblersBrew"},{"floor":4.0,"key":"ColorlessPotion"},{"floor":14.0,"key":"Dexterity Potion"}],"is_trial":false,"path_per_floor":["M","M","?","M","?","R","E","R","T","E","R","M","$","M","R","B",null,"M","M","?","?","M"],"character_chosen":"THE_CURSED","items_purchased":["TheCursedMod:VoidForm+1"],"campfire_rested":0,"item_purchase_floors":[13],"current_hp_per_floor":[71,71,71,69,58,58,34,34,34,20,20,25,25,32,32,25,75,58,41,41,41,0,0],"gold":204,"neow_bonus":"REMOVE_TWO","is_daily":false,"chose_seed":false,"campfire_upgraded":4,"win_rate":0.0,"timestamp":1612969763,"path_taken":["M","M","?","M","?","R","E","R","T","E","R","M","$","M","R","BOSS","M","M","?","?","M"],"items_purchased_type":["Card"],"build_version":"2020-12-22","purchased_purges":0,"victory":false,"max_hp_per_floor":[75,75,75,75,75,75,75,75,75,75,75,75,75,75,75,75,75,75,75,75,75,75,75],"card_choices":[{"not_picked":["TheCursedMod:FuryStrike","TheCursedMod:AshesToAshes"],"picked":"TheCursedMod:Stigma","floor":1.0},{"not_picked":["TheCursedMod:Obscuration","TheCursedMod:CursedAmulet"],"picked":"TheCursedMod:SmokeScreen","floor":2.0},{"not_picked":["TheCursedMod:BloodBarrier","TheCursedMod:SpitefulStrike"],"picked":"TheCursedMod:VitalStrike","floor":4.0},{"not_picked":["TheCursedMod:Torture","TheCursedMod:CursedShiv"],"picked":"TheCursedMod:EmpowerCircles+1","floor":7.0},{"not_picked":["TheCursedMod:SpitefulStrike","TheCursedMod:AshesToAshes"],"picked":"TheCursedMod:SoulReap","floor":10.0},{"not_picked":["TheCursedMod:CursedShiv","TheCursedMod:CursedBlade"],"picked":"TheCursedMod:Mangle","floor":12.0},{"not_picked":["TheCursedMod:RavingStaff","TheCursedMod:AbyssShockwave"],"picked":"TheCursedMod:SpitefulPray","floor":14.0},{"not_picked":["TheCursedMod:ParallelWorld","TheCursedMod:NeowsMight"],"picked":"TheCursedMod:DemonicPact+1","floor":16.0},{"not_picked":["TheCursedMod:Grudge+1","TheCursedMod:CursedShiv"],"picked":"TheCursedMod:CursedBlade+1","floor":18},{"not_picked":["TheCursedMod:Obscuration","TheCursedMod:CursedMace"],"picked":"TheCursedMod:CircleOfFlame","floor":19}],"player_experience":1538759,"relics_obtained":[{"floor":7.0,"key":"Frozen Egg 2"},{"floor":9.0,"key":"Anchor"},{"floor":10.0,"key":"Dream Catcher"}],"event_choices":[{"damage_healed":0.0,"max_hp_gain":0.0,"max_hp_loss":0.0,"gold_gain":0.0,"event_name":"Golden Idol","player_choice":"Take Wound","floor":3.0,"gold_loss":0.0,"damage_taken":0.0,"relics_obtained":["Golden Idol"],"cards_obtained":["Injury"]},{"damage_healed":0.0,"max_hp_gain":0.0,"max_hp_loss":0.0,"gold_gain":75.0,"event_name":"World of Goop","player_choice":"Gather Gold","floor":5.0,"gold_loss":0.0,"damage_taken":11.0},{"damage_healed":0,"gold_gain":0,"player_choice":"Stole Relic","damage_taken":0,"relics_obtained":["Pantograph"],"max_hp_gain":0,"max_hp_loss":0,"event_name":"Addict","floor":20,"gold_loss":0,"cards_obtained":["Shame"]},{"damage_healed":0,"gold_gain":0,"cards_transformed":["TheCursedMod:Strike_TheCursed","TheCursedMod:Strike_TheCursed"],"player_choice":"Became Test Subject","damage_taken":0,"max_hp_gain":0,"max_hp_loss":0,"event_name":"Drug Dealer","floor":21,"gold_loss":0,"cards_obtained":["TheCursedMod:PrepareRite","TheCursedMod:AntiAging"]}],"is_beta":false,"boss_relics":[{"not_picked":["Sozu","Empty Cage"],"picked":"TheCursedMod:FourLeafCloverCharm"}],"items_purged_floors":[],"is_endless":false,"potions_floor_spawned":[1,4,14],"killed_by":"Sentry and Sphere","ascension_level":2}}