{"host":"iyj530209nkhhjuz","time":1612987931,"event":{"mods":["AchievementEnabler","BaseMod","Better Match","Better Note","Better Third Choice","BetterRewards","Colored Map","Colored Powertips","Dark Map","Fox Events","Highlight Path","Minty Spire (QoL Compilation)","Permanent Neow","Random Character Button","Rare Cards Sparkle","Relic Stats","StSLib","Waifu the Spire"],"gold_per_floor":[115,115,127,144,144,172,172,198,224,224,224,255,57,115,115,214,264,283,358,65,83,95,122,122,148,148,348,382,382,402,432,432,530,530,545,557,229,249,264,296,296,296,346,346,374,113,113,129,129,129],"floor_reached":51,"language":"ENG","playtime":3509,"items_purged":["Strike_B","Strike_B","Regret","Strike_B","Zap"],"score":1658,"play_id":"a11b5092-b8ab-4586-a4db-4e41ea925aab","local_time":"20210210211211","is_ascension_mode":true,"campfire_choices":[{"data":"Self Repair","floor":7.0,"key":"SMITH"},{"data":"FTL","floor":10.0,"key":"SMITH"},{"floor":15,"key":"REST"},{"data":"Static Discharge","floor":24,"key":"SMITH"},{"data":"Static Discharge","floor":32,"key":"SMITH"},{"data":"Defragment","floor":47,"key":"SMITH"},{"floor":49,"key":"REST"}],"circlet_count":0,"master_deck":["AscendersBane","Defend_B+1","Defend_B","Defend_B+1","Defend_B+1","Dualcast","FTL+1","All For One","Beam Cell","Cold Snap+1","Conserve Battery+1","Gash+1","Beam Cell","Self Repair+1","Conserve Battery+1","Self Repair","Scrape+1","All For One+1","Rebound+1","Static Discharge+1","Static Discharge+1","Static Discharge+1","Static Discharge+1","Lockon+1","Seek+1","Conserve Battery+1","FTL+1","Defragment+1","Leap+1","BootSequence+1","Aggregate+1","Amplify+1","Consume+1","Defragment+1"],"relics":["Cracked Core","Lee\u0027s Waffle","Torii","Toxic Egg 2","Boot","Juzu Bracelet","War Paint","Orichalcum","Potion Belt","Molten Egg 2","Tiny House","PreservedInsect","Cables","Symbiotic Virus","Question Card","Art of War","Mummified Hand","Inserter","MealTicket","Thread and Needle","Toy Ornithopter","Bottled Lightning","Strawberry"],"acts_visited":["Exordium","TheCity","TheBeyond"],"potions_floor_usage":[14,16,23,39,41,50,50],"damage_taken":[{"damage":0.0,"enemies":"2 Louse","floor":1.0,"turns":2.0},{"damage":2.0,"enemies":"Small Slimes","floor":3.0,"turns":2.0},{"damage":0.0,"enemies":"Jaw Worm","floor":4.0,"turns":2.0},{"damage":22.0,"enemies":"Lagavulin","floor":6.0,"turns":5.0},{"damage":16.0,"enemies":"3 Sentries","floor":8.0,"turns":9.0},{"damage":23.0,"enemies":"Lagavulin","floor":12.0,"turns":5.0},{"damage":11,"enemies":"3 Sentries","floor":14,"turns":9},{"damage":5,"enemies":"Hexaghost","floor":16,"turns":8},{"damage":7,"enemies":"Shell Parasite","floor":18,"turns":4},{"damage":13,"enemies":"3 Byrds","floor":21,"turns":4},{"damage":7,"enemies":"Centurion and Healer","floor":22,"turns":5},{"damage":26,"enemies":"Gremlin Leader","floor":23,"turns":3},{"damage":16,"enemies":"Slavers","floor":25,"turns":4},{"damage":9,"enemies":"Gremlin Leader","floor":28,"turns":4},{"damage":2,"enemies":"Cultist and Chosen","floor":30,"turns":3},{"damage":24,"enemies":"Slavers","floor":31,"turns":2},{"damage":45,"enemies":"Champ","floor":33,"turns":5},{"damage":1,"enemies":"Orb Walker","floor":35,"turns":2},{"damage":18,"enemies":"3 Shapes","floor":36,"turns":3},{"damage":15,"enemies":"Jaw Worm Horde","floor":38,"turns":3},{"damage":10,"enemies":"4 Shapes","floor":39,"turns":5},{"damage":42,"enemies":"Reptomancer","floor":40,"turns":4},{"damage":26,"enemies":"Giant Head","floor":45,"turns":6},{"damage":31,"enemies":"Maw","floor":48,"turns":4},{"damage":73,"enemies":"Awakened One","floor":50,"turns":7}],"seed_played":"-3209692739877221381","potions_obtained":[{"floor":1.0,"key":"Weak Potion"},{"floor":12.0,"key":"SkillPotion"},{"floor":16,"key":"AttackPotion"},{"floor":17,"key":"ColorlessPotion"},{"floor":18,"key":"FocusPotion"},{"floor":23,"key":"PowerPotion"},{"floor":38,"key":"FocusPotion"},{"floor":40,"key":"Fruit Juice"},{"floor":45,"key":"Weak Potion"}],"is_trial":false,"path_per_floor":["M","?","M","M","?","E","R","E","T","R","?","E","$","?","R","B",null,"M","?","$","M","M","E","R","E","T","?","E","?","M","E","R","B",null,"M","M","$","M","M","E","?","T","T","?","E","$","R","M","R","B",null],"character_chosen":"DEFECT","items_purchased":["Lee\u0027s Waffle","FTL","All For One","Torii","Toxic Egg 2","Beam Cell","Cold Snap","EssenceOfDarkness","Conserve Battery+1","Self Repair","PreservedInsect","MealTicket","Strawberry","Consume+1","Defragment"],"campfire_rested":2,"item_purchase_floors":[0,0,0,0,0,0,0,0,0,13,20,37,46,46,46],"current_hp_per_floor":[82,82,80,80,64,42,42,36,36,36,36,23,23,29,53,58,81,87,79,79,73,83,74,74,65,65,65,73,73,78,61,61,33,74,73,55,55,57,64,32,37,37,37,37,28,50,50,36,65,2],"gold":129,"neow_bonus":"","is_daily":false,"chose_seed":false,"campfire_upgraded":5,"win_rate":0.0,"timestamp":1612987931,"path_taken":["M","?","M","M","?","E","R","E","T","R","?","E","$","?","R","BOSS","M","?","$","M","M","E","R","E","T","?","E","?","M","E","R","BOSS","M","M","$","M","M","E","?","?","T","?","E","$","R","M","R","BOSS"],"items_purchased_type":["Relic","Card","Card","Relic","Relic","Card","Card","Potion","Card","Card","Relic","Relic","Relic","Card","Card"],"build_version":"2020-12-22","purchased_purges":5,"victory":true,"max_hp_per_floor":[82,82,82,82,82,82,82,82,82,82,82,82,82,82,82,82,87,87,87,87,87,87,87,87,87,87,87,87,87,87,87,87,87,87,87,87,87,87,87,87,92,92,92,92,92,99,99,99,99,99],"relic_stats":{"Lee\u0027s Waffle":38,"Inserter":[17],"Torii":54,"counters":[168,708],"PreservedInsect":370,"Juzu Bracelet":1,"War Paint":["Vigilance","Protect","Vault","Defend_P","Defend_P","ThirdEye","Defend_G","Defend_G","Defend_B","Defend_B"],"Orichalcum":[180],"Boot":[147],"Question Card":11,"Cables":[47,40,0,7,0],"Mummified Hand":[48],"MealTicket":15,"Art of War":[62],"obtain_stats":[{"Tiny House":34,"Calipers":36,"Gremlin Horn":48,"CeramicFish":40,"Vajra":43,"Runic Capacitor":36,"Ginger":17,"Whetstone":54,"Boot":2,"Sozu":34,"Blood Vial":0,"Lizard Tail":40,"Centennial Puzzle":41,"HornCleat":12,"Sundial":46,"DollysMirror":45,"Strawberry":0,"Prayer Wheel":46,"MealTicket":37,"Kunai":26,"Toxic Egg 2":43,"Pear":53,"Happy Flower":42,"Blue Candle":26,"Astrolabe":34,"Oddly Smooth Stone":38,"Eternal Feather":42,"Pen Nib":8,"Letter Opener":41,"War Paint":23,"Question Card":6,"Akabeko":0,"Cables":30,"Du-Vu Doll":46,"OrangePellets":14,"Bottled Flame":40,"Bronze Scales":7,"Bird Faced Urn":23,"Molten Egg 2":17,"foxEvents:LuckyCharm":2,"Black Star":17,"Symbiotic Virus":54,"Pocketwatch":28,"Darkstone Periapt":25,"Regal Pillow":23,"Lantern":0,"Torii":27,"Singing Bowl":34,"Mango":29,"StoneCalendar":38,"Juzu Bracelet":6,"Ancient Tea Set":29,"Nunchaku":41,"Mummified Hand":31,"Pantograph":24,"Gambling Chip":3,"Tiny Chest":17,"WingedGreaves":0,"Chemical X":37,"Cracked Core":0,"InkBottle":9,"Potion Belt":14,"Lee\u0027s Waffle":0,"Inserter":34,"Golden Idol":11,"Thread and Needle":21,"The Courier":9,"PreservedInsect":47,"Omamori":27,"Frozen Egg 2":0,"Orichalcum":9,"Medical Kit":48,"Mercury Hourglass":48,"Calling Bell":17,"DataDisk":26,"Anchor":54,"betterThird:SlimedRelic":4,"Orrery":0,"Turnip":6,"Art of War":2,"Coffee Dripper":17,"Membership Card":0,"Bottled Lightning":26,"Toy Ornithopter":0,"FossilizedHelix":0},{"Tiny House":48,"Calipers":134,"Gremlin Horn":140,"CeramicFish":80,"Vajra":28,"Runic Capacitor":24,"Ginger":14,"Whetstone":113,"Boot":144,"Sozu":76,"Blood Vial":88,"Lizard Tail":80,"Centennial Puzzle":81,"HornCleat":11,"Sundial":83,"DollysMirror":110,"Strawberry":60,"Prayer Wheel":30,"MealTicket":162,"Kunai":44,"Toxic Egg 2":81,"Pear":58,"Happy Flower":109,"Blue Candle":19,"Astrolabe":23,"Oddly Smooth Stone":135,"Eternal Feather":28,"Pen Nib":36,"Letter Opener":81,"War Paint":73,"Question Card":35,"Akabeko":5,"Cables":103,"Du-Vu Doll":55,"OrangePellets":68,"Bottled Flame":27,"Bronze Scales":10,"Bird Faced Urn":18,"Molten Egg 2":14,"foxEvents:LuckyCharm":7,"Black Star":69,"Symbiotic Virus":59,"Pocketwatch":101,"Darkstone Periapt":19,"Regal Pillow":73,"Lantern":114,"Torii":74,"Singing Bowl":132,"Mango":75,"StoneCalendar":135,"Juzu Bracelet":147,"Ancient Tea Set":45,"Nunchaku":136,"Mummified Hand":159,"Pantograph":44,"Gambling Chip":115,"Tiny Chest":14,"WingedGreaves":60,"Chemical X":106,"Cracked Core":0,"InkBottle":119,"Potion Belt":13,"Lee\u0027s Waffle":143,"Inserter":104,"Golden Idol":37,"Thread and Needle":16,"The Courier":10,"PreservedInsect":31,"Omamori":74,"Frozen Egg 2":32,"Orichalcum":93,"Medical Kit":31,"Mercury Hourglass":85,"Calling Bell":14,"DataDisk":73,"Anchor":87,"betterThird:SlimedRelic":1,"Orrery":114,"Turnip":3,"Art of War":1,"Coffee Dripper":96,"Membership Card":60,"Bottled Lightning":128,"Toy Ornithopter":32,"FossilizedHelix":114},{"Tiny House":197,"Calipers":584,"Gremlin Horn":592,"CeramicFish":382,"Vajra":100,"Runic Capacitor":85,"Ginger":41,"Whetstone":535,"Boot":600,"Sozu":367,"Blood Vial":428,"Lizard Tail":382,"Centennial Puzzle":389,"HornCleat":28,"Sundial":399,"DollysMirror":521,"Strawberry":288,"Prayer Wheel":105,"MealTicket":679,"Kunai":168,"Toxic Egg 2":389,"Pear":276,"Happy Flower":516,"Blue Candle":61,"Astrolabe":83,"Oddly Smooth Stone":585,"Eternal Feather":100,"Pen Nib":133,"Letter Opener":389,"War Paint":347,"Question Card":130,"Akabeko":16,"Cables":489,"Du-Vu Doll":249,"OrangePellets":320,"Bottled Flame":97,"Bronze Scales":26,"Bird Faced Urn":56,"Molten Egg 2":41,"foxEvents:LuckyCharm":21,"Black Star":331,"Symbiotic Virus":283,"Pocketwatch":481,"Darkstone Periapt":61,"Regal Pillow":347,"Lantern":544,"Torii":352,"Singing Bowl":580,"Mango":357,"StoneCalendar":585,"Juzu Bracelet":609,"Ancient Tea Set":173,"Nunchaku":587,"Mummified Hand":669,"Pantograph":168,"Gambling Chip":546,"Tiny Chest":41,"WingedGreaves":288,"Chemical X":502,"Cracked Core":0,"InkBottle":555,"Potion Belt":35,"Lee\u0027s Waffle":598,"Inserter":496,"Golden Idol":136,"Thread and Needle":49,"The Courier":26,"PreservedInsect":109,"Omamori":352,"Frozen Egg 2":120,"Orichalcum":450,"Medical Kit":109,"Mercury Hourglass":411,"Calling Bell":41,"DataDisk":347,"Anchor":420,"betterThird:SlimedRelic":2,"Orrery":544,"Turnip":10,"Art of War":2,"Coffee Dripper":465,"Membership Card":288,"Bottled Lightning":574,"Toy Ornithopter":120,"FossilizedHelix":544}],"Toy Ornithopter":25},"card_choices":[{"not_picked":["Stack+1","Leap+1","Turbo+1"],"picked":"SKIP","floor":1.0},{"not_picked":["Steam+1","Compile Driver"],"picked":"Gash","floor":3.0},{"not_picked":["Sweeping Beam","Steam+1"],"picked":"Beam Cell","floor":4.0},{"not_picked":["Force Field+1","Amplify+1"],"picked":"Self Repair","floor":6.0},{"not_picked":["Steam+1","Beam Cell"],"picked":"Conserve Battery+1","floor":8.0},{"not_picked":["Compile Driver","Sweeping Beam","Meteor Strike"],"picked":"SKIP","floor":12.0},{"not_picked":["Force Field+1","Turbo+1"],"picked":"Scrape+1","floor":14},{"not_picked":["Core Surge+1","Electrodynamics"],"picked":"All For One+1","floor":16},{"not_picked":["Steam+1","Streamline+1"],"picked":"Rebound+1","floor":17},{"not_picked":["Steam+1","Steam Power+1"],"picked":"Static Discharge+1","floor":18},{"not_picked":["Fusion+1","Ball Lightning+1"],"picked":"Static Discharge","floor":21},{"not_picked":["Capacitor","Aggregate+1"],"picked":"Static Discharge+1","floor":22},{"not_picked":["Chaos+1","Self Repair"],"picked":"Static Discharge","floor":23},{"not_picked":["Hologram+1","Auto Shields+1","Glacier+1"],"picked":"SKIP","floor":25},{"not_picked":["Cold Snap+1","Streamline+1","Rebound+1"],"picked":"Lockon+1","floor":28},{"not_picked":["Electrodynamics","Undo+1","Rebound+1"],"picked":"Conserve Battery+1","floor":30},{"not_picked":["Streamline+1","Hologram+1","Redo+1"],"picked":"FTL+1","floor":31},{"not_picked":["Steam+1","Ball Lightning+1","Skim+1"],"picked":"Defragment","floor":35},{"not_picked":["Scrape+1","Gash+1","Blizzard+1"],"picked":"Leap+1","floor":36},{"not_picked":["Leap+1","Streamline+1","Blizzard+1","Conserve Battery+1"],"picked":"SKIP","floor":38},{"not_picked":["Barrage+1","Go for the Eyes+1","Reinforced Body+1"],"picked":"BootSequence+1","floor":39},{"not_picked":["Coolheaded+1","Blizzard+1","Streamline+1"],"picked":"Aggregate+1","floor":40},{"not_picked":["Steam Power+1","Echo Form","Lockon+1"],"picked":"Amplify+1","floor":45},{"not_picked":["Coolheaded+1","Barrage+1","Lockon+1","Ball Lightning+1"],"picked":"SKIP","floor":48}],"player_experience":516962,"relics_obtained":[{"floor":6.0,"key":"Juzu Bracelet"},{"floor":8.0,"key":"War Paint"},{"floor":9.0,"key":"Orichalcum"},{"floor":12.0,"key":"Potion Belt"},{"floor":14,"key":"Molten Egg 2"},{"floor":23,"key":"Cables"},{"floor":25,"key":"Symbiotic Virus"},{"floor":26,"key":"Question Card"},{"floor":28,"key":"Art of War"},{"floor":31,"key":"Mummified Hand"},{"floor":40,"key":"Thread and Needle"},{"floor":43,"key":"Toy Ornithopter"},{"floor":45,"key":"Bottled Lightning"}],"event_choices":[{"damage_healed":0.0,"max_hp_gain":0.0,"max_hp_loss":0.0,"gold_gain":0.0,"event_name":"Big Fish","player_choice":"Box","floor":2.0,"gold_loss":0.0,"damage_taken":0.0,"relics_obtained":["Boot"],"cards_obtained":["Regret"]},{"damage_healed":80.0,"max_hp_gain":0.0,"max_hp_loss":82.0,"gold_gain":0.0,"event_name":"betterThird:BetterShining","player_choice":"Upgrade","floor":5.0,"gold_loss":0.0,"damage_taken":16.0,"cards_upgraded":["Defend_B","Gash"]},{"cards_removed":["Strike_B"],"damage_healed":0.0,"max_hp_gain":0.0,"max_hp_loss":0.0,"gold_gain":0.0,"event_name":"Living Wall","player_choice":"Forget","floor":11.0,"gold_loss":0.0,"damage_taken":0.0},{"damage_healed":0,"gold_gain":30,"player_choice":"Searched \u00272\u0027 times","damage_taken":0,"max_hp_gain":0,"max_hp_loss":0,"event_name":"Dead Adventurer","floor":14,"gold_loss":0},{"damage_healed":0,"gold_gain":75,"player_choice":"Touch","damage_taken":8,"max_hp_gain":0,"max_hp_loss":0,"event_name":"FaceTrader","floor":19,"gold_loss":0},{"damage_healed":0,"gold_gain":200,"player_choice":"Gold","damage_taken":0,"max_hp_gain":0,"max_hp_loss":0,"event_name":"Wheel of Change","floor":27,"gold_loss":0},{"cards_removed":["Seek"],"damage_healed":0,"gold_gain":0,"player_choice":"Take \u0026 Give","damage_taken":0,"max_hp_gain":0,"max_hp_loss":0,"event_name":"betterNote:BetterNote","floor":29,"gold_loss":0,"cards_obtained":["Seek"]},{"damage_healed":0,"gold_gain":0,"player_choice":"Ignored","damage_taken":0,"max_hp_gain":0,"max_hp_loss":0,"event_name":"Tomb of Lord Red Mask","floor":41,"gold_loss":0},{"damage_healed":0,"gold_gain":0,"player_choice":"Upgraded","damage_taken":0,"max_hp_gain":0,"max_hp_loss":0,"event_name":"Upgrade Shrine","floor":44,"gold_loss":0,"cards_upgraded":["Defragment"]}],"is_beta":false,"boss_relics":[{"not_picked":["Black Star","Busted Crown"],"picked":"Tiny House"},{"not_picked":["Philosopher\u0027s Stone","Astrolabe"],"picked":"Inserter"}],"items_purged_floors":[0,0,13,20,37],"is_endless":false,"potions_floor_spawned":[1,12,16,18,23,25,31,38,40,45],"ascension_level":12}}