{"host":"1focbxb2e8qu7ccd","time":1612975011,"event":{"mods":["AchievementEnabler","BaseMod","Bestiary","Highlight Path","Minty Spire (QoL Compilation)","Relic Stats"],"gold_per_floor":[111,127,127,144,144,177,177,197,224,253,267,267,300,317,317,317,317],"floor_reached":16,"language":"ENG","playtime":912,"items_purged":[],"score":340,"play_id":"9537c7c4-40a7-4a5b-a23f-609274913c66","local_time":"20210210113651","is_ascension_mode":true,"campfire_choices":[{"data":"Wraith Form v2","floor":7,"key":"SMITH"},{"data":"Footwork","floor":12,"key":"SMITH"},{"floor":15,"key":"REST"}],"circlet_count":0,"master_deck":["AscendersBane","Strike_G","Strike_G","Strike_G","Strike_G","Defend_G","Defend_G","Defend_G","Defend_G+1","Survivor","Neutralize","Masterful Stab","Eviscerate+1","Backflip","Footwork+1","Dagger Throw","Wraith Form v2+1","Dagger Throw","PiercingWail","Dash","Underhanded Strike"],"relics":["Ring of the Snake","Juzu Bracelet","Odd Mushroom","Happy Flower","MealTicket","Anchor"],"acts_visited":["Exordium"],"potions_floor_usage":[6,10,13,16],"damage_taken":[{"damage":1,"enemies":"2 Louse","floor":1,"turns":3},{"damage":0,"enemies":"Small Slimes","floor":2,"turns":3},{"damage":0,"enemies":"Jaw Worm","floor":4,"turns":4},{"damage":0,"enemies":"Lagavulin","floor":6,"turns":7},{"damage":1,"enemies":"The Mushroom Lair","floor":8,"turns":4},{"damage":0,"enemies":"Gremlin Nob","floor":10,"turns":4},{"damage":0,"enemies":"Exordium Wildlife","floor":11,"turns":3},{"damage":33,"enemies":"Lagavulin","floor":13,"turns":10},{"damage":1,"enemies":"Exordium Thugs","floor":14,"turns":4},{"damage":25,"enemies":"Hexaghost","floor":16,"turns":11}],"seed_played":"1122398308261020353","potions_obtained":[{"floor":2,"key":"Strength Potion"},{"floor":4,"key":"ColorlessPotion"},{"floor":6,"key":"SneckoOil"},{"floor":10,"key":"Fire Potion"},{"floor":14,"key":"AttackPotion"}],"is_trial":false,"path_per_floor":["M","M","?","M","?","E","R","?","T","E","M","R","E","M","R","B"],"character_chosen":"THE_SILENT","items_purchased":[],"campfire_rested":1,"item_purchase_floors":[],"current_hp_per_floor":[58,58,40,40,40,40,40,39,39,39,39,39,6,5,23,0,0],"gold":317,"neow_bonus":"TRANSFORM_TWO_CARDS","is_daily":false,"chose_seed":false,"campfire_upgraded":2,"win_rate":0.0,"timestamp":1612975011,"path_taken":["M","M","?","M","?","E","R","?","T","E","M","R","E","M","R","BOSS"],"items_purchased_type":[],"build_version":"2020-12-22","purchased_purges":0,"victory":false,"max_hp_per_floor":[60,60,60,60,60,60,60,60,60,60,60,60,60,60,60,60,60],"relic_stats":{"Happy Flower":[10],"counters":[10,53],"MealTicket":0,"Juzu Bracelet":1,"obtain_stats":[{"Anchor":13,"Happy Flower":9,"MealTicket":10,"Juzu Bracelet":6,"Odd Mushroom":8,"Ring of the Snake":0},{"Anchor":8,"Happy Flower":5,"MealTicket":6,"Juzu Bracelet":4,"Odd Mushroom":5,"Ring of the Snake":0},{"Anchor":38,"Happy Flower":21,"MealTicket":25,"Juzu Bracelet":17,"Odd Mushroom":21,"Ring of the Snake":0}],"Ring of the Snake":[20]},"card_choices":[{"not_picked":["Acrobatics","Escape Plan"],"picked":"Backflip","floor":1},{"not_picked":["Blur","Dodge and Roll"],"picked":"Footwork","floor":2},{"not_picked":["Outmaneuver","Reflex"],"picked":"Dagger Throw","floor":4},{"not_picked":["Reflex","Prepared"],"picked":"Wraith Form v2","floor":6},{"not_picked":["Deadly Poison","Eviscerate"],"picked":"Dagger Throw","floor":8},{"not_picked":["Dodge and Roll","Blur"],"picked":"PiercingWail","floor":10},{"not_picked":["Skewer","Underhanded Strike","Quick Slash"],"picked":"SKIP","floor":11},{"not_picked":["Blade Dance","Choke"],"picked":"Dash","floor":13},{"not_picked":["Dagger Spray","Prepared"],"picked":"Underhanded Strike","floor":14}],"player_experience":924247,"relics_obtained":[{"floor":6,"key":"Juzu Bracelet"},{"floor":8,"key":"Odd Mushroom"},{"floor":9,"key":"Happy Flower"},{"floor":10,"key":"MealTicket"},{"floor":13,"key":"Anchor"}],"event_choices":[{"damage_healed":0,"gold_gain":0,"player_choice":"Entered Light","damage_taken":18,"max_hp_gain":0,"max_hp_loss":0,"event_name":"Shining Light","floor":3,"gold_loss":0,"cards_upgraded":["Defend_G","Eviscerate"]},{"damage_healed":0,"gold_gain":0,"player_choice":"Ignored","damage_taken":0,"max_hp_gain":0,"max_hp_loss":0,"event_name":"Liars Game","floor":5,"gold_loss":0},{"damage_healed":0,"gold_gain":0,"player_choice":"Fought Mushrooms","damage_taken":0,"max_hp_gain":0,"max_hp_loss":0,"event_name":"Mushrooms","floor":8,"gold_loss":0}],"is_beta":false,"boss_relics":[],"items_purged_floors":[],"is_endless":false,"potions_floor_spawned":[2,4,6,10,14],"killed_by":"Hexaghost","ascension_level":20}}