{"host":"avjwtc49fhlk6kym","time":1612988167,"event":{"mods":["AchievementEnabler","BaseMod","Better Match","Better Note","Better Third Choice","Colored Map","Colored Powertips","Displayed Cursed Tome","Highlight Path","Minty Spire (QoL Compilation)","Permanent Neow","Quick Restart","StSLib"],"gold_per_floor":[114,114,128,148,166,196,196,221,221,396,406,432,432,450,450,551,551,568,12,25,25,42,77,77,77,128,78,178,195,195,207,207,304,304,318,48,68,68,68],"floor_reached":38,"language":"ENG","playtime":1598,"items_purged":["Doubt","Shame","Parasite"],"score":437,"play_id":"b783c356-dd73-4f96-9834-5a8dac5f623a","local_time":"20210210151607","is_ascension_mode":true,"campfire_choices":[{"floor":7.0,"key":"REST"},{"floor":13.0,"key":"REST"},{"data":"CrushJoints","floor":15.0,"key":"SMITH"},{"floor":24.0,"key":"REST"},{"data":"Establishment","floor":30.0,"key":"SMITH"},{"data":"Riddle With Holes","floor":32.0,"key":"SMITH"}],"circlet_count":0,"master_deck":["Strike_P","Strike_P","Strike_P","Strike_P","Defend_P","Defend_P","Defend_P","Defend_P","Eruption","Vigilance+1","Swivel","Riddle With Holes+1","FollowUp","CrushJoints+1","TalkToTheHand","Protect","Conclude","Consecrate","Protect","CrushJoints","LessonLearned","PathToVictory","Establishment+1","Wallop","PathToVictory","FlyingSleeves","TalkToTheHand","SashWhip+1","MasterReality","Wireheading","Riddle With Holes+1","Wireheading","Weave+1"],"relics":["PureWater","Vajra","Bronze Scales","Smiling Mask","Bird Faced Urn","Pear","MealTicket","Cursed Key","Ginger","Boot","WingedGreaves","Sozu","DollysMirror"],"acts_visited":["Exordium","TheCity","TheBeyond"],"potions_floor_usage":[],"damage_taken":[{"damage":1.0,"enemies":"Jaw Worm","floor":1.0,"turns":4.0},{"damage":0.0,"enemies":"2 Louse","floor":3.0,"turns":2.0},{"damage":0.0,"enemies":"Small Slimes","floor":4.0,"turns":2.0},{"damage":4.0,"enemies":"Blue Slaver","floor":5.0,"turns":2.0},{"damage":18.0,"enemies":"Lagavulin","floor":6.0,"turns":4.0},{"damage":18.0,"enemies":"3 Sentries","floor":8.0,"turns":6.0},{"damage":11.0,"enemies":"Exordium Wildlife","floor":11.0,"turns":2.0},{"damage":4.0,"enemies":"Gremlin Nob","floor":12.0,"turns":3.0},{"damage":0.0,"enemies":"3 Louse","floor":14.0,"turns":2.0},{"damage":35.0,"enemies":"Slime Boss","floor":16.0,"turns":8.0},{"damage":10.0,"enemies":"Shell Parasite","floor":18.0,"turns":5.0},{"damage":2.0,"enemies":"Chosen","floor":20.0,"turns":4.0},{"damage":7.0,"enemies":"Centurion and Healer","floor":22.0,"turns":5.0},{"damage":38.0,"enemies":"Gremlin Leader","floor":23.0,"turns":8.0},{"damage":0.0,"enemies":"Cultist and Chosen","floor":29.0,"turns":4.0},{"damage":1.0,"enemies":"Snecko","floor":31.0,"turns":3.0},{"damage":28.0,"enemies":"Champ","floor":33.0,"turns":12.0},{"damage":30.0,"enemies":"3 Shapes","floor":35.0,"turns":7.0},{"damage":36,"enemies":"3 Darklings","floor":37,"turns":6},{"damage":44,"enemies":"2 Orb Walkers","floor":38,"turns":2}],"seed_played":"5040916200119766084","potions_obtained":[{"floor":4.0,"key":"Energy Potion"},{"floor":5.0,"key":"BottledMiracle"},{"floor":6.0,"key":"LiquidMemories"},{"floor":8.0,"key":"SneckoOil"},{"floor":16.0,"key":"Dexterity Potion"},{"floor":18.0,"key":"EssenceOfSteel"},{"floor":23.0,"key":"FearPotion"}],"is_trial":false,"path_per_floor":["M","?","M","M","M","E","R","E","T","?","M","E","R","M","R","B",null,"M","$","M","?","M","E","R","?","T","$","?","M","R","M","R","B",null,"M","$","M","?"],"character_chosen":"WATCHER","items_purchased":["Ginger","Establishment","Wallop","DollysMirror","Wireheading"],"campfire_rested":3,"item_purchase_floors":[19,19,19,36,36],"current_hp_per_floor":[71,62,62,62,58,40,61,43,53,53,42,38,62,62,62,27,82,72,82,80,80,73,37,61,61,61,76,76,78,78,79,79,53,82,54,69,41,0,0],"gold":68,"neow_bonus":"RANDOM_COMMON_RELIC","is_daily":false,"chose_seed":false,"campfire_upgraded":3,"win_rate":0.0,"timestamp":1612988167,"path_taken":["M","?","M","M","M","E","R","E","T","?","M","E","R","M","R","BOSS","M","$","M","?","M","E","R","?","T","?","?","?","R","M","R","BOSS","M","$","M","?"],"items_purchased_type":["Relic","Card","Card","Relic","Card"],"build_version":"2020-12-22","purchased_purges":3,"victory":false,"max_hp_per_floor":[72,72,72,72,72,72,72,72,82,82,82,82,82,82,82,82,82,82,82,82,82,82,82,82,82,82,82,82,82,82,82,82,82,82,82,79,79,79,79],"card_choices":[{"not_picked":["ThirdEye","Adaptation"],"picked":"Swivel","floor":1.0},{"not_picked":["TalkToTheHand","Perseverance"],"picked":"FollowUp","floor":3.0},{"not_picked":["Evaluate","FlurryOfBlows"],"picked":"CrushJoints","floor":4.0},{"not_picked":["Sanctity","Tantrum"],"picked":"TalkToTheHand","floor":5.0},{"not_picked":["SashWhip","Fasting2"],"picked":"Protect","floor":6.0},{"not_picked":["Consecrate","SashWhip"],"picked":"Conclude","floor":8.0},{"not_picked":["ClearTheMind","EmptyFist"],"picked":"Consecrate","floor":11.0},{"not_picked":["Vengeance","Crescendo"],"picked":"Protect","floor":12.0},{"not_picked":["Prostrate","Brilliance"],"picked":"CrushJoints","floor":14.0},{"not_picked":["Scrawl","DevaForm"],"picked":"LessonLearned","floor":16.0},{"not_picked":["BowlingBash","Protect+1"],"picked":"PathToVictory","floor":18.0},{"not_picked":["Study","Wallop"],"picked":"PathToVictory","floor":20.0},{"not_picked":["EmptyFist","Prostrate"],"picked":"FlyingSleeves","floor":22.0},{"not_picked":["Blasphemy","Halt","Nirvana"],"picked":"SKIP","floor":23.0},{"not_picked":["Halt","Indignation"],"picked":"TalkToTheHand","floor":29.0},{"not_picked":["PathToVictory","EmptyBody+1"],"picked":"SashWhip+1","floor":31.0},{"not_picked":["LessonLearned","Devotion"],"picked":"MasterReality","floor":33.0},{"not_picked":["Vengeance","CrushJoints+1"],"picked":"Wireheading","floor":35},{"not_picked":["CutThroughFate","Crescendo+1"],"picked":"Weave+1","floor":37}],"player_experience":441346,"relics_obtained":[{"floor":6.0,"key":"Smiling Mask"},{"floor":8.0,"key":"Bird Faced Urn"},{"floor":9.0,"key":"Pear"},{"floor":12.0,"key":"MealTicket"},{"floor":23.0,"key":"Boot"}],"event_choices":[{"damage_healed":0.0,"max_hp_gain":0.0,"max_hp_loss":0.0,"gold_gain":175.0,"event_name":"betterThird:BetterSerpent","player_choice":"AGREE","floor":10.0,"gold_loss":0.0,"damage_taken":221.0},{"damage_healed":0.0,"max_hp_gain":0.0,"max_hp_loss":0.0,"gold_gain":0.0,"event_name":"Ghosts","player_choice":"Ignored","floor":21.0,"gold_loss":0.0,"damage_taken":0.0},{"damage_healed":0.0,"max_hp_gain":0.0,"max_hp_loss":0.0,"gold_gain":0.0,"event_name":"Addict","player_choice":"Stole Relic","floor":25.0,"gold_loss":0.0,"damage_taken":0.0,"relics_obtained":["WingedGreaves"],"cards_obtained":["Shame"]},{"damage_healed":0.0,"max_hp_gain":0.0,"max_hp_loss":0.0,"gold_gain":100.0,"event_name":"Golden Shrine","player_choice":"Pray","floor":28.0,"gold_loss":0.0,"damage_taken":0.0},{"damage_healed":0,"gold_gain":0,"player_choice":"Fight","damage_taken":0,"max_hp_gain":0,"max_hp_loss":0,"event_name":"Mysterious Sphere","floor":38,"gold_loss":0}],"is_beta":false,"boss_relics":[{"not_picked":["Busted Crown","Empty Cage"],"picked":"Cursed Key"},{"not_picked":["Calling Bell","Astrolabe"],"picked":"Sozu"}],"items_purged_floors":[19,27,36],"is_endless":false,"potions_floor_spawned":[4,5,6,8,16,18,23,37],"killed_by":"2 Orb Walkers","ascension_level":1}}