{"host":"ig9h5mtrygw4gu9r","time":1612946851,"event":{"mods":["2.2 Compatiblity","AchievementEnabler","BaseMod","Bestiary","Infinite Spire","Minty Spire (QoL Compilation)","Relic Stats","Replay The Spire","StSLib","The Servant 0.9.4"],"gold_per_floor":[111,125,125,143,143,143,143,216,239,239,239],"floor_reached":10,"language":"ENG","playtime":601,"items_purged":[],"score":69,"play_id":"e56f4256-dba5-4b8b-9866-75c891d17898","local_time":"20210210004731","is_ascension_mode":true,"campfire_choices":[],"circlet_count":0,"master_deck":["Strike_S","Strike_S","Strike_S","Strike_S","Defend_S","Defend_S","Defend_S","Defend_S","KidneyShot","Exchange","Ricochet","Starlight","Rearm","Amnesia","BottledTime"],"relics":["Uniform","Pet Ghost","CultistMask","ReplayTheSpireMod:Ring of Challenge","Ring of Panic","Anchor","Tiny Chest"],"acts_visited":["Exordium"],"potions_floor_usage":[8,8],"damage_taken":[{"damage":3,"enemies":"Jaw Worm","floor":1,"turns":5},{"damage":0,"enemies":"Cultist","floor":2,"turns":3},{"damage":0,"enemies":"2 Louse","floor":4,"turns":2},{"damage":59,"enemies":"3 Sentries","floor":8,"turns":14},{"damage":8,"enemies":"Lagavulin","floor":10,"turns":2}],"seed_played":"4213290022660981313","potions_obtained":[{"floor":1,"key":"BlessingOfTheForge"},{"floor":4,"key":"Energy Potion"}],"is_trial":false,"path_per_floor":["M","M","?","M","?","PTL","PTL","E","T","E"],"character_chosen":"THE_SERVANT","items_purchased":[],"campfire_rested":0,"item_purchase_floors":[],"current_hp_per_floor":[62,62,62,62,62,62,62,3,3,0,0],"gold":239,"neow_bonus":"RANDOM_COMMON_RELIC","is_daily":false,"chose_seed":false,"campfire_upgraded":0,"win_rate":0.0,"timestamp":1612946851,"path_taken":["M","M","?","?","?","PTL","PTL","E","?","E"],"items_purchased_type":[],"build_version":"2020-12-22","purchased_purges":0,"victory":false,"max_hp_per_floor":[65,65,65,65,65,65,65,65,65,65,65],"relic_stats":{"counters":[5,26],"Tiny Chest":0,"obtain_stats":[{"Anchor":8,"Tiny Chest":9,"CultistMask":3,"Uniform":0,"ReplayTheSpireMod:Ring of Challenge":5,"Ring of Panic":5,"Pet Ghost":0},{"Anchor":4,"Tiny Chest":4,"CultistMask":2,"Uniform":0,"ReplayTheSpireMod:Ring of Challenge":3,"Ring of Panic":3,"Pet Ghost":0},{"Anchor":24,"Tiny Chest":24,"CultistMask":8,"Uniform":0,"ReplayTheSpireMod:Ring of Challenge":10,"Ring of Panic":10,"Pet Ghost":0}]},"card_choices":[{"not_picked":["TimeWarp","RealityMarble"],"picked":"Ricochet","floor":1},{"not_picked":["Misdirection","Rearm"],"picked":"Starlight","floor":2},{"not_picked":["ShatteredReality","Rewind"],"picked":"Rearm","floor":4},{"not_picked":["Manipulate","Shuttle"],"picked":"BottledTime","floor":8}],"player_experience":390345,"relics_obtained":[{"floor":5,"key":"ReplayTheSpireMod:Ring of Challenge"},{"floor":5,"key":"Ring of Panic"},{"floor":8,"key":"Anchor"},{"floor":9,"key":"Tiny Chest"}],"event_choices":[{"damage_healed":0,"gold_gain":0,"player_choice":"Trade","damage_taken":0,"relics_obtained":["CultistMask"],"max_hp_gain":0,"max_hp_loss":0,"event_name":"FaceTrader","floor":3,"gold_loss":0}],"is_beta":false,"boss_relics":[],"items_purged_floors":[],"is_endless":false,"potions_floor_spawned":[1,4],"killed_by":"Lagavulin","ascension_level":1}}