{"host":"ia9e4s524g7bamk7","time":1612977207,"event":{"mods":["AchievementEnabler","BaseMod","Minty Spire (QoL Compilation)","Slay-I"],"gold_per_floor":[115,133,144,164,183,213,213,230,254,283,295,317,364,389,401,513,525,557,583,595,626,317,317,342,342,342,185,211,211,86,118,118,223,223,251,273,273,623,623,664,664,679,679,692,692,692,692],"floor_reached":46,"language":"ENG","playtime":5636,"items_purged":[],"score":716,"play_id":"755057c6-4336-483e-8c97-2f08cb092d30","local_time":"20210210181327","is_ascension_mode":true,"campfire_choices":[{"data":"Perfected Strike","floor":11.0,"key":"SMITH"},{"data":"Armaments","floor":15.0,"key":"SMITH"},{"data":"Juggernaut","floor":23,"key":"SMITH"},{"data":"Apotheosis","floor":25,"key":"SMITH"},{"floor":32,"key":"REST"},{"floor":41,"key":"RECALL"},{"data":"Warcry","floor":45,"key":"SMITH"}],"circlet_count":0,"master_deck":["Strike_R+1","Strike_R+1","Strike_R+1","Strike_R+1","Strike_R+1","Defend_R+1","Defend_R+1","Defend_R+1","Bash","Seeing Red","Perfected Strike+1","Flame Barrier","Perfected Strike","Pommel Strike","Armaments+1","Flame Barrier","Shrug It Off+1","Juggernaut+1","Metallicize","Apotheosis+1","Demon Form","Warcry+1","Perfected Strike+1","Rampage+1"],"relics":["Burning Blood","NeowsBlessing","The Courier","FaceOfCleric","PreservedInsect","MawBank","Omamori","Busted Crown","Lantern","CeramicFish","Mummified Hand","Red Skull","War Paint","Medical Kit","Akabeko","Coffee Dripper","Old Coin","Happy Flower"],"acts_visited":["Exordium","TheCity","TheBeyond"],"potions_floor_usage":[24,28,28,31,40,40],"damage_taken":[{"damage":0.0,"enemies":"2 Louse","floor":1.0,"turns":1.0},{"damage":0.0,"enemies":"Cultist","floor":2.0,"turns":1.0},{"damage":0.0,"enemies":"Small Slimes","floor":3.0,"turns":1.0},{"damage":15.0,"enemies":"3 Louse","floor":4.0,"turns":5.0},{"damage":16.0,"enemies":"Blue Slaver","floor":5.0,"turns":3.0},{"damage":35.0,"enemies":"3 Sentries","floor":6.0,"turns":10.0},{"damage":10.0,"enemies":"2 Fungi Beasts","floor":8.0,"turns":6.0},{"damage":0.0,"enemies":"Gremlin Nob","floor":10.0,"turns":2.0},{"damage":5.0,"enemies":"Looter","floor":12.0,"turns":4.0},{"damage":6.0,"enemies":"3 Sentries","floor":13.0,"turns":6.0},{"damage":0.0,"enemies":"Blue Slaver","floor":14.0,"turns":4.0},{"damage":31,"enemies":"The Guardian","floor":16,"turns":15},{"damage":4,"enemies":"Shell Parasite","floor":18,"turns":5},{"damage":11,"enemies":"Spheric Guardian","floor":19,"turns":3},{"damage":11,"enemies":"Snake Plant","floor":21,"turns":3},{"damage":26,"enemies":"Book of Stabbing","floor":24,"turns":4},{"damage":17,"enemies":"Gremlin Leader","floor":28,"turns":4},{"damage":6,"enemies":"Slavers","floor":31,"turns":4},{"damage":58,"enemies":"Automaton","floor":33,"turns":11},{"damage":5,"enemies":"Orb Walker","floor":35,"turns":2},{"damage":26,"enemies":"3 Shapes","floor":36,"turns":3},{"damage":1,"enemies":"Mind Bloom Boss Battle","floor":38,"turns":6},{"damage":42,"enemies":"Nemesis","floor":40,"turns":5},{"damage":17,"enemies":"Jaw Worm Horde","floor":42,"turns":3},{"damage":26,"enemies":"Spire Growth","floor":44,"turns":3},{"damage":32,"enemies":"Writhing Mass","floor":46,"turns":3}],"seed_played":"-1715685503632773986","potions_obtained":[{"floor":2.0,"key":"Weak Potion"},{"floor":5.0,"key":"Energy Potion"},{"floor":6.0,"key":"Block Potion"},{"floor":8.0,"key":"BloodPotion"},{"floor":10.0,"key":"EssenceOfSteel"},{"floor":16,"key":"PowerPotion"},{"floor":21,"key":"PowerPotion"},{"floor":24,"key":"AttackPotion"},{"floor":31,"key":"ElixirPotion"},{"floor":33,"key":"BlessingOfTheForge"},{"floor":36,"key":"CultistPotion"},{"floor":38,"key":"SkillPotion"},{"floor":44,"key":"Weak Potion"}],"is_trial":false,"path_per_floor":["M","M","M","M","M","E","?","M","T","E","R","M","E","M","R","B",null,"M","M","?","M","$","R","E","R","T","$","E","?","$","E","R","B",null,"M","M","?","?","?","E","R","M","T","M","R","M"],"character_chosen":"IRONCLAD","items_purchased":["Metallicize","Apotheosis","Lantern","Red Skull","PowerPotion","Medical Kit"],"campfire_rested":1,"item_purchase_floors":[22,22,22,27,27,30],"current_hp_per_floor":[80,80,80,71,61,32,32,45,45,52,52,54,55,62,62,38,86,87,83,66,62,62,62,43,43,43,43,33,33,33,34,63,12,98,99,80,80,86,86,51,51,41,41,22,22,0,0],"gold":692,"neow_bonus":"THREE_ENEMY_KILL","is_daily":false,"chose_seed":false,"campfire_upgraded":5,"win_rate":0.0,"timestamp":1612977207,"path_taken":["M","M","M","M","M","E","?","M","T","E","R","?","E","M","R","BOSS","M","M","?","M","$","R","E","R","T","$","E","?","$","E","R","BOSS","M","M","?","?","?","E","R","?","T","?","R","M"],"items_purchased_type":["Card","Card","Relic","Relic","Potion","Relic"],"build_version":"2020-12-22","purchased_purges":0,"victory":false,"max_hp_per_floor":[80,80,80,80,80,80,80,81,81,82,82,83,84,85,85,86,86,87,88,93,94,94,94,95,95,95,95,96,96,96,97,97,98,98,99,100,100,101,101,102,102,103,103,104,104,104,104],"card_choices":[{"not_picked":["Anger","Cleave"],"picked":"Seeing Red","floor":1.0},{"not_picked":["Searing Blow","Dual Wield","Bloodletting"],"picked":"SKIP","floor":2.0},{"not_picked":["Second Wind","Wild Strike","Dark Embrace"],"picked":"SKIP","floor":3.0},{"not_picked":["Havoc","Heavy Blade"],"picked":"Perfected Strike","floor":4.0},{"not_picked":["Carnage","Juggernaut"],"picked":"Flame Barrier","floor":5.0},{"not_picked":["Body Slam","Headbutt","Whirlwind"],"picked":"SKIP","floor":6.0},{"not_picked":["Anger","Cleave"],"picked":"Perfected Strike","floor":8.0},{"not_picked":["Wild Strike","Heavy Blade"],"picked":"Pommel Strike","floor":10.0},{"not_picked":["Sever Soul","Wild Strike"],"picked":"Armaments","floor":12.0},{"not_picked":["Cleave","Dark Embrace"],"picked":"Flame Barrier","floor":13.0},{"not_picked":["Sever Soul","True Grit"],"picked":"Shrug It Off","floor":14.0},{"not_picked":["Double Tap","Barricade"],"picked":"Juggernaut","floor":16},{"not_picked":["Flex"],"picked":"SKIP","floor":18},{"not_picked":["Sword Boomerang+1"],"picked":"SKIP","floor":19},{"not_picked":["Dark Embrace+1"],"picked":"SKIP","floor":21},{"not_picked":["Heavy Blade"],"picked":"SKIP","floor":24},{"not_picked":["Cleave+1"],"picked":"SKIP","floor":28},{"not_picked":["Anger"],"picked":"SKIP","floor":31},{"not_picked":[],"picked":"Demon Form","floor":33},{"not_picked":[],"picked":"Warcry","floor":35},{"not_picked":[],"picked":"Perfected Strike+1","floor":36},{"not_picked":[],"picked":"Rampage+1","floor":40},{"not_picked":["Clothesline"],"picked":"SKIP","floor":42},{"not_picked":["Body Slam"],"picked":"SKIP","floor":44}],"player_experience":307606,"relics_obtained":[{"floor":6.0,"key":"The Courier"},{"floor":9.0,"key":"PreservedInsect"},{"floor":10.0,"key":"MawBank"},{"floor":13.0,"key":"Omamori"},{"floor":24,"key":"CeramicFish"},{"floor":26,"key":"Mummified Hand"},{"floor":28,"key":"War Paint"},{"floor":31,"key":"Akabeko"},{"floor":38,"key":"Old Coin"},{"floor":40,"key":"Happy Flower"}],"event_choices":[{"damage_healed":0.0,"max_hp_gain":0.0,"max_hp_loss":0.0,"gold_gain":0.0,"event_name":"FaceTrader","player_choice":"Trade","floor":7.0,"gold_loss":0.0,"damage_taken":0.0,"relics_obtained":["FaceOfCleric"]},{"damage_healed":0,"gold_gain":0,"player_choice":"Shed Blood","damage_taken":22,"max_hp_gain":5,"max_hp_loss":0,"event_name":"Forgotten Altar","floor":20,"gold_loss":0},{"damage_healed":0,"gold_gain":0,"player_choice":"Simplicity","damage_taken":0,"max_hp_gain":0,"max_hp_loss":0,"event_name":"Back to Basics","floor":29,"gold_loss":0,"cards_upgraded":["Strike_R","Strike_R","Strike_R","Strike_R","Strike_R","Defend_R","Defend_R","Defend_R"]},{"cards_removed":["Defend_R"],"damage_healed":0,"gold_gain":0,"player_choice":"Removed Skill","damage_taken":0,"max_hp_gain":0,"max_hp_loss":0,"event_name":"Falling","floor":37,"gold_loss":0},{"damage_healed":0,"gold_gain":0,"player_choice":"Fight","damage_taken":0,"max_hp_gain":0,"max_hp_loss":0,"event_name":"MindBloom","floor":38,"gold_loss":0},{"damage_healed":0,"gold_gain":0,"player_choice":"Ignored","damage_taken":0,"max_hp_gain":0,"max_hp_loss":0,"event_name":"Tomb of Lord Red Mask","floor":39,"gold_loss":0}],"is_beta":false,"boss_relics":[{"not_picked":["Sozu","SlaversCollar"],"picked":"Busted Crown"},{"not_picked":["Tiny House","Black Star"],"picked":"Coffee Dripper"}],"items_purged_floors":[],"is_endless":false,"potions_floor_spawned":[2,5,6,8,10,16,21,24,31,33,36,38,44],"killed_by":"Writhing Mass","ascension_level":4}}