{"host":"at5b10nm0iti0w4x","time":1612920577,"event":{"mods":["2.2 Compatiblity","AchievementEnabler","BaseMod","Bestiary","Block Reminder","Colored Map","Colored Powertips","Highlight Path","Keyboard Shortcuts","Minty Spire (QoL Compilation)","Quick Restart","Relic Stats","Slay the Relics Exporter","StSLib","SuperFastMode","Unknown Chances"],"gold_per_floor":[110,126,141,141,156,156,170,182,182,182,22,32,32,47,47,143,143,155,254,254,288,288,288],"floor_reached":22,"language":"ENG","playtime":696,"items_purged":[],"score":203,"play_id":"8147a94e-b98b-4d8d-8f2b-315da88bc64c","local_time":"20210209202937","is_ascension_mode":false,"campfire_choices":[{"data":"Shrug It Off","floor":6,"key":"SMITH"},{"data":"Dual Wield","floor":10,"key":"SMITH"},{"data":"Limit Break","floor":13,"key":"SMITH"},{"data":"Armaments","floor":15,"key":"SMITH"}],"circlet_count":0,"master_deck":["Strike_R","Strike_R","Strike_R","Defend_R","Defend_R","Defend_R","Defend_R","Bash","Armaments+1","Infernal Blade","Shrug It Off+1","Cleave","Inflame","Dual Wield+1","Limit Break+1","Headbutt","Sword Boomerang","Brutality","Battle Trance","Pommel Strike+1"],"relics":["Burning Blood"],"acts_visited":["Exordium","TheCity"],"potions_floor_usage":[18,21,21,22,22],"damage_taken":[{"damage":6,"enemies":"2 Louse","floor":1,"turns":3},{"damage":6,"enemies":"Jaw Worm","floor":2,"turns":5},{"damage":0,"enemies":"Small Slimes","floor":3,"turns":3},{"damage":6,"enemies":"Blue Slaver","floor":5,"turns":4},{"damage":5,"enemies":"Looter","floor":7,"turns":3},{"damage":8,"enemies":"Exordium Wildlife","floor":8,"turns":4},{"damage":11,"enemies":"2 Fungi Beasts","floor":12,"turns":4},{"damage":0,"enemies":"Large Slime","floor":14,"turns":9},{"damage":68,"enemies":"The Guardian","floor":16,"turns":9},{"damage":22,"enemies":"3 Byrds","floor":18,"turns":6},{"damage":47,"enemies":"Masked Bandits","floor":21,"turns":4},{"damage":39,"enemies":"Chosen","floor":22,"turns":6}],"seed_played":"5277788074602607018","potions_obtained":[{"floor":2,"key":"LiquidMemories"},{"floor":3,"key":"BloodPotion"},{"floor":8,"key":"DuplicationPotion"},{"floor":14,"key":"DistilledChaos"},{"floor":18,"key":"Energy Potion"},{"floor":21,"key":"ColorlessPotion"}],"is_trial":false,"path_per_floor":["M","M","M","?","M","R","M","M","T","R","$","M","R","M","R","B",null,"M","?","?","?","M"],"character_chosen":"IRONCLAD","items_purchased":["Limit Break"],"campfire_rested":0,"item_purchase_floors":[11],"current_hp_per_floor":[88,88,88,88,88,88,88,86,86,86,86,81,81,87,87,25,88,72,72,72,31,0,0],"gold":288,"neow_bonus":"TEN_PERCENT_HP_BONUS","is_daily":false,"chose_seed":false,"campfire_upgraded":4,"win_rate":0.0,"timestamp":1612920577,"path_taken":["M","M","M","?","M","R","M","M","T","R","$","M","R","M","R","BOSS","M","?","?","?","M"],"items_purchased_type":["Card"],"build_version":"2020-12-22","purchased_purges":0,"victory":false,"max_hp_per_floor":[88,88,88,88,88,88,88,88,88,88,88,88,88,88,88,88,88,88,88,88,88,88,88],"relic_stats":{"counters":[12,60],"obtain_stats":[{"Burning Blood":0},{"Burning Blood":0},{"Burning Blood":0}],"Burning Blood":59},"card_choices":[{"not_picked":["Wild Strike","True Grit"],"picked":"Armaments","floor":1},{"not_picked":["Heavy Blade","Dark Embrace"],"picked":"Infernal Blade","floor":2},{"not_picked":["Flex","Infernal Blade"],"picked":"Shrug It Off","floor":3},{"not_picked":["Twin Strike","True Grit"],"picked":"Cleave","floor":5},{"not_picked":["Sentinel","Clash"],"picked":"Inflame","floor":7},{"not_picked":["Fire Breathing","Shrug It Off"],"picked":"Dual Wield","floor":8},{"not_picked":["Perfected Strike","Pummel"],"picked":"Headbutt","floor":12},{"not_picked":["Body Slam","Spot Weakness","Sentinel"],"picked":"SKIP","floor":14},{"not_picked":["Warcry+1","Anger+1"],"picked":"Sword Boomerang","floor":18},{"not_picked":["Flame Barrier+1","Sever Soul"],"picked":"Pommel Strike+1","floor":21}],"player_experience":89142,"relics_obtained":[],"event_choices":[{"damage_healed":0,"gold_gain":0,"player_choice":"Fled","damage_taken":0,"max_hp_gain":0,"max_hp_loss":0,"event_name":"Scrap Ooze","floor":4,"gold_loss":0},{"damage_healed":0,"gold_gain":99,"player_choice":"Stole From Cult","damage_taken":0,"max_hp_gain":0,"max_hp_loss":0,"event_name":"Nest","floor":19,"gold_loss":0},{"damage_healed":0,"gold_gain":0,"cards_transformed":["Strike_R","Strike_R"],"player_choice":"Became Test Subject","damage_taken":0,"max_hp_gain":0,"max_hp_loss":0,"event_name":"Drug Dealer","floor":20,"gold_loss":0,"cards_obtained":["Brutality","Battle Trance"]},{"damage_healed":0,"gold_gain":0,"player_choice":"Fought Bandits","damage_taken":0,"max_hp_gain":0,"max_hp_loss":0,"event_name":"Masked Bandits","floor":21,"gold_loss":0}],"is_beta":false,"boss_relics":[{"not_picked":[]}],"items_purged_floors":[],"is_endless":false,"potions_floor_spawned":[2,3,8,14,18,21],"killed_by":"Chosen","ascension_level":0}}