{"host":"gfxjwtol062e9znw","time":1612958425,"event":{"mods":["BaseMod","Colored Map","Minty Spire (QoL Compilation)","Rare Cards Sparkle"],"gold_per_floor":[366,180,180,190,205,236,236,261,261,261,290,290,290,309,309,435,435,460,66,66,80,80,80],"floor_reached":22,"language":"ENG","playtime":1605,"items_purged":[],"score":278,"play_id":"509b46a0-3785-4909-a572-a3a27b2a2cbd","local_time":"20210210230025","is_ascension_mode":true,"campfire_choices":[{"floor":7.0,"key":"REST"},{"floor":10.0,"key":"REST"},{"floor":13.0,"key":"REST"},{"data":"Footwork","floor":15.0,"key":"SMITH"}],"circlet_count":0,"master_deck":["Survivor","Neutralize","Prepared","Footwork+1","Heel Hook","Bouncing Flask","Dagger Spray","Deflect","Terror","Escape Plan","Backstab","Bullet Time","Burst","Accuracy","Acrobatics","Dagger Throw","Envenom","Well Laid Plans","After Image","Acrobatics","Backflip","Infinite Blades","Bouncing Flask","Dagger Spray","Leg Sweep","Writhe","Bane"],"relics":["Ring of the Snake","Regal Pillow","Eternal Feather","The Specimen","Bottled Flame","Odd Mushroom","Golden Idol","Pandora\u0027s Box","Incense Burner","Turnip"],"acts_visited":["Exordium","TheCity"],"potions_floor_usage":[22],"damage_taken":[{"damage":8.0,"enemies":"Small Slimes","floor":1.0,"turns":5.0},{"damage":8.0,"enemies":"2 Louse","floor":4.0,"turns":4.0},{"damage":4.0,"enemies":"Jaw Worm","floor":5.0,"turns":3.0},{"damage":15.0,"enemies":"Gremlin Nob","floor":6.0,"turns":4.0},{"damage":45.0,"enemies":"3 Sentries","floor":8.0,"turns":10.0},{"damage":13.0,"enemies":"The Mushroom Lair","floor":11.0,"turns":7.0},{"damage":5.0,"enemies":"Exordium Wildlife","floor":14.0,"turns":5.0},{"damage":57.0,"enemies":"Hexaghost","floor":16.0,"turns":16.0},{"damage":30,"enemies":"3 Byrds","floor":18,"turns":8},{"damage":9,"enemies":"Spheric Guardian","floor":21,"turns":7},{"damage":17,"enemies":"Cultist and Chosen","floor":22,"turns":4}],"seed_played":"-5609249956417595072","potions_obtained":[{"floor":4.0,"key":"CultistPotion"},{"floor":8.0,"key":"GamblersBrew"},{"floor":11.0,"key":"DuplicationPotion"},{"floor":14.0,"key":"DistilledChaos"}],"is_trial":false,"path_per_floor":["M","$","?","M","M","E","R","E","T","R","?","?","R","M","R","B",null,"M","$","?","M","M"],"character_chosen":"THE_SILENT","items_purchased":["Footwork","Heel Hook","Bouncing Flask","Leg Sweep","Incense Burner","Energy Potion"],"campfire_rested":3,"item_purchase_floors":[2,2,2,19,19,19],"current_hp_per_floor":[55,55,52,44,40,25,63,18,18,63,50,35,63,58,63,6,49,19,19,19,10,0,0],"gold":80,"neow_bonus":"TWO_FIFTY_GOLD","is_daily":false,"chose_seed":false,"campfire_upgraded":1,"win_rate":0.0,"timestamp":1612958425,"path_taken":["M","$","?","M","M","E","R","E","T","R","?","?","R","M","R","BOSS","M","$","?","M","M"],"items_purchased_type":["Card","Card","Card","Card","Relic","Potion"],"build_version":"2020-12-22","purchased_purges":0,"victory":false,"max_hp_per_floor":[63,63,63,63,63,63,63,63,63,63,63,63,63,63,63,63,63,63,63,63,63,63,63],"card_choices":[{"not_picked":["Acrobatics","Accuracy"],"picked":"Prepared","floor":1.0},{"not_picked":["Outmaneuver","Deadly Poison"],"picked":"Dagger Spray","floor":4.0},{"not_picked":["Acrobatics","Concentrate"],"picked":"Deflect","floor":5.0},{"not_picked":["Reflex","Choke"],"picked":"Terror","floor":6.0},{"not_picked":["Prepared","Catalyst"],"picked":"Escape Plan","floor":8.0},{"not_picked":["Outmaneuver","Prepared"],"picked":"Backstab","floor":11.0},{"not_picked":["Deflect","Acrobatics"],"picked":"Bullet Time","floor":14.0},{"not_picked":["Phantasmal Killer","Glass Knife"],"picked":"Burst","floor":16.0},{"not_picked":["Acrobatics","Bouncing Flask"],"picked":"Dagger Spray","floor":18},{"not_picked":["Well Laid Plans+1","Crippling Poison"],"picked":"Bane","floor":21}],"player_experience":135034,"relics_obtained":[{"floor":6.0,"key":"Eternal Feather"},{"floor":8.0,"key":"The Specimen"},{"floor":9.0,"key":"Bottled Flame"},{"floor":11.0,"key":"Odd Mushroom"}],"event_choices":[{"damage_healed":0.0,"max_hp_gain":0.0,"max_hp_loss":0.0,"gold_gain":0.0,"event_name":"Scrap Ooze","player_choice":"Success","floor":3.0,"gold_loss":0.0,"damage_taken":3.0,"relics_obtained":["Regal Pillow"]},{"damage_healed":0.0,"max_hp_gain":0.0,"max_hp_loss":0.0,"gold_gain":0.0,"event_name":"Mushrooms","player_choice":"Fought Mushrooms","floor":11.0,"gold_loss":0.0,"damage_taken":0.0},{"damage_healed":0.0,"max_hp_gain":0.0,"max_hp_loss":0.0,"gold_gain":0.0,"event_name":"Golden Idol","player_choice":"Take Damage","floor":12.0,"gold_loss":0.0,"damage_taken":15.0,"relics_obtained":["Golden Idol"]},{"damage_healed":0,"gold_gain":0,"player_choice":"Opened","damage_taken":0,"relics_obtained":["Turnip"],"max_hp_gain":0,"max_hp_loss":0,"event_name":"The Mausoleum","floor":20,"gold_loss":0,"cards_obtained":["Writhe"]}],"is_beta":false,"boss_relics":[{"not_picked":["Ectoplasm","Calling Bell"],"picked":"Pandora\u0027s Box"}],"items_purged_floors":[],"is_endless":false,"potions_floor_spawned":[4,8,11,14,21],"killed_by":"Cultist and Chosen","ascension_level":9}}