{"host":"f0gpob8hq9vgebej","time":1612974703,"event":{"mods":["AchievementEnabler","BaseMod","Minty Spire (QoL Compilation)","Quick Restart","SuperFastMode"],"gold_per_floor":[119,119,119,69,79,107,107,140,215,215,225,238,256,275,275,349,349,359,375,158,158,171,171,191,211,211,211,211,211,211],"floor_reached":29,"language":"KOR","playtime":603,"items_purged":["Strike_G","Strike_G"],"score":485,"play_id":"97b9cc75-a380-4fba-ab56-211ddb87c20f","local_time":"20210211013143","is_ascension_mode":true,"campfire_choices":[{"data":"Dagger Spray","floor":7.0,"key":"SMITH"},{"floor":10.0,"key":"REST"},{"data":"Bouncing Flask","floor":15.0,"key":"SMITH"},{"data":"Dodge and Roll","floor":23,"key":"SMITH"},{"floor":28,"key":"REST"}],"circlet_count":0,"master_deck":["AscendersBane","Strike_G","Strike_G","Defend_G","Defend_G","Defend_G","Defend_G","Defend_G","Survivor","Neutralize","Slice","Slice","Dagger Spray+1","PiercingWail","Backflip","Poisoned Stab","Bouncing Flask+1","Leg Sweep","Adrenaline","Dodge and Roll+1","Catalyst"],"relics":["Ring of the Snake","NeowsBlessing","Smiling Mask","Omamori","Juzu Bracelet","Mercury Hourglass","Runic Pyramid","Snake Skull","Pantograph"],"acts_visited":["Exordium","TheCity"],"potions_floor_usage":[16,16,25],"damage_taken":[{"damage":0.0,"enemies":"2 Louse","floor":1.0,"turns":1.0},{"damage":0.0,"enemies":"Jaw Worm","floor":5.0,"turns":1.0},{"damage":0.0,"enemies":"Gremlin Nob","floor":6.0,"turns":1.0},{"damage":19.0,"enemies":"3 Sentries","floor":8.0,"turns":7.0},{"damage":0.0,"enemies":"Cultist","floor":11.0,"turns":3.0},{"damage":0.0,"enemies":"3 Louse","floor":12.0,"turns":3.0},{"damage":0.0,"enemies":"Blue Slaver","floor":13.0,"turns":3.0},{"damage":2.0,"enemies":"Exordium Wildlife","floor":14.0,"turns":3.0},{"damage":17,"enemies":"The Guardian","floor":16,"turns":10},{"damage":12,"enemies":"Shell Parasite","floor":18,"turns":4},{"damage":0,"enemies":"Chosen","floor":19,"turns":4},{"damage":8,"enemies":"Centurion and Healer","floor":22,"turns":6},{"damage":3,"enemies":"Snake Plant","floor":24,"turns":5},{"damage":18,"enemies":"Shelled Parasite and Fungi","floor":25,"turns":8},{"damage":0,"enemies":"Centurion and Healer","floor":29,"turns":1}],"seed_played":"-7654947442024190918","potions_obtained":[{"floor":6.0,"key":"CunningPotion"},{"floor":11.0,"key":"EssenceOfSteel"},{"floor":12.0,"key":"CultistPotion"},{"floor":24,"key":"SkillPotion"}],"is_trial":false,"path_per_floor":["M","?","?","$","M","E","R","E","T","R","M","M","M","M","R","B",null,"M","M","$","?","M","R","M","M","T","?","R","M"],"character_chosen":"THE_SILENT","items_purchased":["Snake Skull"],"campfire_rested":2,"item_purchase_floors":[20],"current_hp_per_floor":[59,24,24,24,24,24,24,5,5,24,24,24,24,22,22,5,51,39,39,39,39,31,31,28,10,10,10,29,29,29],"gold":211,"neow_bonus":"THREE_ENEMY_KILL","is_daily":false,"chose_seed":false,"campfire_upgraded":3,"win_rate":0.0,"timestamp":1612974703,"path_taken":["M","?","?","$","?","E","R","E","T","R","M","M","M","M","R","BOSS","M","M","$","?","M","R","M","M","T","?","R","M"],"items_purchased_type":["Relic"],"build_version":"2020-12-22","purchased_purges":2,"victory":false,"max_hp_per_floor":[66,66,66,66,66,66,66,66,66,66,66,66,66,66,66,66,66,66,66,66,66,66,66,66,66,66,66,66,66,66],"card_choices":[{"not_picked":["Sucker Punch","Deflect"],"picked":"Slice","floor":1.0},{"not_picked":["Flying Knee","Acrobatics"],"picked":"Dagger Spray","floor":5.0},{"not_picked":["Dodge and Roll","Storm of Steel"],"picked":"PiercingWail","floor":6.0},{"not_picked":["Outmaneuver","Slice"],"picked":"Backflip","floor":8.0},{"not_picked":["Quick Slash","Cloak And Dagger"],"picked":"Poisoned Stab","floor":11.0},{"not_picked":["Setup","Outmaneuver"],"picked":"Bouncing Flask","floor":12.0},{"not_picked":["Riddle With Holes","Bouncing Flask","Choke"],"picked":"SKIP","floor":13.0},{"not_picked":["Distraction","All Out Attack"],"picked":"Leg Sweep","floor":14.0},{"not_picked":["Night Terror","Doppelganger"],"picked":"Adrenaline","floor":16},{"not_picked":["Accuracy","Infinite Blades"],"picked":"Dodge and Roll","floor":18},{"not_picked":["Predator","Terror"],"picked":"Catalyst","floor":19},{"not_picked":["Finisher","Backflip","Reflex"],"picked":"SKIP","floor":22},{"not_picked":["Infinite Blades","Slice","Distraction"],"picked":"SKIP","floor":24},{"not_picked":["Acrobatics","Riddle With Holes","Prepared"],"picked":"SKIP","floor":25}],"player_experience":383741,"relics_obtained":[{"floor":6.0,"key":"Omamori"},{"floor":8.0,"key":"Juzu Bracelet"},{"floor":9.0,"key":"Mercury Hourglass"},{"floor":26,"key":"Pantograph"}],"event_choices":[{"damage_healed":0.0,"max_hp_gain":0.0,"max_hp_loss":0.0,"gold_gain":0.0,"event_name":"Scrap Ooze","player_choice":"Success","floor":2.0,"gold_loss":0.0,"damage_taken":35.0,"relics_obtained":["Smiling Mask"]},{"damage_healed":0.0,"max_hp_gain":0.0,"max_hp_loss":0.0,"gold_gain":0.0,"cards_transformed":["Strike_G"],"event_name":"Transmorgrifier","player_choice":"Transformed","floor":3.0,"gold_loss":0.0,"damage_taken":0.0,"cards_obtained":["Slice"]},{"damage_healed":0,"gold_gain":0,"player_choice":"Ignored","damage_taken":0,"max_hp_gain":0,"max_hp_loss":0,"event_name":"The Mausoleum","floor":21,"gold_loss":0},{"damage_healed":0,"gold_gain":0,"player_choice":"Ignored","damage_taken":0,"max_hp_gain":0,"max_hp_loss":0,"event_name":"Vampires","floor":27,"gold_loss":0}],"is_beta":false,"boss_relics":[{"not_picked":["Astrolabe","Empty Cage"],"picked":"Runic Pyramid"}],"items_purged_floors":[4,20],"is_endless":false,"potions_floor_spawned":[6,11,12,24],"killed_by":"Centurion and Healer","ascension_level":17}}