{"host":"q7zm4xeotpldz9qq","time":1612940567,"event":{"mods":["ATMod(阿瑾Mod)","BaseMod","Colored Powertips","Marisa（F雨　魔理沙）","Minty Spire (QoL Compilation)","Relic Filter Mod","Relic Stats","StSLib","[功能]功能增强和修复MOD"],"gold_per_floor":[110,285,240,240,240,273,273,308,332,332,352,352,372,397,397,767,267,277,272,272,272,272,272,297,297,320,348,348,381,381,381,381,770,770,787,777,777,796,796,830,830,830,830,856,866,866,891,891,891,891,891,891,891,922,922],"floor_reached":56,"language":"ZHS","playtime":2792,"items_purged":["Strike_G","Defend_G","Defend_G","Defend_G","Defend_G","Strike_G","Strike_G","Strike_G","Strike_G","Tools of the Trade+1","AT_MyraUnstableElement+1","Grand Finale+1"],"score":2251,"play_id":"2ee72fe0-3b85-4be1-b050-1c3dc59d7bcb","local_time":"20210210150247","is_ascension_mode":true,"campfire_choices":[{"floor":10,"key":"RECALL"},{"floor":15,"key":"REST"},{"data":"Dramatic Entrance","floor":23,"key":"SMITH"},{"data":"Dagger Spray","floor":25,"key":"SMITH"},{"data":"Escape Plan","floor":28,"key":"SMITH"},{"data":"Finisher","floor":32,"key":"SMITH"},{"data":"Quick Slash","floor":42,"key":"SMITH"},{"data":"Slice","floor":49,"key":"SMITH"},{"data":"Dagger Spray","floor":52,"key":"SMITH"}],"circlet_count":0,"master_deck":["AscendersBane","Survivor","Neutralize","AT_MachinaRedman+1","Endless Agony","Dagger Throw","Dramatic Entrance+1","Dagger Spray+1","Deflect","Escape Plan+1","Flying Knee+1","Escape Plan+1","Flying Knee","Cloak And Dagger+1","Endless Agony","Finisher+1","Sucker Punch","Backflip+1","Outmaneuver+1","AT_KneejerkReflex+1","AT_KneejerkReflex+1","Setup+1","Adrenaline+1","Tools of the Trade+1","Backflip+1","Slice+1","Quick Slash+1","Finesse+1","AT_ThistleTea+1","Dagger Spray+1","Backflip+1","Endless Agony+1","Backstab+1","Tactician+1","AT_ShadowStep+1","Masterful Stab+1","Concentrate+1","Dagger Spray+1","Flying Knee+1","AT_Desolate+1","AT_BreakingExtremeWeapon+1","Endless Agony+1","Dark Shackles+1","Deflect+1","Dagger Spray+1","AT_ShadowStep+1","Tactician+1","Backflip+1","Backflip+1","Dagger Spray+1","Dagger Spray+1","Bandage Up+1","Sadistic Nature+1","Backflip+1","Riddle With Holes+1"],"relics":["Ring of the Snake","AT_ATBox","Mercury Hourglass","TwistedFunnel","Bag of Preparation","WingedGreaves","Frozen Egg 2","AT_SunfireAegis","Orrery","MealTicket","Toxic Egg 2","AT_BladeRuinedKing","EctoplasmExtend","Eternal Feather","Bird Faced Urn","Strange Spoon","AT_EbonyIvory","Omamori","TheAbacus","AT_RedTearstoneRing","AT_BellowingDragoncrestRing","Toolbox","Molten Egg 2","Ancient Tea Set","Ginger","Anchor","War Paint","Chemical X","AT_PhaseBoots","Lantern","AT_TrinityForce","Letter Opener","Orichalcum","Sling","Potion Belt","Frozen Eye","AT_ChloranthyRing","HandDrill","Bottled Flame","Happy Flower","AT_TimeSand","Snake Skull","Bronze Scales","Pantograph","Lee\u0027s Waffle","Whetstone","Lizard Tail","ClockworkSouvenir","Pen Nib"],"acts_visited":["Exordium","TheCity","TheBeyond","TheEnding"],"potions_floor_usage":[],"damage_taken":[{"damage":0,"enemies":"Small Slimes","floor":1,"turns":2},{"damage":16,"enemies":"Lagavulin","floor":6,"turns":3},{"damage":0,"enemies":"3 Sentries","floor":8,"turns":2},{"damage":0,"enemies":"2 Louse","floor":11,"turns":1},{"damage":8,"enemies":"Jaw Worm","floor":13,"turns":2},{"damage":15,"enemies":"Hexaghost","floor":16,"turns":3},{"damage":0,"enemies":"3 Byrds","floor":18,"turns":2},{"damage":20,"enemies":"Book of Stabbing","floor":24,"turns":2},{"damage":7,"enemies":"Gremlin Leader","floor":27,"turns":1},{"damage":0,"enemies":"Book of Stabbing","floor":29,"turns":1},{"damage":0,"enemies":"Champ","floor":33,"turns":2},{"damage":3,"enemies":"Orb Walker","floor":35,"turns":1},{"damage":0,"enemies":"3 Shapes","floor":38,"turns":1},{"damage":0,"enemies":"Nemesis","floor":40,"turns":1},{"damage":0,"enemies":"Reptomancer","floor":44,"turns":1},{"damage":0,"enemies":"Writhing Mass","floor":45,"turns":1},{"damage":0,"enemies":"Time Eater","floor":50,"turns":3},{"damage":0,"enemies":"Shield and Spear","floor":54,"turns":2},{"damage":14,"enemies":"The Heart","floor":55,"turns":3}],"seed_played":"-4117855058397802661","potions_obtained":[{"floor":8,"key":"GhostInAJar"},{"floor":11,"key":"Strength Potion"},{"floor":33,"key":"AttackPotion"}],"is_trial":false,"path_per_floor":["M","?","$","?","$","E","?","E","T","R","M","?","M","T","R","B",null,"M","$","$","?","$","R","E","R","T","E","R","E","$","?","R","B",null,"M","$","$","M","$","E","?","R","T","E","M","?","T","$","R","B",null,"R","$","E","B",null],"character_chosen":"THE_SILENT","items_purchased":["Mercury Hourglass","TwistedFunnel","Bag of Preparation","Dramatic Entrance","Dagger Spray","Deflect","Escape Plan","Flying Knee","Frozen Egg 2","AT_SunfireAegis","Escape Plan","Orrery","Eternal Feather","Bird Faced Urn","Strange Spoon","Slice","Quick Slash","AT_EbonyIvory","Finesse+1","Omamori","TheAbacus","AT_ThistleTea+1","AT_RedTearstoneRing","AT_BellowingDragoncrestRing","Toolbox","Backflip+1","Endless Agony","War Paint","Chemical X","AT_SpeedBoots","Masterful Stab+1","Concentrate+1","Letter Opener","Orichalcum","Sling","AT_Desolate+1","AT_BreakingExtremeWeapon+1","Endless Agony+1","Potion Belt","Frozen Eye","Energy Potion","Dark Shackles+1","Deflect+1","Magnetism+1","AT_ChloranthyRing","HandDrill","Bottled Flame","Bronze Scales","Pantograph","Lee\u0027s Waffle","Dagger Spray+1","Whetstone","Lizard Tail","ClockworkSouvenir","Bandage Up+1","Sadistic Nature+1","Backflip+1"],"campfire_rested":1,"item_purchase_floors":[3,3,3,3,3,3,3,3,5,5,5,5,19,19,19,20,20,20,20,20,20,20,22,22,22,22,22,30,30,30,30,30,36,36,36,36,36,36,37,37,37,37,37,37,39,39,39,48,48,48,48,53,53,53,53,53,53],"current_hp_per_floor":[63,63,63,56,56,40,33,33,33,33,33,19,11,11,32,17,57,57,70,70,70,70,70,52,70,70,63,70,70,70,70,70,70,70,67,70,70,70,70,70,70,70,70,70,70,70,70,77,77,77,77,77,77,77,67],"gold":922,"neow_bonus":"REMOVE_CARD","is_daily":false,"chose_seed":false,"campfire_upgraded":7,"win_rate":0.0,"timestamp":1612940567,"path_taken":["M","?","$","?","$","E","?","E","T","R","M","?","?","?","R","BOSS","M","$","$","?","$","R","E","R","T","E","R","E","$","?","R","BOSS","M","$","$","M","$","E","?","R","T","E","M","?","?","$","R","BOSS","R","$","E","BOSS"],"items_purchased_type":["Relic","Relic","Relic","Card","Card","Card","Card","Card","Relic","Relic","Card","Relic","Relic","Relic","Relic","Card","Card","Relic","Card","Relic","Relic","Card","Relic","Relic","Relic","Card","Card","Relic","Relic","Relic","Card","Card","Relic","Relic","Relic","Card","Card","Card","Relic","Relic","Potion","Card","Card","Card","Relic","Relic","Relic","Relic","Relic","Relic","Card","Relic","Relic","Relic","Card","Card","Card"],"build_version":"2020-12-22","purchased_purges":12,"victory":true,"max_hp_per_floor":[70,70,70,70,70,70,70,70,70,70,70,70,70,70,70,70,70,70,70,70,70,70,70,70,70,70,70,70,70,70,70,70,70,70,70,70,70,70,70,70,70,70,70,70,70,70,70,77,77,77,77,77,77,77,77],"relic_stats":{"Lee\u0027s Waffle":7,"Happy Flower":[3],"counters":[19,34],"Eternal Feather":25,"Snake Skull":[5],"Pen Nib":[1],"Bag of Preparation":[23],"Ginger":[2],"Letter Opener":[40],"Whetstone":["Endless Agony","Flying Knee"],"War Paint":["Backflip","Cloak And Dagger"],"Orichalcum":[6],"Mercury Hourglass":[135],"Strange Spoon":[34],"Lizard Tail":0,"TheAbacus":[6],"Bird Faced Urn":[6],"Bronze Scales":[54],"Pantograph":0,"MealTicket":16,"HandDrill":[16],"Chemical X":[1],"obtain_stats":[{"TwistedFunnel":3,"AT_ATBox":0,"AT_TimeSand":43,"Ginger":27,"Whetstone":53,"Sling":36,"Lizard Tail":53,"MealTicket":6,"HandDrill":39,"Toxic Egg 2":8,"AT_RedTearstoneRing":22,"EctoplasmExtend":17,"Happy Flower":40,"Eternal Feather":19,"AT_EbonyIvory":20,"Pen Nib":54,"AT_PhaseBoots":55,"Letter Opener":36,"War Paint":30,"AT_SpeedBoots":30,"Bottled Flame":39,"Bird Faced Urn":19,"Bronze Scales":48,"Molten Egg 2":24,"Lantern":33,"Snake Skull":44,"Bag of Preparation":3,"Ancient Tea Set":26,"ClockworkSouvenir":53,"Frozen Eye":37,"TheAbacus":20,"Pantograph":48,"Toolbox":22,"AT_TrinityForce":34,"WingedGreaves":4,"Chemical X":30,"Ring of the Snake":0,"Potion Belt":37,"AT_ChloranthyRing":39,"Lee\u0027s Waffle":48,"AT_BladeRuinedKing":14,"Omamori":20,"Frozen Egg 2":5,"Orichalcum":36,"Mercury Hourglass":3,"Strange Spoon":19,"Anchor":29,"AT_BellowingDragoncrestRing":22,"Orrery":5,"AT_SunfireAegis":5},{"TwistedFunnel":1,"AT_ATBox":0,"AT_TimeSand":14,"Ginger":9,"Whetstone":17,"Sling":12,"Lizard Tail":17,"MealTicket":2,"HandDrill":13,"Toxic Egg 2":3,"AT_RedTearstoneRing":7,"EctoplasmExtend":6,"Happy Flower":14,"Eternal Feather":7,"AT_EbonyIvory":7,"Pen Nib":18,"AT_PhaseBoots":19,"Letter Opener":12,"War Paint":10,"AT_SpeedBoots":10,"Bottled Flame":13,"Bird Faced Urn":7,"Bronze Scales":16,"Molten Egg 2":8,"Lantern":11,"Snake Skull":15,"Bag of Preparation":1,"Ancient Tea Set":8,"ClockworkSouvenir":17,"Frozen Eye":12,"TheAbacus":7,"Pantograph":16,"Toolbox":7,"AT_TrinityForce":11,"WingedGreaves":1,"Chemical X":10,"Ring of the Snake":0,"Potion Belt":12,"AT_ChloranthyRing":13,"Lee\u0027s Waffle":16,"AT_BladeRuinedKing":5,"Omamori":7,"Frozen Egg 2":1,"Orichalcum":12,"Mercury Hourglass":1,"Strange Spoon":7,"Anchor":10,"AT_BellowingDragoncrestRing":7,"Orrery":1,"AT_SunfireAegis":1},{"TwistedFunnel":2,"AT_ATBox":0,"AT_TimeSand":24,"Ginger":18,"Whetstone":29,"Sling":22,"Lizard Tail":29,"MealTicket":5,"HandDrill":23,"Toxic Egg 2":7,"AT_RedTearstoneRing":15,"EctoplasmExtend":13,"Happy Flower":24,"Eternal Feather":15,"AT_EbonyIvory":15,"Pen Nib":31,"AT_PhaseBoots":33,"Letter Opener":22,"War Paint":19,"AT_SpeedBoots":19,"Bottled Flame":23,"Bird Faced Urn":15,"Bronze Scales":26,"Molten Egg 2":17,"Lantern":21,"Snake Skull":25,"Bag of Preparation":2,"Ancient Tea Set":17,"ClockworkSouvenir":29,"Frozen Eye":22,"TheAbacus":15,"Pantograph":26,"Toolbox":15,"AT_TrinityForce":21,"WingedGreaves":2,"Chemical X":19,"Ring of the Snake":0,"Potion Belt":22,"AT_ChloranthyRing":23,"Lee\u0027s Waffle":26,"AT_BladeRuinedKing":10,"Omamori":15,"Frozen Egg 2":2,"Orichalcum":22,"Mercury Hourglass":2,"Strange Spoon":15,"Anchor":19,"AT_BellowingDragoncrestRing":15,"Orrery":2,"AT_SunfireAegis":2}],"Ring of the Snake":[39]},"card_choices":[{"not_picked":["Prepared","Escape Plan"],"picked":"Endless Agony","floor":1},{"not_picked":["All Out Attack","Poisoned Stab"],"picked":"Dagger Throw","floor":1},{"not_picked":["Footwork+1","Catalyst"],"picked":"Flying Knee","floor":5},{"not_picked":["Dodge and Roll","AT_WomanClash"],"picked":"Cloak And Dagger","floor":5},{"not_picked":["Terror","Storm of Steel"],"picked":"Endless Agony","floor":5},{"not_picked":["Caltrops+1","Prepared"],"picked":"Finisher","floor":5},{"not_picked":["Eviscerate","Heel Hook"],"picked":"Sucker Punch","floor":5},{"not_picked":["Acrobatics","Bane"],"picked":"Backflip","floor":6},{"not_picked":["Prepared+1","Eviscerate"],"picked":"Outmaneuver+1","floor":8},{"not_picked":["Flying Knee","AT_WindRun+1"],"picked":"AT_KneejerkReflex+1","floor":11},{"not_picked":["Prepared+1","Bouncing Flask+1"],"picked":"AT_KneejerkReflex+1","floor":11},{"not_picked":["Expertise+1","Bane"],"picked":"Setup+1","floor":13},{"not_picked":["Acrobatics+1","Dagger Throw","After Image+1"],"picked":"SKIP","floor":13},{"not_picked":["Night Terror+1","Wraith Form v2+1"],"picked":"Adrenaline+1","floor":16},{"not_picked":["Night Terror+1","Corpse Explosion+1"],"picked":"Tools of the Trade+1","floor":16},{"not_picked":["Envenom+1","Doppelganger+1"],"picked":"Tools of the Trade+1","floor":16},{"not_picked":["Deadly Poison+1","Endless Agony"],"picked":"Backflip+1","floor":18},{"not_picked":["Predator","Flechettes+1","AT_WomanClash+1"],"picked":"SKIP","floor":18},{"not_picked":["Outmaneuver+1","AT_FocusSwordFire+1"],"picked":"Backstab+1","floor":24},{"not_picked":["Eviscerate+1","Deadly Poison+1"],"picked":"Tactician+1","floor":27},{"not_picked":["Deadly Poison+1","Tactician+1"],"picked":"AT_ShadowStep+1","floor":29},{"not_picked":["Envenom+1","AT_EssenceShift+1"],"picked":"AT_MyraUnstableElement+1","floor":33},{"not_picked":["Corpse Explosion+1","Envenom+1"],"picked":"Grand Finale+1","floor":33},{"not_picked":["Cloak And Dagger+1","Prepared+1"],"picked":"Dagger Spray+1","floor":35},{"not_picked":["Underhanded Strike+1","Dagger Throw+1"],"picked":"Flying Knee+1","floor":35},{"not_picked":["Dagger Throw+1","Doppelganger+1"],"picked":"Dagger Spray+1","floor":38},{"not_picked":["Eviscerate+1","Reflex+1"],"picked":"AT_ShadowStep+1","floor":38},{"not_picked":["Bane+1","Quick Slash+1"],"picked":"Tactician+1","floor":40},{"not_picked":["AT_KneejerkReflex+1","Tactician+1"],"picked":"Backflip+1","floor":44},{"not_picked":["AT_TinkerSharpsword+1","Distraction+1"],"picked":"Backflip+1","floor":45},{"not_picked":["Prepared+1","Bane+1"],"picked":"Dagger Spray+1","floor":45},{"not_picked":["All Out Attack+1","Acrobatics+1"],"picked":"Riddle With Holes+1","floor":54}],"player_experience":81576,"relics_obtained":[{"floor":6,"key":"MealTicket"},{"floor":8,"key":"Toxic Egg 2"},{"floor":14,"key":"AT_BladeRuinedKing"},{"floor":24,"key":"Molten Egg 2"},{"floor":26,"key":"Ancient Tea Set"},{"floor":27,"key":"Ginger"},{"floor":29,"key":"Anchor"},{"floor":33,"key":"Lantern"},{"floor":40,"key":"Happy Flower"},{"floor":43,"key":"AT_TimeSand"},{"floor":44,"key":"Snake Skull"},{"floor":54,"key":"Pen Nib"}],"event_choices":[{"damage_healed":0,"gold_gain":175,"player_choice":"AGREE","damage_taken":0,"max_hp_gain":0,"max_hp_loss":0,"event_name":"Liars Game","floor":2,"gold_loss":0,"cards_obtained":["Doubt"]},{"damage_healed":0,"gold_gain":0,"player_choice":"Success","damage_taken":7,"relics_obtained":["WingedGreaves"],"max_hp_gain":0,"max_hp_loss":0,"event_name":"Scrap Ooze","floor":4,"gold_loss":0},{"cards_removed":["Doubt"],"damage_healed":0,"gold_gain":0,"player_choice":"Card Removal","damage_taken":7,"max_hp_gain":0,"max_hp_loss":0,"event_name":"Golden Wing","floor":7,"gold_loss":0},{"damage_healed":0,"gold_gain":0,"player_choice":"Entered Light","damage_taken":14,"max_hp_gain":0,"max_hp_loss":0,"event_name":"Shining Light","floor":12,"gold_loss":0,"cards_upgraded":["AT_MachinaRedman","Escape Plan"]},{"damage_healed":0,"gold_gain":0,"player_choice":"Read","damage_taken":0,"max_hp_gain":0,"max_hp_loss":0,"event_name":"The Library","floor":21,"gold_loss":0,"cards_obtained":["Dagger Spray"]},{"damage_healed":0,"gold_gain":0,"player_choice":"Ignored","damage_taken":0,"max_hp_gain":0,"max_hp_loss":0,"event_name":"Beggar","floor":31,"gold_loss":0},{"damage_healed":0,"gold_gain":0,"player_choice":"Ignored","damage_taken":0,"max_hp_gain":0,"max_hp_loss":0,"event_name":"OrinTheCat","floor":41,"gold_loss":0},{"cards_removed":["Magnetism"],"damage_healed":0,"gold_gain":0,"player_choice":"Removed Power","damage_taken":0,"max_hp_gain":0,"max_hp_loss":0,"event_name":"Falling","floor":46,"gold_loss":0}],"is_beta":false,"boss_relics":[{"not_picked":["SlaversCollar","Black Star"],"picked":"EctoplasmExtend"},{"not_picked":["Ring of the Serpent","Runic Pyramid"],"picked":"AT_TrinityForce"}],"items_purged_floors":[3,3,3,3,3,3,3,3,3,19,36,36],"is_endless":false,"potions_floor_spawned":[6,8,11,13,16,29,33,40],"ascension_level":10}}