{"host":"36t3qd3wjvajtu1z","time":1612947975,"event":{"mods":["2.2 Compatiblity","AchievementEnabler","BaseMod","Bestiary","Block Reminder","Colored Powertips","Curses Come First","Highlight Path","Minty Spire (QoL Compilation)","Permanent Neow","Quick Restart","Random Character Button","Rare Cards Sparkle","Relic Stats","Slay-I","StSLib","Unknown Chances"],"gold_per_floor":[118,130,130,144,175,175,200,200,200,31,31,80,80,96,96,188,188,224,240,240,56,56,56,56,114,114,114,114,14,30,80,80,152,202,213,1212,1212,1212,1228,1228,1260,1260,1315,1324,1324],"floor_reached":44,"language":"ENG","playtime":3059,"items_purged":["Pain","Decay"],"score":909,"play_id":"6d08365e-c87d-4c52-a93e-137c642e07bc","local_time":"20210210010615","is_ascension_mode":true,"campfire_choices":[{"data":"Magnetism","floor":6.0,"key":"SMITH"},{"floor":11.0,"key":"REST"},{"floor":13.0,"key":"REST"},{"floor":15.0,"key":"REST"},{"floor":23.0,"key":"REST"},{"floor":24.0,"key":"REST"},{"data":"Transmutation","floor":28.0,"key":"SMITH"},{"floor":32.0,"key":"REST"},{"floor":40.0,"key":"REST"},{"floor":42.0,"key":"REST"}],"circlet_count":0,"master_deck":["AscendersBane","Strike_G","Strike_G","Defend_G","Defend_G","Defend_G","Defend_G","Defend_G","Survivor","Neutralize","Magnetism+1","Heel Hook","Leg Sweep","Poisoned Stab","Endless Agony","Eviscerate","FollowUp","Consecrate","Transmutation+1","Ball Lightning","Shockwave","Acrobatics+1","Masterful Stab","Backstab","Conclude","Sadistic Nature","Hologram","Normality","Normality","Dual Wield+1","PanicButton","Parasite"],"relics":["Ring of the Snake","Mercury Hourglass","Turnip","PrismaticShard","WingedGreaves","Philosopher\u0027s Stone","WarpedTongs","Matryoshka","Tiny House","Bottled Tornado","CeramicFish","Potion Belt"],"acts_visited":["Exordium","TheCity","TheBeyond"],"potions_floor_usage":[],"damage_taken":[{"damage":0.0,"enemies":"Cultist","floor":1.0,"turns":4.0},{"damage":5.0,"enemies":"Small Slimes","floor":2.0,"turns":6.0},{"damage":4.0,"enemies":"2 Louse","floor":4.0,"turns":5.0},{"damage":0.0,"enemies":"Large Slime","floor":5.0,"turns":9.0},{"damage":41.0,"enemies":"Lagavulin","floor":7.0,"turns":13.0},{"damage":19.0,"enemies":"3 Sentries","floor":12.0,"turns":7.0},{"damage":9.0,"enemies":"Exordium Thugs","floor":14.0,"turns":4.0},{"damage":27.0,"enemies":"Slime Boss","floor":16.0,"turns":11.0},{"damage":18.0,"enemies":"Chosen","floor":18.0,"turns":4.0},{"damage":16.0,"enemies":"Shell Parasite","floor":19.0,"turns":6.0},{"damage":2.0,"enemies":"Centurion and Healer","floor":25.0,"turns":5.0},{"damage":13.0,"enemies":"Snake Plant","floor":30.0,"turns":6.0},{"damage":21.0,"enemies":"Champ","floor":33.0,"turns":8.0},{"damage":24.0,"enemies":"3 Darklings","floor":35.0,"turns":4.0},{"damage":19.0,"enemies":"Orb Walker","floor":39.0,"turns":4.0},{"damage":51.0,"enemies":"Reptomancer","floor":41.0,"turns":7.0},{"damage":22,"enemies":"Writhing Mass","floor":44,"turns":5}],"seed_played":"-3931763617204391471","potions_obtained":[{"floor":5.0,"key":"Block Potion"},{"floor":12.0,"key":"Explosive Potion"},{"floor":19.0,"key":"Strength Potion"},{"floor":33.0,"key":"FairyPotion"},{"floor":34.0,"key":"PowerPotion"},{"floor":35.0,"key":"DuplicationPotion"}],"is_trial":false,"path_per_floor":["M","M","?","M","M","R","E","?","T","$","R","E","R","M","R","B",null,"M","M","?","$","?","R","R","M","T","?","R","$","M","?","R","B",null,"M","?","?","?","M","R","E","R","T","M"],"character_chosen":"THE_SILENT","items_purchased":["PrismaticShard","Acrobatics","PowerPotion"],"campfire_rested":8,"item_purchase_floors":[10,21,21],"current_hp_per_floor":[59,54,47,43,43,43,2,2,2,2,20,1,19,10,28,1,45,27,11,11,11,11,29,47,45,45,45,45,45,32,32,50,29,57,33,33,33,33,14,32,5,23,23,1,1],"gold":1324,"neow_bonus":"RANDOM_COLORLESS_2","is_daily":false,"chose_seed":false,"campfire_upgraded":2,"win_rate":0.0,"timestamp":1612947975,"path_taken":["M","M","?","M","M","R","E","?","T","$","R","E","R","M","R","BOSS","M","M","?","$","?","R","R","M","T","?","R","$","M","?","R","BOSS","M","?","?","?","M","R","E","R","T","M"],"items_purchased_type":["Relic","Card","Potion"],"build_version":"2020-12-22","purchased_purges":2,"victory":false,"max_hp_per_floor":[60,60,60,60,60,60,60,60,60,60,60,60,60,60,60,60,60,60,60,60,60,60,60,60,60,60,60,60,60,60,60,60,60,65,65,65,65,62,62,62,62,62,62,62,62],"relic_stats":{"counters":[17,107],"CeramicFish":9,"Turnip":[17],"obtain_stats":[{"Potion Belt":43,"Matryoshka":26,"Tiny House":34,"CeramicFish":43,"Philosopher\u0027s Stone":17,"Turnip":9,"WingedGreaves":12,"Bottled Tornado":41,"PrismaticShard":10,"Ring of the Snake":0,"Mercury Hourglass":7,"WarpedTongs":20},{"Potion Belt":16,"Matryoshka":11,"Tiny House":13,"CeramicFish":16,"Philosopher\u0027s Stone":8,"Turnip":5,"WingedGreaves":6,"Bottled Tornado":16,"PrismaticShard":5,"Ring of the Snake":0,"Mercury Hourglass":5,"WarpedTongs":10},{"Potion Belt":102,"Matryoshka":73,"Tiny House":87,"CeramicFish":102,"Philosopher\u0027s Stone":59,"Turnip":37,"WingedGreaves":44,"Bottled Tornado":102,"PrismaticShard":37,"Ring of the Snake":0,"Mercury Hourglass":37,"WarpedTongs":68}],"Ring of the Snake":[34],"Mercury Hourglass":[300],"WarpedTongs":[39]},"card_choices":[{"not_picked":["Thinking Ahead","Secret Technique"],"picked":"Magnetism","floor":0.0},{"not_picked":["Dodge and Roll","Underhanded Strike"],"picked":"Heel Hook","floor":1.0},{"not_picked":["Backflip","Caltrops"],"picked":"Heel Hook","floor":2.0},{"not_picked":["Dodge and Roll","Prepared"],"picked":"Leg Sweep","floor":4.0},{"not_picked":["Cloak And Dagger","Deflect"],"picked":"Poisoned Stab","floor":5.0},{"not_picked":["Night Terror","Reflex"],"picked":"Endless Agony","floor":7.0},{"not_picked":["Streamline","Deflect"],"picked":"FollowUp","floor":12.0},{"not_picked":["Dodge and Roll","Endless Agony"],"picked":"Consecrate","floor":14.0},{"not_picked":["Reaper","Wraith Form v2"],"picked":"Transmutation","floor":16.0},{"not_picked":["FlurryOfBlows","Consecrate"],"picked":"Ball Lightning","floor":18.0},{"not_picked":["Flying Knee","Reflex"],"picked":"Shockwave","floor":19.0},{"not_picked":["Swivel","Poisoned Stab"],"picked":"Conclude","floor":25.0},{"not_picked":["Enlightenment","Deadly Poison+1","Consecrate"],"picked":"SKIP","floor":30.0},{"not_picked":["Unload","After Image"],"picked":"Sadistic Nature","floor":33.0},{"not_picked":["Deadly Poison","InnerPeace"],"picked":"Hologram","floor":34.0},{"not_picked":["Cold Snap","Barrage","Body Slam+1"],"picked":"SKIP","floor":35.0},{"not_picked":["Cold Snap","Barrage","Body Slam+1"],"picked":"SKIP","floor":35.0},{"not_picked":["Dash+1","Deadly Poison+1"],"picked":"Dual Wield+1","floor":39.0},{"not_picked":["Pommel Strike","Halt+1"],"picked":"PanicButton","floor":41.0}],"player_experience":461020,"relics_obtained":[{"floor":7.0,"key":"Mercury Hourglass"},{"floor":9.0,"key":"Turnip"},{"floor":12.0,"key":"WingedGreaves"},{"floor":26.0,"key":"Matryoshka"},{"floor":41.0,"key":"Bottled Tornado"},{"floor":43.0,"key":"CeramicFish"},{"floor":43.0,"key":"Potion Belt"}],"event_choices":[{"cards_removed":["Strike_G"],"damage_healed":0.0,"max_hp_gain":0.0,"max_hp_loss":0.0,"gold_gain":0.0,"event_name":"Golden Wing","player_choice":"Card Removal","floor":3.0,"gold_loss":0.0,"damage_taken":7.0},{"damage_healed":0.0,"max_hp_gain":0.0,"max_hp_loss":0.0,"gold_gain":0.0,"event_name":"Match and Keep!","player_choice":"1 cards matched","floor":8.0,"gold_loss":0.0,"damage_taken":0.0,"cards_obtained":["Eviscerate"]},{"damage_healed":0.0,"max_hp_gain":0.0,"max_hp_loss":0.0,"gold_gain":0.0,"event_name":"Accursed Blacksmith","player_choice":"Rummage","floor":20.0,"gold_loss":0.0,"damage_taken":0.0,"relics_obtained":["WarpedTongs"],"cards_obtained":["Pain"]},{"damage_healed":0.0,"max_hp_gain":0.0,"max_hp_loss":0.0,"gold_gain":0.0,"cards_transformed":["Strike_G","Strike_G"],"event_name":"Drug Dealer","player_choice":"Became Test Subject","floor":22.0,"gold_loss":0.0,"damage_taken":0.0,"cards_obtained":["Masterful Stab","Backstab"]},{"damage_healed":0.0,"max_hp_gain":0.0,"max_hp_loss":0.0,"gold_gain":0.0,"event_name":"Forgotten Altar","player_choice":"Smashed Altar","floor":27.0,"gold_loss":0.0,"damage_taken":0.0,"cards_obtained":["Decay"]},{"damage_healed":0.0,"max_hp_gain":0.0,"max_hp_loss":0.0,"gold_gain":50.0,"event_name":"Nest","player_choice":"Stole From Cult","floor":31.0,"gold_loss":0.0,"damage_taken":0.0},{"damage_healed":0.0,"max_hp_gain":0.0,"max_hp_loss":0.0,"gold_gain":999.0,"event_name":"MindBloom","player_choice":"Gold","floor":36.0,"gold_loss":0.0,"damage_taken":0.0,"cards_obtained":["Normality","Normality"]},{"cards_removed":["Heel Hook"],"damage_healed":0.0,"max_hp_gain":0.0,"max_hp_loss":0.0,"gold_gain":0.0,"event_name":"Falling","player_choice":"Removed Attack","floor":37.0,"gold_loss":0.0,"damage_taken":0.0},{"damage_healed":0.0,"max_hp_gain":0.0,"max_hp_loss":3.0,"gold_gain":0.0,"event_name":"Winding Halls","player_choice":"Max HP","floor":38.0,"gold_loss":0.0,"damage_taken":0.0}],"is_beta":false,"boss_relics":[{"not_picked":["Fusion Hammer","Cursed Key"],"picked":"Philosopher\u0027s Stone"},{"not_picked":["Empty Cage","Snecko Eye"],"picked":"Tiny House"}],"items_purged_floors":[21,29],"is_endless":false,"potions_floor_spawned":[5,12,19,33,35],"killed_by":"Writhing Mass","ascension_level":20}}