{"host":"7ehetwor6je7lmw8","time":1612977155,"event":{"mods":["AchievementEnabler","BaseMod","BetterRewards","Colored Powertips","Custom Start","Infinite Spire","Minty Spire (QoL Compilation)","Quick Restart","Replay The Spire","StSLib","The Jungle"],"gold_per_floor":[99,99,45,45,58,92,92,92,92,121,132,150,170,198,198,303,303,315,315,326,339,353,379,379,181,228,263,116,127,138,167,167,263,263,273,273,273,300,320,320,338,351,374,374,403,304,323,15,15,15,15],"floor_reached":50,"language":"POL","playtime":2801,"items_purged":[],"score":632,"play_id":"0f1a929d-0bf5-460d-a45c-4cd2b88ad9a7","local_time":"20210210181235","daily_mods":["Heirloom","DeadlyEvents"],"is_ascension_mode":false,"campfire_choices":[{"data":"Anger","floor":8,"key":"SMITH"},{"floor":15,"key":"REST"},{"data":"Uppercut","floor":24,"key":"SMITH"},{"floor":32,"key":"REST"},{"data":"Flex","floor":40,"key":"SMITH"},{"floor":44,"key":"REST"}],"circlet_count":0,"master_deck":["Strike_R","Strike_R","Strike_R+1","Strike_R","Defend_R","Defend_R","Defend_R","Defend_R","Bash","Anger+1","Cleave","Thunderclap","Pommel Strike","Clothesline","Second Wind","Barricade","Bludgeon+1","Rage","Iron Wave","True Grit","Perfected Strike+1","Cleave","Uppercut+1","Flex+1","Metallicize","Iron Wave","Ghostly Armor+1","Dual Wield+1","Heavy Blade","Clothesline+1","Flash of Steel","Flex","Perfected Strike+1","Thunderclap","Perfected Strike","Offering","Flex+1","Amnesia","Rage+1","Pommel Strike","Anger","Seeing Red","Warcry+1","Armaments+1","Mayhem+1"],"relics":["Burning Blood","infinitespire:Joker Card","Lantern","Mirror","Shuriken","Mummified Hand","Oddly Smooth Stone","ChewingGum","Whetstone","Orrery","Strawberry","Gremlin Horn","infinitespire:Broken Mirror","Philosopher\u0027s Stone","ReplayTheSpireMod:Ring of Addiction","ReplayTheSpireMod:Ring of Collecting","SacredBark","Chameleon Ring","Pet Ghost","infinitespire:Lucky Rock","Frozen Egg 2","Brimstone","Vajra"],"acts_visited":["Exordium","TheCity","TheBeyond"],"potions_floor_usage":[31,33,33,33,38,38,50,50,50],"damage_taken":[{"damage":7,"enemies":"Small Slimes","floor":1,"turns":5},{"damage":6,"enemies":"2 Louse","floor":5,"turns":2},{"damage":35,"enemies":"Lagavulin","floor":6,"turns":8},{"damage":18,"enemies":"3 Sentries","floor":10,"turns":4},{"damage":0,"enemies":"Cultist","floor":11,"turns":2},{"damage":5,"enemies":"3 Louse","floor":12,"turns":2},{"damage":10,"enemies":"Looter","floor":13,"turns":3},{"damage":13,"enemies":"Replay:BlueRogue","floor":14,"turns":5},{"damage":44,"enemies":"Slime Boss","floor":16,"turns":9},{"damage":14,"enemies":"2 Thieves","floor":18,"turns":4},{"damage":0,"enemies":"Spheric Guardian","floor":20,"turns":3},{"damage":24,"enemies":"Snake Plant","floor":21,"turns":4},{"damage":10,"enemies":"Chosen and Byrds","floor":22,"turns":5},{"damage":16,"enemies":"Replay:Snechameleon","floor":23,"turns":6},{"damage":2,"enemies":"Book of Stabbing","floor":27,"turns":5},{"damage":23,"enemies":"Shelled Parasite and Fungi","floor":29,"turns":4},{"damage":10,"enemies":"Sentry and Sphere","floor":30,"turns":5},{"damage":20,"enemies":"Slavers","floor":31,"turns":2},{"damage":25,"enemies":"Collector","floor":33,"turns":5},{"damage":6,"enemies":"3 Darklings","floor":35,"turns":3},{"damage":42,"enemies":"Nemesis","floor":38,"turns":7},{"damage":15,"enemies":"3 Shapes","floor":39,"turns":1},{"damage":8,"enemies":"3 Darklings","floor":41,"turns":3},{"damage":25,"enemies":"Writhing Mass","floor":42,"turns":4},{"damage":33,"enemies":"Giant Head","floor":45,"turns":6},{"damage":10,"enemies":"Jaw Worm Horde","floor":47,"turns":2},{"damage":19,"enemies":"Time Eater","floor":50,"turns":5}],"seed_played":"-688460189907049291","potions_obtained":[{"floor":11,"key":"SkillPotion"},{"floor":13,"key":"Explosive Potion"},{"floor":16,"key":"Weak Potion"},{"floor":20,"key":"BloodPotion"},{"floor":30,"key":"AttackPotion"},{"floor":31,"key":"Fire Potion"},{"floor":33,"key":"SpeedPotion"},{"floor":37,"key":"Elixir"},{"floor":37,"key":"Block Potion"},{"floor":38,"key":"LiquidBronze"},{"floor":45,"key":"PowerPotion"},{"floor":47,"key":"Strength Potion"}],"is_trial":true,"path_per_floor":["M","?","$","?","M","E","T","R","T","E","M","M","M","E","R","B",null,"M","?","M","M","M","E","R","$","T","E","$","M","M","E","R","B",null,"M","?","?","E","M","R","M","M","T","R","E","$","M","$","R","B"],"character_chosen":"IRONCLAD","items_purchased":["Cleave","Flex","Orrery","Flash of Steel","Flex","BlessingOfTheForge","Block Potion","Brimstone","Vajra"],"campfire_rested":3,"item_purchase_floors":[3,25,25,28,28,46,46,48,48],"current_hp_per_floor":[79,79,79,79,79,50,50,50,50,38,44,45,41,34,58,20,80,72,72,78,60,56,46,46,46,53,57,57,40,36,39,65,46,87,87,87,87,51,42,42,40,21,21,46,19,19,15,15,15,0,0],"gold":15,"neow_bonus":"","is_daily":false,"chose_seed":false,"campfire_upgraded":3,"win_rate":0.0,"timestamp":1612977155,"path_taken":["M","?","$","?","?","E","?","R","T","?","?","M","M","?","R","BOSS","M","?","M","M","M","E","R","$","T","?","?","M","?","?","R","BOSS","M","?","?","?","M","R","M","M","T","R","E","?","M","?","R","BOSS"],"items_purchased_type":["Card","Card","Relic","Card","Card","Potion","Potion","Relic","Relic"],"build_version":"2020-12-22","purchased_purges":0,"victory":false,"max_hp_per_floor":[80,80,80,80,80,80,80,80,80,80,80,80,80,80,80,80,80,80,80,80,80,80,80,80,80,87,87,87,87,87,87,87,87,87,87,87,87,87,87,87,87,85,85,85,83,83,83,81,81,81,81],"card_choices":[{"not_picked":["Rupture","Shockwave"],"picked":"Anger","floor":1},{"not_picked":["Anger","Body Slam","Sword Boomerang"],"picked":"SKIP","floor":5},{"not_picked":["Hemokinesis","Headbutt"],"picked":"Thunderclap","floor":6},{"not_picked":["Twin Strike","ReplayTheSpireMod:Corrosion Curse"],"picked":"Pommel Strike","floor":10},{"not_picked":["Twin Strike","Run Through"],"picked":"Clothesline","floor":11},{"not_picked":["Clothesline","Reckless Charge"],"picked":"Second Wind","floor":12},{"not_picked":["Blood for Blood","Wild Strike"],"picked":"Power Through","floor":13},{"not_picked":["Run Through","Headbutt"],"picked":"Barricade","floor":14},{"not_picked":["Demonic Infusion","Exhume"],"picked":"Bludgeon","floor":16},{"not_picked":["Wild Strike+1","Havoc"],"picked":"Rage","floor":18},{"not_picked":["ReplayTheSpireMod:Stacked","Run Through"],"picked":"True Grit","floor":20},{"not_picked":["Uppercut","Searing Blow"],"picked":"Perfected Strike+1","floor":21},{"not_picked":["Shockwave","ReplayTheSpireMod:Stacked+1"],"picked":"Cleave","floor":22},{"not_picked":["Juggernaut","Dark Embrace"],"picked":"Uppercut","floor":23},{"not_picked":["Sever Soul","Reckless Charge"],"picked":"Metallicize","floor":25},{"not_picked":["ReplayReversal","Wild Strike+1"],"picked":"Iron Wave","floor":25},{"not_picked":["ReplayTheSpireMod:LeadingStrike+1","Wild Strike"],"picked":"Ghostly Armor+1","floor":25},{"not_picked":["Replay:Undeath\u0027s Touch+1","Wild Strike"],"picked":"Dual Wield+1","floor":25},{"not_picked":["Armaments","Flex"],"picked":"Heavy Blade","floor":25},{"not_picked":["Dark Embrace+1","Iron Wave"],"picked":"Clothesline+1","floor":27},{"not_picked":["True Grit","Cleave"],"picked":"Perfected Strike+1","floor":29},{"not_picked":["Twin Strike","Havoc+1"],"picked":"Thunderclap","floor":30},{"not_picked":["Reckless Charge","Iron Wave"],"picked":"Perfected Strike","floor":31},{"not_picked":["Demonic Infusion","Impervious"],"picked":"Offering","floor":33},{"not_picked":["Evolve","Life Link"],"picked":"Flex+1","floor":35},{"not_picked":["Run Through+1","Headbutt+1"],"picked":"Rage+1","floor":38},{"not_picked":["Uppercut","Heavy Blade+1"],"picked":"Pommel Strike","floor":39},{"not_picked":["Sword Boomerang+1","Hemogenesis"],"picked":"Anger","floor":41},{"not_picked":["Heavy Blade","Massacre+1"],"picked":"Seeing Red","floor":42},{"not_picked":["Sword Boomerang+1","Cleave"],"picked":"Warcry+1","floor":45},{"not_picked":["Shockwave","Perfected Strike+1"],"picked":"Armaments+1","floor":47},{"not_picked":["Panacea","Poisoned Strike"],"picked":"Mayhem+1","floor":49}],"player_experience":54881,"relics_obtained":[{"floor":6,"key":"Lantern"},{"floor":7,"key":"Mirror"},{"floor":9,"key":"Shuriken"},{"floor":10,"key":"Mummified Hand"},{"floor":14,"key":"Oddly Smooth Stone"},{"floor":23,"key":"Whetstone"},{"floor":26,"key":"Strawberry"},{"floor":27,"key":"Gremlin Horn"},{"floor":31,"key":"infinitespire:Broken Mirror"},{"floor":37,"key":"ReplayTheSpireMod:Ring of Addiction"},{"floor":37,"key":"ReplayTheSpireMod:Ring of Collecting"},{"floor":37,"key":"SacredBark"},{"floor":37,"key":"Chameleon Ring"},{"floor":38,"key":"Pet Ghost"},{"floor":43,"key":"infinitespire:Lucky Rock"},{"floor":45,"key":"Frozen Egg 2"}],"event_choices":[{"cards_removed":["Strike_R"],"damage_healed":0,"gold_gain":0,"player_choice":"Purged","damage_taken":0,"max_hp_gain":0,"max_hp_loss":0,"event_name":"Purifier","floor":4,"gold_loss":0},{"cards_removed":["Power Through"],"damage_healed":0,"gold_gain":0,"player_choice":"Took Card","damage_taken":0,"max_hp_gain":0,"max_hp_loss":0,"event_name":"NoteForYourself","floor":19,"gold_loss":0,"cards_obtained":["Iron Wave"]},{"damage_healed":0,"gold_gain":0,"player_choice":"Memory 1","damage_taken":0,"max_hp_gain":0,"max_hp_loss":0,"event_name":"SensoryStone","floor":49,"gold_loss":0}],"is_beta":false,"boss_relics":[{"not_picked":["infinitespire:Burning Sword","Kintsugi"],"picked":"ChewingGum"},{"not_picked":["infinitespire:Cupcake","ReplayTheSpireMod:SealedPack"],"picked":"Philosopher\u0027s Stone"}],"items_purged_floors":[],"is_endless":false,"potions_floor_spawned":[1,11,13,16,20,23,30,31,33,38,45,47],"killed_by":"Time Eater","ascension_level":0}}