{"host":"9viy3memdfgcf4vy","time":1612988714,"event":{"mods":["BaseMod","Colored Map","Downfall","Minty Spire (QoL Compilation)","StSLib"],"gold_per_floor":[99,109,109,109,44,44,44,57,91,91,108,108,8,8,28,129,129,129,129,214,214,101,90,136,167,184,211,235,248,283,43,54,158,158,58,73,86,100,100,100,181,199,149,178,78,92,92,92,108,108,108,108],"floor_reached":50,"language":"ENG","playtime":7353,"items_purged":["Regret","downfall:Bewildered","bronze:Strike","bronze:Strike"],"score":770,"play_id":"1acea627-284d-48f5-b9f5-79bb077c7b26","local_time":"20210210222514","is_ascension_mode":true,"campfire_choices":[{"data":"bronze:InfiniteLoop","floor":1,"key":"SMITH"},{"data":"bronze:Goto","floor":6,"key":"SMITH"},{"floor":10,"key":"RECALL"},{"floor":13,"key":"REST"},{"data":"bronze:Format","floor":18,"key":"SMITH"},{"data":"bronze:HardenedForm","floor":35,"key":"SMITH"},{"data":"bronze:Deprecate","floor":45,"key":"SMITH"},{"data":"bronze:Iterate","floor":47,"key":"SMITH"}],"circlet_count":0,"master_deck":["bronze:Strike","bronze:Strike","bronze:Defend","bronze:Defend","bronze:Defend","bronze:Replicate","bronze:Goto+1","bronze:InfiniteLoop+1","bronze:ChosenStrike","bronze:Repair+1","bronze:DelayedSlice+1","bronze:InfiniteLoop","bronze:Invalidate+1","bronze:Spike","bronze:Format+1","bronze:Iterate+1","bronze:Deprecate+1","bronze:Shell+1","bronze:HardenedForm+1","bronze:Philosophize+1","bronze:FollowUp+1","bronze:FollowUp+1"],"relics":["bronze:BronzeCore","Smiling Mask","downfall:ShatteredFragment","Anchor","InkBottle","downfall:HeartBlessingRed","Question Card","Sozu","sneckomod:BabySnecko","bronze:BottledCode","Chemical X","Lantern","bronze:CableSpool","Shovel","Pen Nib","Bottled Lightning","bronze:DecasWashers","Philosopher\u0027s Stone","downfall:HeartBlessingGreen","Kunai","Omamori","downfall:HeartBlessingBlue"],"acts_visited":["Exordium","TheCity","TheBeyond"],"potions_floor_usage":[16,50],"damage_taken":[{"damage":0,"enemies":"Jaw Worm","floor":2,"turns":3},{"damage":7,"enemies":"downfall:FleeingMerchant","floor":5,"turns":4},{"damage":0,"enemies":"2 Louse","floor":8,"turns":4},{"damage":15,"enemies":"3 Sentries","floor":9,"turns":5},{"damage":0,"enemies":"Small Slimes","floor":11,"turns":2},{"damage":9,"enemies":"Small Slimes","floor":12,"turns":5},{"damage":0,"enemies":"3 Louse","floor":15,"turns":1},{"damage":39,"enemies":"IC_STATUS_ARCHETYPE","floor":16,"turns":5},{"damage":2,"enemies":"downfall:FleeingMerchant","floor":22,"turns":4},{"damage":10,"enemies":"downfall:FleeingMerchant","floor":23,"turns":4},{"damage":1,"enemies":"Book of Stabbing","floor":25,"turns":3},{"damage":0,"enemies":"Shell Parasite","floor":26,"turns":1},{"damage":9,"enemies":"Slavers","floor":27,"turns":3},{"damage":0,"enemies":"Snake Plant","floor":29,"turns":3},{"damage":0,"enemies":"Book of Stabbing","floor":30,"turns":3},{"damage":2,"enemies":"Chosen and Byrds","floor":32,"turns":2},{"damage":1,"enemies":"SI_MIRROR_ARCHETYPE","floor":33,"turns":4},{"damage":2,"enemies":"3 Shapes","floor":36,"turns":3},{"damage":0,"enemies":"3 Darklings","floor":37,"turns":2},{"damage":1,"enemies":"4 Shapes","floor":38,"turns":4},{"damage":0,"enemies":"Transient","floor":42,"turns":5},{"damage":0,"enemies":"Reptomancer","floor":44,"turns":3},{"damage":0,"enemies":"Writhing Mass","floor":46,"turns":3},{"damage":0,"enemies":"Sphere and 2 Shapes","floor":49,"turns":2},{"damage":66,"enemies":"WA_ARCHETYPE_DIVINITY","floor":50,"turns":3}],"seed_played":"-1065230065280357730","potions_obtained":[{"floor":8,"key":"BlessingOfTheForge"},{"floor":11,"key":"FearPotion"},{"floor":12,"key":"bronze:FreeFunctionsPotion"}],"is_trial":false,"path_per_floor":["R","M","?","?","$","R","T","M","E","R","M","?","R","T","M","B",null,"R","?","?","?","$","$","T","E","M","E","T","M","E","$","M","B",null,"R","M","M","M","?","?","T","M","$","E","R","M","R","?","M","B"],"character_chosen":"THE_AUTOMATON","items_purchased":["bronze:Iterate","Chemical X","Lantern","bronze:DecasWashers"],"campfire_rested":1,"item_purchase_floors":[22,23,23,31],"current_hp_per_floor":[63,63,63,42,35,35,35,42,34,34,34,32,50,50,50,18,52,52,52,38,38,43,40,40,46,46,44,44,51,53,53,53,52,53,53,51,53,52,52,52,52,53,53,53,63,63,63,63,63,0,0,0],"gold":108,"neow_bonus":"THREE_RARE_CARDS","is_daily":false,"chose_seed":false,"campfire_upgraded":6,"win_rate":0.0,"timestamp":1612988714,"path_taken":["R","M","?","?","$","R","T","M","E","R","M","?","R","?","M","BOSS","R","?","?","?","?","$","T","E","?","E","?","?","E","?","M","BOSS","R","M","M","M","?","?","T","M","$","E","R","?","R","?","M","BOSS"],"items_purchased_type":["Card","Relic","Relic","Relic"],"build_version":"2020-12-22","purchased_purges":4,"victory":false,"max_hp_per_floor":[63,63,63,63,63,63,63,63,63,63,63,63,63,63,63,63,63,63,63,63,53,53,53,53,53,53,53,53,53,53,53,53,53,53,53,53,53,53,53,53,53,53,53,53,63,63,63,63,63,63,63,63],"card_choices":[{"not_picked":["bronze:Library","bronze:Mutator"],"picked":"bronze:InfiniteLoop","floor":0},{"not_picked":["bronze:BugBarrage","bronze:Invalidate"],"picked":"bronze:ChosenStrike","floor":2},{"not_picked":["bronze:Separator","bronze:Flail"],"picked":"bronze:Repair","floor":5},{"not_picked":["bronze:ForLoop","bronze:OilSpill"],"picked":"bronze:DelayedSlice","floor":8},{"not_picked":["bronze:Overheat","bronze:Optimize"],"picked":"bronze:InfiniteLoop","floor":9},{"not_picked":["bronze:Shield","bronze:OilSpill"],"picked":"bronze:Invalidate","floor":11},{"not_picked":[],"picked":"bronze:Spike","floor":12},{"not_picked":["bronze:Optimize","bronze:Shield","bronze:ClassDefault","bronze:CutThrough"],"picked":"SKIP","floor":15},{"not_picked":["bronze:ThunderWave","bronze:BurnOut","bronze:CleanCode"],"picked":"bronze:Format","floor":16},{"not_picked":["bronze:Overheat","bronze:DelayedSlice+1","bronze:Branch","bronze:Invalidate+1"],"picked":"SKIP","floor":22},{"not_picked":["bronze:Invalidate","bronze:Branch+1","bronze:ChildClass"],"picked":"bronze:Deprecate","floor":23},{"not_picked":["bronze:WildBeam+1","bronze:BugBarrage","bronze:NullPointer","bronze:Branch"],"picked":"SKIP","floor":25},{"not_picked":["bronze:ForceShield","bronze:BuggyMess","bronze:BronzeArmor+1","bronze:Deprecate"],"picked":"SKIP","floor":26},{"not_picked":["bronze:Invalidate","bronze:CloningBeam+1","bronze:Flail","bronze:Library"],"picked":"SKIP","floor":27},{"not_picked":["bronze:CloningBeam","bronze:CutThrough+1","bronze:Iterate","bronze:Constructor"],"picked":"SKIP","floor":29},{"not_picked":["bronze:Separator","bronze:DarkDash","bronze:Iterate"],"picked":"bronze:Shell+1","floor":30},{"not_picked":["bronze:Repulsor","bronze:DigitalCarnage","bronze:WhirlingStrike","bronze:Frontload"],"picked":"SKIP","floor":32},{"not_picked":["bronze:HyperBeam","bronze:Break","bronze:InfiniteLoop"],"picked":"bronze:HardenedForm","floor":33},{"not_picked":["bronze:BronzeOrb","bronze:GetLatest+1","bronze:Constructor"],"picked":"bronze:Philosophize+1","floor":36},{"not_picked":["bronze:Boost+1","bronze:Frontload+1","bronze:Fortify","bronze:ClassDefault+1"],"picked":"SKIP","floor":37},{"not_picked":["bronze:CutThrough+1","bronze:CloningBeam+1","bronze:Frontload+1","bronze:DelayedSlice+1"],"picked":"SKIP","floor":38},{"not_picked":["bronze:Shell+1","bronze:Return","bronze:Frontload"],"picked":"bronze:FollowUp+1","floor":42},{"not_picked":["bronze:NullPointer+1","bronze:Library","bronze:BitShift+1","bronze:Turbo+1"],"picked":"SKIP","floor":44},{"not_picked":["bronze:Frontload+1","bronze:Constructor+1","bronze:DelayedSlice+1"],"picked":"bronze:FollowUp+1","floor":46},{"not_picked":["bronze:Constructor+1","bronze:BitShift","bronze:Iterate","bronze:CloningBeam"],"picked":"SKIP","floor":49}],"player_experience":492500,"relics_obtained":[{"floor":7,"key":"Anchor"},{"floor":9,"key":"InkBottle"},{"floor":14,"key":"Question Card"},{"floor":25,"key":"bronze:CableSpool"},{"floor":27,"key":"Shovel"},{"floor":28,"key":"Pen Nib"},{"floor":30,"key":"Bottled Lightning"},{"floor":41,"key":"Kunai"},{"floor":44,"key":"Omamori"}],"event_choices":[{"damage_healed":0,"gold_gain":0,"player_choice":"Box","damage_taken":0,"relics_obtained":["Smiling Mask"],"max_hp_gain":0,"max_hp_loss":0,"event_name":"Big Fish","floor":3,"gold_loss":0,"cards_obtained":["Regret"]},{"cards_removed":["bronze:Defend"],"damage_healed":0,"gold_gain":0,"player_choice":"Removed Skill","damage_taken":0,"max_hp_gain":0,"max_hp_loss":0,"event_name":"Falling","floor":48,"gold_loss":0}],"is_beta":false,"boss_relics":[{"not_picked":["expansioncontent:StudyCardRelic","Fusion Hammer"],"picked":"Sozu"},{"not_picked":["Black Star","SacredBark"],"picked":"Philosopher\u0027s Stone"}],"items_purged_floors":[5,22,23,43],"is_endless":false,"potions_floor_spawned":[8,11,12,25,26,27,29,36,37,38,44],"killed_by":"WA_ARCHETYPE_DIVINITY","ascension_level":5}}