{"host":"vyiqbz5w606ur92t","time":1612926134,"event":{"mods":["BaseMod","Downfall","Minty Spire (QoL Compilation)","StSLib"],"gold_per_floor":[99,115,135,149,163,192,192,192,208,208,237,337,350,361,374,473,473,473,486,504,504,82,82,107,124,158,58,58,87,87,107,120,220,220,120,130,143,163,163,163,163,177,207,207,233,118,18,18,30,30,30,59,20,20,20,20],"floor_reached":57,"language":"ENG","playtime":10920,"items_purged":["Guardian:Defend_Guardian+1"],"score":2036,"play_id":"5face7c9-8fa3-44c0-8ee3-3f0fb927806b","local_time":"20210210030214","is_ascension_mode":true,"campfire_choices":[{"data":"Guardian:ConstructionForm","floor":1,"key":"SMITH"},{"data":"Guardian:PrismaticBeam","floor":8,"key":"SMITH"},{"floor":18,"key":"RECALL"},{"data":"Blind","floor":27,"key":"SMITH"},{"data":"Guardian:FuturePlans","floor":30,"key":"SMITH"},{"data":"Guardian:TwinSlam","floor":35,"key":"SMITH"},{"data":"Guardian:TemporalShield","floor":47,"key":"SMITH"},{"data":"Guardian:TimeSifter","floor":54,"key":"SMITH"}],"circlet_count":0,"master_deck":["Guardian:Strike_Guardian+1","Guardian:Strike_Guardian+1","Guardian:Defend_Guardian+1","Guardian:Defend_Guardian+1","Guardian:CurlUp","Guardian:TwinSlam+1","Guardian:ConstructionForm+1","Guardian:DecasProtection","Guardian:BronzeOrb","Guardian:PrismaticBeam+1","Guardian:Preprogram","Guardian:TemporalShield+1","Guardian:Orbwalk","Guardian:SphericShield","Guardian:Suspension+1","Guardian:BronzeArmor+1","Guardian:Recover","Blind+1","Guardian:ChargeUp+1","Guardian:FuturePlans+1","Guardian:Orbwalk","Guardian:Repulse+1","Guardian:Incinerate+1","Guardian:BodySlam+1","Guardian:FastForward","Guardian:StasisField","Guardian:WalkerClaw+1","Guardian:ShieldCharger","expansioncontent:Hexaburn","expansioncontent:YouAreMine","Guardian:ChargeCore","Guardian:TimeSifter+1"],"relics":["Guardian:ModeShifter","Potion Belt","Juzu Bracelet","StrikeDummy","Toy Ornithopter","Black Star","Membership Card","Boot","Happy Flower","Blood Vial","bronze:BronzeIdol","Pen Nib","downfall:HeartBlessingRed","Akabeko","bronze:DecasWashers","Coffee Dripper","downfall:HeartBlessingGreen","Kunai","Du-Vu Doll","Strawberry","Bag of Preparation","Guardian:StasisUpgradeRelic","downfall:HeartBlessingBlue","Guardian:PocketSentry","Incense Burner"],"acts_visited":["Exordium","TheCity","TheBeyond","TheEnding"],"potions_floor_usage":[9,11,11,11,12,13,16,19,20,29,29,33,45,46,56,56,56],"damage_taken":[{"damage":10,"enemies":"2 Louse","floor":2,"turns":3},{"damage":0,"enemies":"Cultist","floor":3,"turns":4},{"damage":0,"enemies":"Small Slimes","floor":4,"turns":4},{"damage":0,"enemies":"Red Slaver","floor":5,"turns":5},{"damage":0,"enemies":"Lagavulin","floor":6,"turns":7},{"damage":0,"enemies":"Large Slime","floor":9,"turns":5},{"damage":0,"enemies":"Gremlin Nob","floor":11,"turns":4},{"damage":8,"enemies":"downfall:LadyInBlue","floor":12,"turns":10},{"damage":5,"enemies":"Gremlin Gang","floor":13,"turns":3},{"damage":4,"enemies":"Red Slaver","floor":14,"turns":3},{"damage":8,"enemies":"Blue Slaver","floor":15,"turns":4},{"damage":0,"enemies":"WA_ARCHETYPE_RETAIN","floor":16,"turns":9},{"damage":0,"enemies":"Chosen","floor":19,"turns":5},{"damage":11,"enemies":"3 Cultists","floor":20,"turns":7},{"damage":1,"enemies":"downfall:FleeingMerchant","floor":22,"turns":4},{"damage":6,"enemies":"Shelled Parasite and Fungi","floor":25,"turns":7},{"damage":14,"enemies":"Book of Stabbing","floor":26,"turns":6},{"damage":0,"enemies":"Gremlin Leader","floor":29,"turns":6},{"damage":0,"enemies":"Centurion and Healer","floor":31,"turns":6},{"damage":4,"enemies":"Snecko","floor":32,"turns":4},{"damage":6,"enemies":"DF_ARCHETYPE_CLAW","floor":33,"turns":8},{"damage":0,"enemies":"Orb Walker","floor":36,"turns":3},{"damage":0,"enemies":"3 Shapes","floor":37,"turns":5},{"damage":0,"enemies":"Transient","floor":38,"turns":5},{"damage":0,"enemies":"Jaw Worm Horde","floor":42,"turns":4},{"damage":0,"enemies":"Giant Head","floor":43,"turns":6},{"damage":0,"enemies":"Reptomancer","floor":45,"turns":6},{"damage":0,"enemies":"downfall:FleeingMerchant","floor":46,"turns":4},{"damage":0,"enemies":"4 Shapes","floor":49,"turns":4},{"damage":0,"enemies":"IC_BLOCK_ARCHETYPE","floor":50,"turns":7},{"damage":0,"enemies":"downfall:CharBossMerchant","floor":52,"turns":7},{"damage":0,"enemies":"downfall:NeowBoss","floor":55,"turns":11},{"damage":0,"enemies":"downfall:NeowBossFinal","floor":56,"turns":9}],"seed_played":"6018544608942308150","potions_obtained":[{"floor":3,"key":"Strength Potion"},{"floor":4,"key":"Fire Potion"},{"floor":5,"key":"DistilledChaos"},{"floor":9,"key":"Dexterity Potion"},{"floor":10,"key":"LiquidMemories"},{"floor":10,"key":"Weak Potion"},{"floor":12,"key":"Strength Potion"},{"floor":12,"key":"CultistPotion"},{"floor":12,"key":"Regen Potion"},{"floor":16,"key":"FearPotion"},{"floor":19,"key":"Explosive Potion"},{"floor":26,"key":"FearPotion"},{"floor":31,"key":"DuplicationPotion"},{"floor":33,"key":"Guardian:DefensiveModePotion"},{"floor":37,"key":"Regen Potion"},{"floor":43,"key":"BlessingOfTheForge"},{"floor":45,"key":"Block Potion"},{"floor":49,"key":"SpeedPotion"}],"is_trial":false,"path_per_floor":["R","M","M","M","M","E","T","R","M","?","E","?","M","M","M","B",null,"R","M","M","?","$","?","T","M","E","R","?","E","R","M","M","B",null,"R","M","M","M","?","?","T","M","E","?","E","$","R","?","M","B",null,"E","$","R","B","B",null],"character_chosen":"GUARDIAN","items_purchased":["Membership Card","Guardian:Recover","Boot","Happy Flower","Blind","Guardian:StasisUpgradeRelic","Guardian:ShieldCharger","DistilledChaos"],"campfire_rested":0,"item_purchase_floors":[22,22,22,22,22,46,46,53],"current_hp_per_floor":[72,62,62,62,62,62,62,62,62,62,62,54,54,50,42,47,72,72,77,71,71,70,70,70,66,54,54,54,66,66,68,66,67,77,77,79,80,80,80,80,80,80,80,80,87,87,97,87,89,91,96,97,97,97,97,97],"gold":20,"neow_bonus":"ONE_RANDOM_RARE_CARD","is_daily":false,"chose_seed":false,"campfire_upgraded":7,"win_rate":0.0,"timestamp":1612926134,"path_taken":["R","M","M","M","M","E","T","R","M","?","E","?","M","M","M","BOSS","R","M","M","?","$","?","T","M","E","R","?","E","R","M","M","BOSS","R","M","M","M","?","?","T","M","E","?","E","?","R","?","M","BOSS","E","$","R","BOSS","BOSS"],"items_purchased_type":["Relic","Card","Relic","Relic","Card","Relic","Card","Potion"],"build_version":"2020-12-22","purchased_purges":1,"victory":true,"max_hp_per_floor":[80,80,80,80,80,80,80,80,80,80,80,80,80,80,80,80,80,80,80,80,80,80,80,80,80,80,80,80,80,80,80,80,80,80,80,80,80,80,80,80,80,80,80,80,87,87,97,97,97,97,97,97,97,97,97,97],"card_choices":[{"not_picked":["Guardian:PiercingHide","Guardian:BronzeArmor"],"picked":"Guardian:Gem_White","floor":2},{"not_picked":["Guardian:ShieldCharger","Guardian:ShieldSpikes"],"picked":"Guardian:Gem_White","floor":3},{"not_picked":["Guardian:Repulse","Guardian:Emergency"],"picked":"Guardian:DecasProtection","floor":4},{"not_picked":["Guardian:Incinerate","Guardian:Gem_Crimson"],"picked":"Guardian:BronzeOrb","floor":5},{"not_picked":["Guardian:DecasProtection","Guardian:Gem_Purple"],"picked":"Guardian:PrismaticBeam","floor":6},{"not_picked":["Guardian:Gem_Fragmented","Guardian:Gem_Lightblue"],"picked":"Guardian:Preprogram","floor":9},{"not_picked":["Guardian:PrismaticBarrier","Guardian:VentSteam","Guardian:EvasiveProtocol"],"picked":"SKIP","floor":11},{"not_picked":["Guardian:PrismaticBarrier","Guardian:SpikerProtocol"],"picked":"Guardian:Gem_Blue","floor":12},{"not_picked":["Guardian:RollAttack","Guardian:Gem_Lightblue"],"picked":"Guardian:TemporalShield","floor":13},{"not_picked":["Guardian:PrimingBeam","Guardian:TemporalShield"],"picked":"Guardian:Gem_Green","floor":14},{"not_picked":["Guardian:TemporalShield","Guardian:GemFire"],"picked":"Guardian:Orbwalk","floor":15},{"not_picked":["Guardian:BaubleBeam","Guardian:GatlingBeam"],"picked":"Guardian:SphericShield","floor":16},{"not_picked":["Guardian:ShieldCharger","Guardian:WalkerClaw"],"picked":"Guardian:Suspension+1","floor":19},{"not_picked":["Guardian:PiercingHide","Guardian:Gem_White"],"picked":"Guardian:Gem_Purple","floor":20},{"not_picked":["Guardian:Gem_Crimson","Guardian:StasisStrike"],"picked":"Guardian:BronzeArmor+1","floor":22},{"not_picked":["Guardian:Gem_White","Guardian:WalkerClaw+1"],"picked":"Guardian:ChargeUp+1","floor":25},{"not_picked":["Guardian:TemporalStrike","Guardian:PrimingBeam","Guardian:EvasiveProtocol"],"picked":"SKIP","floor":26},{"not_picked":["Guardian:Incinerate","Guardian:PrismaticBarrier"],"picked":"Guardian:FuturePlans","floor":29},{"not_picked":["Guardian:VentSteam","Guardian:Gem_Cyan"],"picked":"Guardian:Orbwalk","floor":31},{"not_picked":["Guardian:PiercingHide","Guardian:RollAttack"],"picked":"Guardian:Repulse+1","floor":32},{"not_picked":["Guardian:GemFinder","Guardian:RevengeProtocol"],"picked":"Guardian:Gem_Orange","floor":33},{"not_picked":["Guardian:Reroute","Guardian:PiercingHide+1","Guardian:Gem_Cyan"],"picked":"SKIP","floor":36},{"not_picked":["Guardian:FuturePlans+1","Guardian:VentSteam","Guardian:Gem_Green"],"picked":"SKIP","floor":37},{"not_picked":["Guardian:PiercingHide+1","Guardian:WalkerClaw"],"picked":"Guardian:Incinerate+1","floor":38},{"not_picked":["Guardian:Gem_Red","Guardian:CrystalBeam"],"picked":"Guardian:BodySlam+1","floor":42},{"not_picked":["Guardian:BodySlam","Guardian:EvasiveProtocol"],"picked":"Guardian:FastForward","floor":43},{"not_picked":["Guardian:PiercingHide","Guardian:PrimingBeam+1"],"picked":"Guardian:Gem_Cyan","floor":45},{"not_picked":["Guardian:BronzeOrb","Guardian:Gem_Cyan"],"picked":"Guardian:WalkerClaw+1","floor":46},{"not_picked":["expansioncontent:InvincibleStrength","expansioncontent:PolyBeam"],"picked":"expansioncontent:Hexaburn","floor":48},{"not_picked":["expansioncontent:PolyBeam","expansioncontent:Hexaburn"],"picked":"expansioncontent:YouAreMine","floor":48},{"not_picked":["Guardian:WalkerClaw+1","Guardian:CrystalBeam"],"picked":"Guardian:ChargeCore","floor":49},{"not_picked":["Guardian:Clone","Guardian:ShieldSpikes+1"],"picked":"Guardian:TimeSifter","floor":52}],"player_experience":1714441,"relics_obtained":[{"floor":6,"key":"Potion Belt"},{"floor":7,"key":"Juzu Bracelet"},{"floor":11,"key":"StrikeDummy"},{"floor":12,"key":"Toy Ornithopter"},{"floor":24,"key":"Blood Vial"},{"floor":26,"key":"bronze:BronzeIdol"},{"floor":26,"key":"Pen Nib"},{"floor":29,"key":"Akabeko"},{"floor":29,"key":"bronze:DecasWashers"},{"floor":43,"key":"Kunai"},{"floor":43,"key":"Du-Vu Doll"},{"floor":45,"key":"Strawberry"},{"floor":45,"key":"Bag of Preparation"},{"floor":52,"key":"Guardian:PocketSentry"},{"floor":52,"key":"Incense Burner"}],"event_choices":[{"damage_healed":0,"gold_gain":0,"player_choice":"Got Potions","damage_taken":0,"max_hp_gain":0,"max_hp_loss":0,"event_name":"Lab","floor":10,"gold_loss":0},{"cards_removed":["Guardian:Strike_Guardian"],"damage_healed":0,"gold_gain":0,"player_choice":"Offered Basic","damage_taken":0,"max_hp_gain":0,"max_hp_loss":0,"event_name":"Bonfire Elementals","floor":40,"gold_loss":0}],"is_beta":false,"boss_relics":[{"not_picked":["Empty Cage","Sozu"],"picked":"Black Star"},{"not_picked":["Fusion Hammer","Tiny House"],"picked":"Coffee Dripper"}],"items_purged_floors":[22],"is_endless":false,"potions_floor_spawned":[3,4,5,9,16,19,26,31,33,37,43,45,49],"ascension_level":6}}