{"host":"5h6e4l6hpn0p5lap","time":1612925702,"event":{"mods":["AchievementEnabler","BaseMod","Better Altar","Better Match","Better Sensory Stone","Better Skull","Better Third Choice","Colored Map","Filter the Spire","Minty Spire (QoL Compilation)","StSLib"],"gold_per_floor":[110,185,205,218,234,234,247,277,356,356,81,81,110,10,10,109,109,120,219,232,232,232,232],"floor_reached":22,"language":"ENG","playtime":862,"items_purged":["Strike_R","Strike_R"],"score":243,"play_id":"a8121efd-7ab0-48ca-b0e9-366ae9f5a79a","local_time":"20210209215502","is_ascension_mode":true,"campfire_choices":[{"data":"Blind","floor":6,"key":"SMITH"},{"data":"True Grit","floor":10,"key":"SMITH"},{"floor":15,"key":"REST"}],"circlet_count":0,"master_deck":["Defend_R","Defend_R","Defend_R","Defend_R","Bash","Blind+1","Whirlwind","Cleave","Clothesline","Rupture","True Grit+1","Shrug It Off","Flex","Inflame","Immolate","Spot Weakness+1","Ghostly Armor","Bludgeon"],"relics":["Burning Blood","Gremlin Horn","InkBottle","Chemical X","Incense Burner","Philosopher\u0027s Stone"],"acts_visited":["Exordium","TheCity"],"potions_floor_usage":[7,8,13],"damage_taken":[{"damage":0,"enemies":"Small Slimes","floor":1,"turns":3},{"damage":1,"enemies":"2 Louse","floor":3,"turns":2},{"damage":5,"enemies":"Jaw Worm","floor":4,"turns":4},{"damage":7,"enemies":"3 Louse","floor":5,"turns":3},{"damage":12,"enemies":"Exordium Wildlife","floor":7,"turns":4},{"damage":33,"enemies":"3 Sentries","floor":8,"turns":8},{"damage":15,"enemies":"Lagavulin","floor":13,"turns":7},{"damage":80,"enemies":"Hexaghost","floor":16,"turns":18},{"damage":20,"enemies":"Shell Parasite","floor":18,"turns":6},{"damage":15,"enemies":"Spheric Guardian","floor":20,"turns":4},{"damage":24,"enemies":"Shelled Parasite and Fungi","floor":22,"turns":6}],"seed_played":"8156774155788314469","potions_obtained":[{"floor":1,"key":"FairyPotion"},{"floor":4,"key":"GamblersBrew"},{"floor":5,"key":"Explosive Potion"},{"floor":8,"key":"Block Potion"}],"is_trial":false,"path_per_floor":["M","?","M","M","M","R","M","E","T","R","$","?","E","$","R","B",null,"M","?","M","?","M"],"character_chosen":"IRONCLAD","items_purchased":["Chemical X","Shrug It Off"],"campfire_rested":1,"item_purchase_floors":[11,11],"current_hp_per_floor":[80,69,74,75,74,74,68,41,41,41,41,41,32,32,56,10,63,49,49,40,40,16,16],"gold":232,"neow_bonus":"RANDOM_COLORLESS","is_daily":false,"chose_seed":false,"campfire_upgraded":2,"win_rate":0.0,"timestamp":1612925702,"path_taken":["M","?","M","M","M","R","M","E","T","R","$","?","E","?","R","BOSS","M","?","M","?","M"],"items_purchased_type":["Relic","Card"],"build_version":"2020-12-22","purchased_purges":2,"victory":false,"max_hp_per_floor":[80,80,80,80,80,80,80,80,80,80,80,80,80,80,80,80,80,80,80,80,80,80,80],"card_choices":[{"not_picked":["Jack Of All Trades","Mind Blast"],"picked":"Blind","floor":0},{"not_picked":["Clash","Reckless Charge"],"picked":"Whirlwind","floor":1},{"not_picked":["Sentinel","Body Slam"],"picked":"Cleave","floor":3},{"not_picked":["Warcry","Havoc"],"picked":"Clothesline","floor":4},{"not_picked":["Clothesline","Hemokinesis"],"picked":"Rupture","floor":5},{"not_picked":["Rupture","Dropkick","Clash"],"picked":"SKIP","floor":7},{"not_picked":["Anger","Sever Soul"],"picked":"True Grit","floor":8},{"not_picked":["Demon Form","Power Through"],"picked":"Inflame","floor":13},{"not_picked":["Juggernaut","Corruption"],"picked":"Immolate","floor":16},{"not_picked":["Perfected Strike","Flame Barrier+1"],"picked":"Spot Weakness+1","floor":18},{"not_picked":["Shockwave","Clothesline+1","Whirlwind"],"picked":"SKIP","floor":20}],"player_experience":1094768,"relics_obtained":[{"floor":8,"key":"Gremlin Horn"},{"floor":9,"key":"InkBottle"},{"floor":13,"key":"Incense Burner"}],"event_choices":[{"damage_healed":0,"gold_gain":75,"player_choice":"Gold","damage_taken":11,"max_hp_gain":0,"max_hp_loss":0,"event_name":"betterThird:BetterGoop","floor":2,"gold_loss":0},{"damage_healed":0,"gold_gain":0,"cards_transformed":["Strike_R"],"player_choice":"Change","damage_taken":0,"max_hp_gain":0,"max_hp_loss":0,"event_name":"Living Wall","floor":12,"gold_loss":0,"cards_obtained":["Flex"]},{"damage_healed":0,"gold_gain":99,"player_choice":"Steal","damage_taken":0,"max_hp_gain":0,"max_hp_loss":0,"event_name":"betterThird:BetterNest","floor":19,"gold_loss":0},{"damage_healed":0,"gold_gain":0,"cards_transformed":["Strike_R","Strike_R"],"player_choice":"Became Test Subject","damage_taken":0,"max_hp_gain":0,"max_hp_loss":0,"event_name":"Drug Dealer","floor":21,"gold_loss":0,"cards_obtained":["Ghostly Armor","Bludgeon"]}],"is_beta":false,"boss_relics":[{"not_picked":["Ectoplasm","Coffee Dripper"],"picked":"Philosopher\u0027s Stone"}],"items_purged_floors":[11,14],"is_endless":false,"potions_floor_spawned":[1,4,5,8],"killed_by":"Shelled Parasite and Fungi","ascension_level":5}}