{"host":"tgnam0g96qraiyqx","time":1612973510,"event":{"mods":["Always Whale","Aspiration","Astrologer","Bard","BaseMod","Beaked The Cultist","BetterRewards","Colored Map","Colored Powertips","Downfall","Energized Spire","HexUI Lib","Highlight Path","Hubris","Minty Spire (QoL Compilation)","Replay The Spire","Shop Mod","StSLib","The Jungle"],"gold_per_floor":[99,114,131,131,131,41,41,41,58,74,102,102,102,121,133,238,238,238,256,256,269,279,10,10,21,34,34,59,71,71,86,97,198,148,148,163,163,175,193,193,193,93,120,120,120],"floor_reached":44,"language":"FRA","playtime":12530,"items_purged":["beaked:Defend_Y"],"score":434,"play_id":"3ee2ce1b-1959-4438-bb07-add5b174b312","local_time":"20210210171150","is_ascension_mode":false,"campfire_choices":[{"data":"beaked:Ceremony","floor":1,"key":"SMITH"},{"data":"beaked:MaddeningMurmurs","floor":8,"key":"SMITH"},{"data":"beaked:Foresight","floor":13,"key":"SMITH"},{"data":"beaked:Foresight","floor":18,"key":"SMITH"},{"data":"beaked:DigDeep","floor":27,"key":"SMITH"},{"data":"beaked:Windmill","floor":30,"key":"SMITH"},{"data":"beaked:TuckingFeathers","floor":35,"key":"SMITH"},{"floor":40,"key":"RECALL"},{"data":"beaked:Daydream","floor":42,"key":"SMITH"}],"circlet_count":0,"master_deck":["beaked:Strike_Y","beaked:Strike_Y","beaked:Strike_Y","beaked:Strike_Y","beaked:Strike_Y","beaked:Strike_Y","beaked:Defend_Y","beaked:Defend_Y","beaked:Ceremony+1","beaked:Ceremony+1","beaked:Ceremony+1","beaked:MaddeningMurmurs+1","beaked:Windmill+1","beaked:Foresight+1","beaked:Foresight+1","beaked:DigDeep+1","beaked:Daydream+1","beaked:Strike_Y","beaked:TuckingFeathers+1"],"relics":["beaked:MendingPlumage","Golden Egg","aspiration:HiddenCompartment","Philosopher\u0027s Stone","Pantograph","ReplayTheSpireMod:Ninjato","Snack Pack","energizedSpire:HugeHouse","Mirror","downfall:HeartBlessingRed","Blood Vial"],"acts_visited":["Exordium","TheCity","TheBeyond"],"potions_floor_usage":[11,11,22,22,25,28,29,32,33,33,44],"damage_taken":[{"damage":7,"enemies":"Cultist","floor":2,"turns":5},{"damage":12,"enemies":"2 Louse","floor":3,"turns":5},{"damage":5,"enemies":"downfall:FleeingMerchant","floor":6,"turns":4},{"damage":6,"enemies":"Jaw Worm","floor":9,"turns":4},{"damage":22,"enemies":"Red Slaver","floor":10,"turns":5},{"damage":19,"enemies":"Gremlin Nob","floor":11,"turns":5},{"damage":17,"enemies":"Exordium Wildlife","floor":14,"turns":5},{"damage":12,"enemies":"Large Slime","floor":15,"turns":7},{"damage":22,"enemies":"SI_SHIV_ARCHETYPE","floor":16,"turns":7},{"damage":23,"enemies":"Spheric Guardian","floor":19,"turns":4},{"damage":45,"enemies":"Cultist and Chosen","floor":21,"turns":7},{"damage":24,"enemies":"Centurion and Healer","floor":22,"turns":5},{"damage":12,"enemies":"downfall:FleeingMerchant","floor":23,"turns":4},{"damage":32,"enemies":"Snake Plant","floor":25,"turns":5},{"damage":16,"enemies":"Snecko","floor":26,"turns":6},{"damage":14,"enemies":"Gremlin Leader","floor":28,"turns":6},{"damage":20,"enemies":"3 Cultists","floor":29,"turns":5},{"damage":36,"enemies":"Snake Plant","floor":31,"turns":5},{"damage":9,"enemies":"Snecko","floor":32,"turns":4},{"damage":87,"enemies":"IC_MUSHROOM_ARCHETYPE","floor":33,"turns":9},{"damage":64,"enemies":"3 Darklings","floor":36,"turns":5},{"damage":11,"enemies":"3 Shapes","floor":38,"turns":8},{"damage":16,"enemies":"Maw","floor":39,"turns":6},{"damage":54,"enemies":"Sphere and 2 Shapes","floor":44,"turns":3}],"seed_played":"2666709871593400574","potions_obtained":[{"floor":2,"key":"LifebloodPotion"},{"floor":3,"key":"FearPotion"},{"floor":14,"key":"AttackPotion"},{"floor":15,"key":"champ:CounterPotion"},{"floor":16,"key":"hexamod:SoulburnPotion"},{"floor":22,"key":"BlessingOfTheForge"},{"floor":25,"key":"Strength Potion"},{"floor":26,"key":"SkillPotion"},{"floor":28,"key":"Explosive Potion"},{"floor":32,"key":"Fire Potion"},{"floor":33,"key":"Cursed Concoction"},{"floor":39,"key":"Weak Potion"}],"is_trial":false,"path_per_floor":["R","M","M","?","?","$","T","R","M","M","E","?","R","M","M","B",null,"R","M","?","M","M","$","T","M","M","R","E","M","R","M","M","B",null,"R","M","?","M","M","R","T","R","?","M"],"character_chosen":"BEAKED_THE_CULTIST","items_purchased":["Pantograph"],"campfire_rested":0,"item_purchase_floors":[23],"current_hp_per_floor":[50,50,46,46,46,50,50,50,50,42,38,38,38,46,49,50,50,50,35,35,19,26,33,33,32,50,50,50,50,50,42,45,13,45,45,15,15,45,45,45,45,45,45,0,0],"gold":120,"neow_bonus":"ONE_RANDOM_RARE_CARD","is_daily":false,"chose_seed":false,"campfire_upgraded":8,"win_rate":0.0,"timestamp":1612973510,"path_taken":["R","M","?","?","?","$","T","R","?","?","E","?","R","M","M","BOSS","R","M","?","?","M","?","T","?","M","R","E","M","R","M","M","BOSS","R","M","?","M","M","R","T","R","?","M"],"items_purchased_type":["Relic"],"build_version":"2020-12-22","purchased_purges":1,"victory":false,"max_hp_per_floor":[50,50,50,50,50,50,50,50,50,50,50,50,50,50,50,50,50,50,50,50,50,50,50,50,50,50,50,50,50,50,50,50,50,45,45,45,45,45,45,45,45,45,45,45,45],"card_choices":[{"not_picked":["beaked:DigDeeper","beaked:Tweet"],"picked":"beaked:MaddeningMurmurs","floor":2},{"not_picked":["ReplayTheSpireMod:RavenHex","beaked:BraceForImpact"],"picked":"beaked:Windmill","floor":3},{"not_picked":["beaked:Flinch","beaked:WarriorSpirit"],"picked":"beaked:Foresight","floor":6},{"not_picked":["beaked:Flinch","beaked:Tweet"],"picked":"beaked:Foresight","floor":9},{"not_picked":["beaked:MimicMachine","beaked:Mantra"],"picked":"beaked:DigDeep","floor":10},{"not_picked":["beaked:Windmill","beaked:MimicMachine","beaked:Resilience"],"picked":"SKIP","floor":11},{"not_picked":["beaked:Sacrifice","beaked:Tradeoff"],"picked":"beaked:Daydream","floor":14},{"not_picked":["beaked:Daydream","beaked:Overexert","beaked:BraceForImpact"],"picked":"SKIP","floor":15},{"not_picked":["beaked:Sacrifice","beaked:FullHouse"],"picked":"beaked:KnowThyFoe","floor":16},{"not_picked":["beaked:Tweet","beaked:Flinch","beaked:Cower"],"picked":"SKIP","floor":19},{"not_picked":["beaked:Tweet+1","beaked:WarriorEssence","beaked:BraceForImpact+1"],"picked":"SKIP","floor":21},{"not_picked":["ReplayTheSpireMod:Prepare the Ceremony","beaked:MimicHuntress","beaked:Tradeoff"],"picked":"SKIP","floor":22},{"not_picked":["beaked:Replenish","beaked:Flinch+1","beaked:HuntressEssence"],"picked":"SKIP","floor":23},{"not_picked":["beaked:BloodRitual","beaked:FeelMyPain","beaked:BraceForImpact"],"picked":"SKIP","floor":25},{"not_picked":["beaked:Mantra","beaked:Daydream+1","beaked:Poke"],"picked":"SKIP","floor":26},{"not_picked":["beaked:Mantra+1","beaked:WarriorSpirit","beaked:Resilience+1"],"picked":"SKIP","floor":28},{"not_picked":["beaked:StickSmack+1","beaked:Flinch","beaked:Cower"],"picked":"SKIP","floor":29},{"not_picked":["beaked:LiftOff","ReplayTheSpireMod:RavenHex+1","beaked:Tradeoff"],"picked":"SKIP","floor":31},{"not_picked":["beaked:Daydream","beaked:Windmill","beaked:Tradeoff+1"],"picked":"SKIP","floor":32},{"not_picked":["beaked:CursingBlood+1","beaked:WindBringer","beaked:Recite+1"],"picked":"SKIP","floor":36},{"not_picked":["beaked:Overpower+1","beaked:SurvivalInstinct","beaked:Brace"],"picked":"SKIP","floor":38},{"not_picked":["beaked:Overpower+1","beaked:Recite","beaked:HuntressEssence"],"picked":"SKIP","floor":39}],"player_experience":926212,"relics_obtained":[{"floor":7,"key":"Golden Egg"},{"floor":11,"key":"aspiration:HiddenCompartment"},{"floor":24,"key":"ReplayTheSpireMod:Ninjato"},{"floor":28,"key":"Snack Pack"},{"floor":41,"key":"Mirror"},{"floor":43,"key":"Blood Vial"}],"event_choices":[{"cards_removed":["beaked:Defend_Y"],"damage_healed":0,"gold_gain":0,"player_choice":"Offered Basic","damage_taken":0,"max_hp_gain":0,"max_hp_loss":0,"event_name":"Bonfire Elementals","floor":20,"gold_loss":0},{"cards_removed":["beaked:CheekyTricks"],"damage_healed":0,"gold_gain":0,"player_choice":"Removed Power","damage_taken":0,"max_hp_gain":0,"max_hp_loss":0,"event_name":"Falling","floor":37,"gold_loss":0}],"is_beta":false,"boss_relics":[{"not_picked":["beaked:MawFillet","Tiny House"],"picked":"Philosopher\u0027s Stone"},{"not_picked":["aspiration:BardSkillbook","Velvet Choker"],"picked":"energizedSpire:HugeHouse"}],"items_purged_floors":[6],"is_endless":false,"potions_floor_spawned":[2,3,14,15,16,22,25,26,28,32,33,39],"killed_by":"Sphere and 2 Shapes","ascension_level":0}}