{"host":"tpad8qsc9e0g0pa5","time":1612937880,"event":{"mods":["BaseMod","Minty Spire (QoL Compilation)","Quick Restart","StSLib","The Bug Knight"],"gold_per_floor":[110,110,35,35,55,85,85,114,138,213,213,229,241,255,255,351,351,361,361,374,41,41,41],"floor_reached":22,"language":"ZHS","playtime":1106,"items_purged":["Regret","Defend_G"],"score":263,"play_id":"a336cb36-d474-4ee8-a2f9-c1670ea0f09e","local_time":"20210210141800","is_ascension_mode":true,"campfire_choices":[{"data":"Unload","floor":7,"key":"SMITH"},{"data":"Footwork","floor":11,"key":"SMITH"},{"data":"Neutralize","floor":15,"key":"SMITH"}],"circlet_count":0,"master_deck":["Strike_G","Strike_G","Strike_G","Strike_G","Strike_G","Defend_G","Defend_G","Defend_G","Defend_G","Survivor","Neutralize+1","Footwork+1","Backflip","Unload+1","PiercingWail","Well Laid Plans","Doppelganger","Acrobatics","RitualDagger","Expertise"],"relics":["Ring of the Snake","NeowsBlessing","Toy Ornithopter","Mango","Lantern","Bag of Marbles","HoveringKite","Juzu Bracelet"],"acts_visited":["Exordium","TheCity"],"potions_floor_usage":[16,18],"damage_taken":[{"damage":0,"enemies":"Small Slimes","floor":1,"turns":1},{"damage":0,"enemies":"2 Louse","floor":5,"turns":1},{"damage":0,"enemies":"Gremlin Nob","floor":6,"turns":1},{"damage":15,"enemies":"3 Sentries","floor":8,"turns":14},{"damage":0,"enemies":"Jaw Worm","floor":12,"turns":3},{"damage":0,"enemies":"2 Fungi Beasts","floor":13,"turns":4},{"damage":2,"enemies":"Exordium Thugs","floor":14,"turns":6},{"damage":70,"enemies":"Slime Boss","floor":16,"turns":17},{"damage":4,"enemies":"3 Byrds","floor":18,"turns":7},{"damage":0,"enemies":"Chosen","floor":20,"turns":6},{"damage":41,"enemies":"Masked Bandits","floor":22,"turns":4}],"seed_played":"-4498950350691909682","potions_obtained":[{"floor":5,"key":"Dexterity Potion"},{"floor":13,"key":"Ancient Potion"},{"floor":14,"key":"FairyPotion"},{"floor":16,"key":"Swift Potion"}],"is_trial":false,"path_per_floor":["M","?","$","?","M","E","R","E","T","?","R","M","M","M","R","B",null,"M","?","M","$","?"],"character_chosen":"THE_SILENT","items_purchased":["Expertise","Juzu Bracelet"],"campfire_rested":0,"item_purchase_floors":[21,21],"current_hp_per_floor":[70,70,70,70,70,84,84,69,69,58,58,58,58,56,56,17,84,82,76,76,76,35,35],"gold":41,"neow_bonus":"THREE_ENEMY_KILL","is_daily":false,"chose_seed":false,"campfire_upgraded":3,"win_rate":0.0,"timestamp":1612937880,"path_taken":["M","?","$","?","M","E","R","E","T","?","R","M","M","M","R","BOSS","M","?","M","$","?"],"items_purchased_type":["Card","Relic"],"build_version":"2020-12-22","purchased_purges":2,"victory":false,"max_hp_per_floor":[70,70,70,70,70,84,84,84,84,84,84,84,84,84,84,84,84,84,84,84,84,84,84],"card_choices":[{"not_picked":["Acrobatics","Slice"],"picked":"Footwork","floor":1},{"not_picked":["Flying Knee","Backstab"],"picked":"Backflip","floor":5},{"not_picked":["Dagger Spray","Blade Dance"],"picked":"Unload","floor":6},{"not_picked":["Masterful Stab","Slice"],"picked":"PiercingWail","floor":8},{"not_picked":["Bouncing Flask","PiercingWail","Slice"],"picked":"SKIP","floor":12},{"not_picked":["Infinite Blades","Flying Knee","Flechettes"],"picked":"SKIP","floor":13},{"not_picked":["Noxious Fumes","Blade Dance"],"picked":"Well Laid Plans","floor":14},{"not_picked":["Night Terror","Wraith Form v2"],"picked":"Doppelganger","floor":16},{"not_picked":["Prepared","Setup"],"picked":"Acrobatics","floor":18},{"not_picked":["Deflect","Setup","Cloak And Dagger"],"picked":"SKIP","floor":20}],"player_experience":327881,"relics_obtained":[{"floor":6,"key":"Mango"},{"floor":8,"key":"Lantern"},{"floor":9,"key":"Bag of Marbles"}],"event_choices":[{"damage_healed":0,"gold_gain":0,"player_choice":"Box","damage_taken":0,"relics_obtained":["Toy Ornithopter"],"max_hp_gain":0,"max_hp_loss":0,"event_name":"Big Fish","floor":2,"gold_loss":0,"cards_obtained":["Regret"]},{"damage_healed":0,"gold_gain":0,"player_choice":"Leave","damage_taken":0,"max_hp_gain":0,"max_hp_loss":0,"event_name":"The Cleric","floor":4,"gold_loss":0},{"damage_healed":0,"gold_gain":75,"player_choice":"Gather Gold","damage_taken":11,"max_hp_gain":0,"max_hp_loss":0,"event_name":"World of Goop","floor":10,"gold_loss":0},{"damage_healed":0,"gold_gain":0,"player_choice":"Joined the Cult","damage_taken":6,"max_hp_gain":0,"max_hp_loss":0,"event_name":"Nest","floor":19,"gold_loss":0,"cards_obtained":["RitualDagger"]},{"damage_healed":0,"gold_gain":0,"player_choice":"Fought Bandits","damage_taken":0,"max_hp_gain":0,"max_hp_loss":0,"event_name":"Masked Bandits","floor":22,"gold_loss":0}],"is_beta":false,"boss_relics":[{"not_picked":["Tiny House","Snecko Eye"],"picked":"HoveringKite"}],"items_purged_floors":[3,21],"is_endless":false,"potions_floor_spawned":[5,13,14,16],"killed_by":"Masked Bandits","ascension_level":4}}