{"host":"qxeepl7ydvsgmfdb","time":1612942096,"event":{"mods":["AchievementEnabler","BaseMod","Colored Powertips","Minty Spire (QoL Compilation)","Quick Restart","slay the spire mod where everything is the same but ironclad has a cowboy hat"],"gold_per_floor":[116,116,116,291,14,49,79,110,110,123,123,198,224,240,240,338,338,357,357,327,327],"floor_reached":20,"language":"ENG","playtime":5090,"items_purged":[],"score":298,"play_id":"dc70d6ca-2c79-421b-b7a1-4177aa2d3db2","local_time":"20210210022816","is_ascension_mode":true,"campfire_choices":[{"data":"Zap","floor":11,"key":"SMITH"},{"floor":15,"key":"REST"}],"circlet_count":0,"master_deck":["Strike_B","Strike_B","Strike_B","Defend_B","Defend_B","Defend_B","Defend_B","Zap+1","Dualcast","Doubt","Defragment","Redo","BootSequence","Sweeping Beam","Chaos","Rainbow"],"relics":["Cracked Core","NeowsBlessing","White Beast Statue","Symbiotic Virus","Du-Vu Doll","Bottled Lightning","Pocketwatch","Nilry\u0027s Codex"],"acts_visited":["Exordium","TheCity"],"potions_floor_usage":[16,16,16,20],"damage_taken":[{"damage":0,"enemies":"Cultist","floor":1,"turns":1},{"damage":0,"enemies":"Gremlin Nob","floor":6,"turns":1},{"damage":0,"enemies":"3 Sentries","floor":8,"turns":1},{"damage":0,"enemies":"Small Slimes","floor":10,"turns":3},{"damage":31,"enemies":"Gremlin Nob","floor":13,"turns":4},{"damage":0,"enemies":"2 Louse","floor":14,"turns":3},{"damage":47,"enemies":"Hexaghost","floor":16,"turns":11},{"damage":32,"enemies":"3 Byrds","floor":18,"turns":4},{"damage":12,"enemies":"2 Thieves","floor":20,"turns":1}],"seed_played":"6847926135065407306","potions_obtained":[{"floor":1,"key":"Explosive Potion"},{"floor":6,"key":"Regen Potion"},{"floor":8,"key":"FocusPotion"},{"floor":16,"key":"Fire Potion"},{"floor":18,"key":"LiquidMemories"}],"is_trial":false,"path_per_floor":["M","$","?","?","$","E","?","E","T","M","R","?","E","M","R","B",null,"M","?","M"],"character_chosen":"DEFECT","items_purchased":["Defragment","White Beast Statue"],"campfire_rested":1,"item_purchase_floors":[5,5],"current_hp_per_floor":[75,75,68,68,68,68,68,68,68,68,68,57,26,26,48,16,60,28,12,0,0],"gold":327,"neow_bonus":"THREE_ENEMY_KILL","is_daily":false,"chose_seed":false,"campfire_upgraded":1,"win_rate":0.0,"timestamp":1612942096,"path_taken":["M","$","?","?","$","E","?","E","T","?","R","?","E","M","R","BOSS","M","?","M"],"items_purchased_type":["Card","Relic"],"build_version":"2020-12-22","purchased_purges":0,"victory":false,"max_hp_per_floor":[75,75,75,75,75,75,75,75,75,75,75,75,75,75,75,75,75,75,75,75,75],"card_choices":[{"not_picked":["Heatsinks","Force Field","Rebound"],"picked":"SKIP","floor":1},{"not_picked":["Turbo","Compile Driver"],"picked":"Redo","floor":6},{"not_picked":["Hyperbeam","White Noise"],"picked":"BootSequence","floor":8},{"not_picked":["Cold Snap","Redo"],"picked":"Sweeping Beam","floor":10},{"not_picked":["Doom and Gloom","Ball Lightning"],"picked":"Chaos","floor":13},{"not_picked":["Steam","Consume","Lockon"],"picked":"SKIP","floor":14},{"not_picked":["Buffer","Core Surge"],"picked":"Rainbow","floor":16},{"not_picked":["Skim","Hologram+1","Beam Cell"],"picked":"SKIP","floor":18}],"player_experience":141273,"relics_obtained":[{"floor":6,"key":"Symbiotic Virus"},{"floor":8,"key":"Du-Vu Doll"},{"floor":9,"key":"Bottled Lightning"},{"floor":13,"key":"Pocketwatch"},{"floor":19,"key":"Nilry\u0027s Codex"}],"event_choices":[{"cards_removed":["Strike_B"],"damage_healed":0,"gold_gain":0,"player_choice":"Card Removal","damage_taken":7,"max_hp_gain":0,"max_hp_loss":0,"event_name":"Golden Wing","floor":3,"gold_loss":0},{"damage_healed":0,"gold_gain":175,"player_choice":"AGREE","damage_taken":0,"max_hp_gain":0,"max_hp_loss":0,"event_name":"Liars Game","floor":4,"gold_loss":0,"cards_obtained":["Doubt"]},{"damage_healed":0,"gold_gain":30,"player_choice":"Searched \u00272\u0027 times","damage_taken":0,"max_hp_gain":0,"max_hp_loss":0,"event_name":"Dead Adventurer","floor":7,"gold_loss":0},{"damage_healed":0,"gold_gain":75,"player_choice":"Gather Gold","damage_taken":11,"max_hp_gain":0,"max_hp_loss":0,"event_name":"World of Goop","floor":12,"gold_loss":0},{"damage_healed":0,"gold_gain":0,"player_choice":"Obtained Book","damage_taken":16,"max_hp_gain":0,"max_hp_loss":0,"event_name":"Cursed Tome","floor":19,"gold_loss":0}],"is_beta":false,"boss_relics":[{"not_picked":["Astrolabe","Sozu","Runic Pyramid"]}],"items_purged_floors":[],"is_endless":false,"potions_floor_spawned":[1,6,8,10,13,14,16,18],"killed_by":"2 Thieves","ascension_level":5}}