{"host":"5z7rhcocprldured","time":1612930942,"event":{"mods":["2.2 Compatiblity","AchievementEnabler","BaseMod","Best Route Mod","Better Altar","Better Match","Better Note","Better Sensory Stone","Better Skull","Better Third Choice","BetterRewards","Block Reminder","Colored Map","Colored Powertips","Emptier Cage","Googly Eyes","Hermit","Marisa????????","Minty Spire (QoL Compilation)","Permanent Neow","Potionbrewer","Rare Cards Sparkle","StSLib","Synergy Search","The Cursed","The Hierophant","The Runesmith","Unceasing Turn Reminder"],"gold_per_floor":[116,133,133,133,148,181,181,199,199,199,229,245,262,316,316,412,412,430,450,450,450,462,462,482,482,482,482,180,197,197,197,197],"floor_reached":31,"language":"ENG","playtime":1311,"items_purged":["Strike_G"],"score":372,"play_id":"30ece4ed-2ced-44b1-af9b-5c3f9f65d873","local_time":"20210210042222","is_ascension_mode":false,"campfire_choices":[{"data":"Adrenaline","floor":7,"key":"SMITH"},{"data":"Deflect","floor":10,"key":"SMITH"},{"data":"Noxious Fumes","floor":15,"key":"SMITH"},{"data":"Bouncing Flask","floor":23,"key":"SMITH"},{"data":"Caltrops","floor":25,"key":"SMITH"},{"data":"Blade Dance","floor":27,"key":"SMITH"},{"data":"Catalyst","floor":30,"key":"SMITH"}],"circlet_count":0,"master_deck":["Strike_G","Strike_G","Strike_G","Defend_G","Defend_G","Defend_G","Defend_G","Defend_G+1","Survivor+1","Neutralize","Well Laid Plans","Deflect+1","Jack Of All Trades","Adrenaline+1","Dagger Throw","Blade Dance","Prepared","Noxious Fumes+1","Blade Dance+1","Tools of the Trade","Bouncing Flask+1","Poisoned Stab+1","Well Laid Plans","Dodge and Roll+1","Caltrops+1","Noxious Fumes","Catalyst+1"],"relics":["Ring of the Snake","Sling","MealTicket","Turnip","HornCleat","potionbrewer:SlideRule","Boot","WristBlade","Sundial","War Paint"],"acts_visited":["Exordium","TheCity"],"potions_floor_usage":[11,12,12,13,16,24],"damage_taken":[{"damage":0,"enemies":"Cultist","floor":1,"turns":4},{"damage":10,"enemies":"Jaw Worm","floor":2,"turns":7},{"damage":2,"enemies":"Small Slimes","floor":5,"turns":5},{"damage":11,"enemies":"3 Sentries","floor":6,"turns":6},{"damage":2,"enemies":"Looter","floor":8,"turns":3},{"damage":0,"enemies":"Lagavulin","floor":11,"turns":5},{"damage":0,"enemies":"Lots of Slimes","floor":12,"turns":5},{"damage":2,"enemies":"Exordium Thugs","floor":13,"turns":6},{"damage":11,"enemies":"Slime Boss","floor":16,"turns":7},{"damage":0,"enemies":"Shell Parasite","floor":18,"turns":3},{"damage":15,"enemies":"2 Thieves","floor":19,"turns":4},{"damage":14,"enemies":"Snecko","floor":22,"turns":4},{"damage":0,"enemies":"Centurion and Healer","floor":24,"turns":5},{"damage":15,"enemies":"Snake Plant","floor":29,"turns":4},{"damage":53,"enemies":"Slavers","floor":31,"turns":3}],"seed_played":"-8987699931757364184","potions_obtained":[{"floor":2,"key":"Swift Potion"},{"floor":4,"key":"SneckoOil"},{"floor":4,"key":"Weak Potion"},{"floor":8,"key":"potionbrewer:BarricadePotion"},{"floor":11,"key":"potionbrewer:EndurancePotion"},{"floor":12,"key":"potionbrewer:SplittingPotion"},{"floor":19,"key":"potionbrewer:MidasPotion"}],"is_trial":false,"path_per_floor":["M","M","?","?","M","E","R","M","T","R","E","M","M","T","R","B",null,"M","M","?","?","M","R","M","R","T","R","$","M","R","E"],"character_chosen":"THE_SILENT","items_purchased":["Sling","MealTicket","War Paint","Noxious Fumes"],"campfire_rested":0,"item_purchase_floors":[0,0,28,28],"current_hp_per_floor":[70,60,60,60,58,47,47,45,45,45,45,45,43,43,43,32,70,70,55,55,55,41,41,41,41,41,41,56,41,41,0,0],"gold":197,"neow_bonus":"","is_daily":false,"chose_seed":false,"campfire_upgraded":7,"win_rate":0.0,"timestamp":1612930942,"path_taken":["M","?","?","?","?","E","R","M","T","R","E","M","M","?","R","BOSS","M","M","?","?","M","R","M","R","T","R","$","M","R","E"],"items_purchased_type":["Relic","Relic","Relic","Card"],"build_version":"2020-12-22","purchased_purges":1,"victory":false,"max_hp_per_floor":[70,70,70,70,70,70,70,70,70,70,70,70,70,70,70,70,70,70,70,70,70,70,70,70,70,70,70,70,70,70,70,70],"card_choices":[{"not_picked":["Underhanded Strike","Riddle With Holes"],"picked":"Well Laid Plans","floor":1},{"not_picked":["Bane","Acrobatics"],"picked":"Deflect","floor":2},{"not_picked":["Impatience","Good Instincts"],"picked":"Jack Of All Trades","floor":3},{"not_picked":["Dagger Spray","Backflip"],"picked":"Adrenaline","floor":5},{"not_picked":["Blade Dance","Bane"],"picked":"Dagger Throw","floor":6},{"not_picked":["Well Laid Plans","Tactician"],"picked":"Blade Dance","floor":8},{"not_picked":["Deflect","Storm of Steel"],"picked":"Prepared","floor":11},{"not_picked":["Sucker Punch","Dagger Throw"],"picked":"Noxious Fumes","floor":12},{"not_picked":["Deflect","Acrobatics"],"picked":"Blade Dance","floor":13},{"not_picked":["Unload","Die Die Die"],"picked":"Tools of the Trade","floor":16},{"not_picked":["Backstab","Distraction"],"picked":"Bouncing Flask","floor":18},{"not_picked":["Eviscerate","Prepared"],"picked":"Poisoned Stab+1","floor":19},{"not_picked":["Flying Knee","Cloak And Dagger"],"picked":"Dodge and Roll+1","floor":22},{"not_picked":["Masterful Stab","Calculated Gamble+1"],"picked":"Caltrops","floor":24},{"not_picked":["Dagger Throw+1","Underhanded Strike"],"picked":"Catalyst","floor":29}],"player_experience":166219,"relics_obtained":[{"floor":6,"key":"Turnip"},{"floor":9,"key":"HornCleat"},{"floor":11,"key":"potionbrewer:SlideRule"},{"floor":14,"key":"Boot"},{"floor":26,"key":"Sundial"}],"event_choices":[{"damage_healed":0,"gold_gain":1,"player_choice":"1","damage_taken":0,"max_hp_gain":0,"max_hp_loss":0,"event_name":"betterStone:BetterStone","floor":3,"gold_loss":0},{"damage_healed":0,"gold_gain":0,"player_choice":"Got Potions","damage_taken":0,"max_hp_gain":0,"max_hp_loss":0,"event_name":"Lab","floor":4,"gold_loss":0},{"damage_healed":0,"gold_gain":0,"cards_transformed":["Strike_G"],"player_choice":"Transformed","damage_taken":0,"max_hp_gain":0,"max_hp_loss":0,"event_name":"Transmorgrifier","floor":20,"gold_loss":0,"cards_obtained":["Well Laid Plans"]},{"cards_removed":["Adrenaline"],"damage_healed":0,"gold_gain":0,"player_choice":"Give","damage_taken":0,"max_hp_gain":0,"max_hp_loss":0,"event_name":"betterNote:BetterNote","floor":21,"gold_loss":0,"cards_obtained":["Burn"]}],"is_beta":false,"boss_relics":[{"not_picked":["Busted Crown","potionbrewer:BhaskarasWheel"],"picked":"WristBlade"}],"items_purged_floors":[28],"is_endless":false,"potions_floor_spawned":[2,8,11,12,19],"killed_by":"Slavers","ascension_level":0}}