{"host":"sutwlwo4qckeqch7","time":1612980535,"event":{"mods":["AchievementEnabler","BaseMod","BetterRewards","Colored Map","Minty Spire (QoL Compilation)","StSLib"],"gold_per_floor":[110,110,110,123,123,123,141,169,169,169,201,201,218,251,251,351,351,366,223,323,22,33,33,60,75,75,1,1,1,1,21,21,116,116,131,7,7,7,7,38,38,0,0,0,49,49,49,74,74,74,74,74,11,45,45,45],"floor_reached":55,"language":"ENG","playtime":1804,"items_purged":["Strike_R","Strike_R"],"score":1146,"play_id":"80d17f77-bf5c-4c57-b6d6-d9fdf328f159","local_time":"20210210120855","is_ascension_mode":true,"campfire_choices":[{"data":"Bash","floor":6,"key":"SMITH"},{"data":"Spot Weakness","floor":10,"key":"SMITH"},{"floor":15,"key":"REST"},{"data":"Armaments","floor":23,"key":"SMITH"},{"data":"Limit Break","floor":32,"key":"SMITH"},{"floor":41,"key":"RECALL"},{"data":"After Image","floor":44,"key":"SMITH"},{"data":"Flame Barrier","floor":46,"key":"SMITH"},{"floor":49,"key":"REST"},{"data":"Demon Form","floor":52,"key":"SMITH"}],"circlet_count":0,"master_deck":["Strike_R+1","Strike_R+1","Defend_R","Defend_R","Defend_R","Bash+1","Body Slam+1","Spot Weakness+1","Body Slam+1","Shrug It Off","Armaments+1","Metallicize","Demon Form+1","Body Slam+1","Metallicize","Pommel Strike+1","Limit Break+1","Sentinel+1","Heavy Blade+1","After Image+1","Prostrate+1","Finesse","Flame Barrier+1","Writhe","Skewer+1"],"relics":["Burning Blood","Sling","Question Card","Molten Egg 2","Self Forming Clay","CultistMask","Whetstone","Velvet Choker","Membership Card","Matryoshka","Lantern","Pear","Kunai","PrismaticShard","Sundial","Mercury Hourglass","Philosopher\u0027s Stone","Happy Flower","Bottled Lightning","Red Mask","Paper Frog","CaptainsWheel","White Beast Statue","Gremlin Horn"],"acts_visited":["Exordium","TheCity","TheBeyond","TheEnding"],"potions_floor_usage":[16,16,25,33,48,48,50,55],"damage_taken":[{"damage":2,"enemies":"Jaw Worm","floor":1,"turns":6},{"damage":1,"enemies":"Cultist","floor":4,"turns":3},{"damage":2,"enemies":"2 Louse","floor":7,"turns":2},{"damage":40,"enemies":"3 Sentries","floor":8,"turns":10},{"damage":18,"enemies":"Gremlin Nob","floor":11,"turns":3},{"damage":11,"enemies":"Large Slime","floor":13,"turns":7},{"damage":19,"enemies":"3 Sentries","floor":14,"turns":8},{"damage":61,"enemies":"Slime Boss","floor":16,"turns":16},{"damage":11,"enemies":"Shell Parasite","floor":18,"turns":4},{"damage":12,"enemies":"Chosen","floor":22,"turns":5},{"damage":37,"enemies":"Gremlin Leader","floor":24,"turns":7},{"damage":24,"enemies":"Snake Plant","floor":25,"turns":6},{"damage":20,"enemies":"Shelled Parasite and Fungi","floor":31,"turns":5},{"damage":32,"enemies":"Automaton","floor":33,"turns":5},{"damage":22,"enemies":"3 Darklings","floor":35,"turns":5},{"damage":0,"enemies":"Giant Head","floor":40,"turns":5},{"damage":49,"enemies":"2 Orb Walkers","floor":45,"turns":7},{"damage":26,"enemies":"Reptomancer","floor":48,"turns":5},{"damage":57,"enemies":"Time Eater","floor":50,"turns":11},{"damage":48,"enemies":"Shield and Spear","floor":54,"turns":6},{"damage":54,"enemies":"The Heart","floor":55,"turns":2}],"seed_played":"6149149061890624445","potions_obtained":[{"floor":8,"key":"SteroidPotion"},{"floor":14,"key":"Regen Potion"},{"floor":16,"key":"Fire Potion"},{"floor":24,"key":"SteroidPotion"},{"floor":31,"key":"FearPotion"},{"floor":40,"key":"Explosive Potion"},{"floor":54,"key":"Energy Potion"}],"is_trial":false,"path_per_floor":["M","?","?","M","?","R","M","E","T","R","E","?","M","E","R","B",null,"M","$","?","$","M","R","E","M","T","$","?","?","T","M","R","B",null,"M","$","?","?","$","E","R","?","T","R","?","R","?","E","R","B",null,"R","$","E","B"],"character_chosen":"IRONCLAD","items_purchased":["Sling","Question Card","FairyPotion","Metallicize","Membership Card","Matryoshka","BloodPotion","PrismaticShard","Happy Flower","DistilledChaos","Energy Potion"],"campfire_rested":2,"item_purchase_floors":[0,0,0,19,21,21,21,27,36,53,53],"current_hp_per_floor":[80,73,78,80,80,80,80,46,46,46,34,34,29,16,40,28,80,75,75,75,75,69,69,38,36,46,46,76,58,58,44,44,18,95,79,79,79,79,79,85,85,85,85,85,42,42,66,46,74,23,95,95,95,53,0,0],"gold":45,"neow_bonus":"","is_daily":false,"chose_seed":false,"campfire_upgraded":7,"win_rate":0.0,"timestamp":1612980535,"path_taken":["M","?","?","?","?","R","M","E","T","R","E","?","?","E","R","BOSS","M","$","?","$","?","R","E","M","T","?","?","?","?","M","R","BOSS","M","$","?","?","$","E","R","?","T","R","?","R","?","E","R","BOSS","R","$","E","BOSS"],"items_purchased_type":["Relic","Relic","Potion","Card","Relic","Relic","Potion","Relic","Relic","Potion","Potion"],"build_version":"2020-12-22","purchased_purges":2,"victory":false,"max_hp_per_floor":[80,80,80,80,80,80,80,80,80,80,80,80,80,80,80,80,80,80,80,80,80,80,80,80,80,90,90,90,95,95,95,95,95,95,95,95,95,95,95,95,95,95,95,95,95,95,95,95,95,95,95,95,95,95,95,95],"card_choices":[{"not_picked":["Clothesline","Havoc","Headbutt"],"picked":"Pommel Strike","floor":1},{"not_picked":["Havoc","True Grit","Infernal Blade"],"picked":"Body Slam","floor":4},{"not_picked":["Heavy Blade","Dark Embrace","Cleave"],"picked":"Spot Weakness","floor":7},{"not_picked":["Clash+1","Carnage+1","Shockwave"],"picked":"Body Slam+1","floor":8},{"not_picked":["Anger+1","Fire Breathing","Iron Wave+1"],"picked":"Shrug It Off","floor":11},{"not_picked":["Dual Wield","Hemokinesis+1","Sever Soul+1"],"picked":"Armaments","floor":13},{"not_picked":["Sentinel","Fiend Fire+1","True Grit"],"picked":"Metallicize","floor":14},{"not_picked":["Reaper+1","Double Tap","Fiend Fire+1"],"picked":"Demon Form","floor":16},{"not_picked":["Anger+1","Rage","Armaments"],"picked":"Body Slam+1","floor":18},{"not_picked":["Wild Strike+1","Heavy Blade+1","Shockwave"],"picked":"Pommel Strike+1","floor":22},{"not_picked":["Heavy Blade+1","Evolve","Havoc+1"],"picked":"Limit Break","floor":24},{"not_picked":["True Grit+1","Sword Boomerang+1","Twin Strike+1"],"picked":"Sentinel+1","floor":25},{"not_picked":["Disarm","Whirlwind+1","Trip"],"picked":"Heavy Blade+1","floor":31},{"not_picked":["Secret Weapon","Alpha","Fiend Fire+1"],"picked":"After Image","floor":33},{"not_picked":["White Noise","Clash+1","Sucker Punch+1"],"picked":"Prostrate+1","floor":35},{"not_picked":["Master of Strategy","PanicButton","Discovery"],"picked":"Finesse","floor":38},{"not_picked":["Blade Dance+1","Thunderclap+1","Genetic Algorithm","Headbutt+1"],"picked":"SKIP","floor":40},{"not_picked":["Blade Dance+1","Thunderclap+1","Genetic Algorithm","Headbutt+1"],"picked":"SKIP","floor":40},{"not_picked":["Noxious Fumes+1","Conserve Battery","Sanctity+1"],"picked":"Flame Barrier","floor":45},{"not_picked":["Underhanded Strike+1","PiercingWail+1","Consecrate+1","Establishment"],"picked":"SKIP","floor":48},{"not_picked":["Cleave+1","Flying Knee+1","Calculated Gamble"],"picked":"Skewer+1","floor":54}],"player_experience":179384,"relics_obtained":[{"floor":8,"key":"Molten Egg 2"},{"floor":11,"key":"Self Forming Clay"},{"floor":14,"key":"Whetstone"},{"floor":24,"key":"Lantern"},{"floor":26,"key":"Pear"},{"floor":26,"key":"Kunai"},{"floor":30,"key":"Sundial"},{"floor":30,"key":"Mercury Hourglass"},{"floor":40,"key":"Bottled Lightning"},{"floor":43,"key":"Paper Frog"},{"floor":45,"key":"CaptainsWheel"},{"floor":48,"key":"White Beast Statue"},{"floor":54,"key":"Gremlin Horn"}],"event_choices":[{"cards_removed":["Strike_R"],"damage_healed":0,"gold_gain":0,"player_choice":"Card Removal","damage_taken":7,"max_hp_gain":0,"max_hp_loss":0,"event_name":"Golden Wing","floor":2,"gold_loss":0},{"cards_removed":["Pommel Strike"],"damage_healed":5,"gold_gain":0,"player_choice":"Offered Common","damage_taken":0,"max_hp_gain":0,"max_hp_loss":0,"event_name":"Bonfire Elementals","floor":3,"gold_loss":0},{"cards_removed":["Pommel Strike"],"damage_healed":5,"gold_gain":0,"player_choice":"Offered Special","damage_taken":0,"max_hp_gain":0,"max_hp_loss":0,"event_name":"Bonfire Elementals","floor":3,"gold_loss":0},{"damage_healed":0,"gold_gain":0,"player_choice":"Grow","damage_taken":0,"max_hp_gain":0,"max_hp_loss":0,"event_name":"Living Wall","floor":5,"gold_loss":0,"cards_upgraded":["Body Slam"]},{"damage_healed":0,"gold_gain":0,"player_choice":"Trade","damage_taken":0,"relics_obtained":["CultistMask"],"max_hp_gain":0,"max_hp_loss":0,"event_name":"FaceTrader","floor":12,"gold_loss":0},{"damage_healed":0,"gold_gain":100,"player_choice":"Pray","damage_taken":0,"max_hp_gain":0,"max_hp_loss":0,"event_name":"Golden Shrine","floor":20,"gold_loss":0},{"damage_healed":30,"gold_gain":0,"player_choice":"Heal","damage_taken":0,"max_hp_gain":0,"max_hp_loss":0,"event_name":"The Library","floor":28,"gold_loss":0},{"damage_healed":0,"gold_gain":0,"player_choice":"Shed Blood","damage_taken":23,"max_hp_gain":5,"max_hp_loss":0,"event_name":"Forgotten Altar","floor":29,"gold_loss":0},{"cards_removed":["Defend_R"],"damage_healed":0,"gold_gain":0,"player_choice":"Removed Skill","damage_taken":0,"max_hp_gain":0,"max_hp_loss":0,"event_name":"Falling","floor":37,"gold_loss":0},{"damage_healed":0,"gold_gain":0,"player_choice":"Memory 1","damage_taken":0,"max_hp_gain":0,"max_hp_loss":0,"event_name":"SensoryStone","floor":38,"gold_loss":0},{"damage_healed":0,"gold_gain":0,"player_choice":"Paid","damage_taken":0,"relics_obtained":["Red Mask"],"max_hp_gain":0,"max_hp_loss":0,"event_name":"Tomb of Lord Red Mask","floor":42,"gold_loss":38},{"damage_healed":0,"gold_gain":0,"player_choice":"Fight","damage_taken":0,"max_hp_gain":0,"max_hp_loss":0,"event_name":"Mysterious Sphere","floor":45,"gold_loss":0},{"damage_healed":24,"gold_gain":0,"player_choice":"Writhe","damage_taken":0,"max_hp_gain":0,"max_hp_loss":0,"event_name":"Winding Halls","floor":47,"gold_loss":0,"cards_obtained":["Writhe"]}],"is_beta":false,"boss_relics":[{"not_picked":["Snecko Eye","Astrolabe"],"picked":"Velvet Choker"},{"not_picked":["Fusion Hammer","Cursed Key"],"picked":"Philosopher\u0027s Stone"}],"items_purged_floors":[19,36],"is_endless":false,"potions_floor_spawned":[8,14,16,24,31,40,45,54],"killed_by":"The Heart","ascension_level":3}}