{"host":"aelxjre69umlx7r4","time":1612973013,"event":{"mods":["AchievementEnabler","BaseMod","Colored Map","DeckTracker","Highlight Path","Keyboard Shortcuts","Minty Spire (QoL Compilation)","Permanent Neow","SuperFastMode"],"gold_per_floor":[115,126,126,138,150,150,20,20,20,54,68,98,117,129,129,229,229,243,293,91,105,117,152,152,152,178,178,49,62,73,73,88,88,88,88],"floor_reached":34,"language":"KOR","playtime":735,"items_purged":["Pain","Strike_R","Strike_R"],"score":276,"play_id":"8ea5ac57-aa22-4425-8606-bd7f7bfcb101","local_time":"20210211010333","is_ascension_mode":false,"campfire_choices":[{"data":"Uppercut","floor":6.0,"key":"SMITH"},{"data":"Whirlwind","floor":8.0,"key":"SMITH"},{"floor":15.0,"key":"REST"},{"data":"Seeing Red","floor":24.0,"key":"SMITH"},{"data":"Offering","floor":27.0,"key":"SMITH"},{"floor":33.0,"key":"REST"}],"circlet_count":0,"master_deck":["Strike_R","Strike_R","Strike_R+1","Defend_R","Defend_R","Defend_R","Defend_R","Bash","Heavy Blade+1","Uppercut+1","Whirlwind+1","Rage","Fire Breathing","Offering+1","Seeing Red+1","Intimidate+1","Seeing Red+1","Inflame","Headbutt+1"],"relics":["Black Blood","Smiling Mask","WarpedTongs","Shuriken","Mummified Hand","Oddly Smooth Stone","PreservedInsect","Bottled Tornado","Whetstone"],"acts_visited":["Exordium","TheCity"],"potions_floor_usage":[34],"damage_taken":[{"damage":0.0,"enemies":"Small Slimes","floor":1.0,"turns":3.0},{"damage":6.0,"enemies":"Cultist","floor":2.0,"turns":3.0},{"damage":8.0,"enemies":"2 Louse","floor":4.0,"turns":3.0},{"damage":32.0,"enemies":"Large Slime","floor":5.0,"turns":7.0},{"damage":25.0,"enemies":"3 Sentries","floor":10.0,"turns":5.0},{"damage":0.0,"enemies":"Gremlin Gang","floor":11.0,"turns":1.0},{"damage":12.0,"enemies":"Blue Slaver","floor":13.0,"turns":3.0},{"damage":24.0,"enemies":"Exordium Thugs","floor":14.0,"turns":3.0},{"damage":35.0,"enemies":"Slime Boss","floor":16.0,"turns":8.0},{"damage":46.0,"enemies":"Spheric Guardian","floor":18.0,"turns":6.0},{"damage":23.0,"enemies":"3 Byrds","floor":21.0,"turns":4.0},{"damage":37.0,"enemies":"Cultist and Chosen","floor":22.0,"turns":5.0},{"damage":15.0,"enemies":"Gremlin Leader","floor":23.0,"turns":3.0},{"damage":18.0,"enemies":"Centurion and Healer","floor":29.0,"turns":4.0},{"damage":23.0,"enemies":"3 Cultists","floor":30.0,"turns":5.0},{"damage":6.0,"enemies":"Chosen and Byrds","floor":32.0,"turns":5.0},{"damage":76,"enemies":"Collector","floor":34,"turns":7}],"seed_played":"8392843959821559232","potions_obtained":[{"floor":1.0,"key":"DuplicationPotion"},{"floor":10.0,"key":"EntropicBrew"},{"floor":13.0,"key":"Swift Potion"},{"floor":21.0,"key":"BloodPotion"}],"is_trial":false,"path_per_floor":["M","M","?","M","M","R","$","R","T","E","M","?","M","M","R","B",null,"M","?","$","M","M","E","R","?","T","R","$","M","M","M","M","R","B"],"character_chosen":"IRONCLAD","items_purchased":["Whirlwind","PreservedInsect","Inflame"],"campfire_rested":2,"item_purchase_floors":[7,20,28],"current_hp_per_floor":[80,80,80,78,52,52,52,52,52,33,39,39,33,15,39,10,80,46,46,46,51,26,23,23,49,49,49,49,43,32,32,38,62,0,0],"gold":88,"neow_bonus":"RANDOM_COMMON_RELIC","is_daily":false,"chose_seed":false,"campfire_upgraded":4,"win_rate":0.0,"timestamp":1612973013,"path_taken":["M","M","?","M","M","R","$","R","T","E","?","?","M","M","R","BOSS","M","?","$","?","M","E","R","?","T","R","?","?","M","M","M","R","BOSS"],"items_purchased_type":["Card","Relic","Card"],"build_version":"2020-12-22","purchased_purges":3,"victory":false,"max_hp_per_floor":[80,80,80,80,80,80,80,80,80,80,80,80,80,80,80,80,80,80,80,80,80,80,80,80,80,80,80,80,80,80,80,80,80,80,80],"card_choices":[{"not_picked":["Hemokinesis","Wild Strike","True Grit"],"picked":"SKIP","floor":1.0},{"not_picked":["Cleave","Clothesline","Warcry"],"picked":"SKIP","floor":2.0},{"not_picked":["Body Slam","Shrug It Off"],"picked":"Heavy Blade","floor":4.0},{"not_picked":["Armaments","Havoc"],"picked":"Uppercut","floor":5.0},{"not_picked":["Impervious","True Grit","Power Through"],"picked":"SKIP","floor":10.0},{"not_picked":["Havoc","Clothesline","Twin Strike"],"picked":"SKIP","floor":11.0},{"not_picked":["Second Wind","Entrench"],"picked":"Rage","floor":13.0},{"not_picked":["Heavy Blade","Evolve"],"picked":"Fire Breathing","floor":14.0},{"not_picked":["Bludgeon","Reaper"],"picked":"Offering","floor":16.0},{"not_picked":["Heavy Blade","Iron Wave"],"picked":"Seeing Red+1","floor":18.0},{"not_picked":["Perfected Strike","Clash","Body Slam"],"picked":"SKIP","floor":21.0},{"not_picked":["Clash","Carnage"],"picked":"Intimidate+1","floor":22.0},{"not_picked":["Metallicize","Twin Strike+1"],"picked":"Seeing Red","floor":23.0},{"not_picked":["Carnage","Clothesline","Immolate"],"picked":"SKIP","floor":29.0},{"not_picked":["Anger","Infernal Blade","Body Slam+1"],"picked":"SKIP","floor":30.0},{"not_picked":["Twin Strike","Shockwave"],"picked":"Headbutt+1","floor":32.0}],"player_experience":443603,"relics_obtained":[{"floor":9.0,"key":"Shuriken"},{"floor":10.0,"key":"Mummified Hand"},{"floor":23.0,"key":"Bottled Tornado"},{"floor":26.0,"key":"Whetstone"}],"event_choices":[{"damage_healed":0.0,"max_hp_gain":0.0,"max_hp_loss":0.0,"gold_gain":0.0,"event_name":"Accursed Blacksmith","player_choice":"Rummage","floor":3.0,"gold_loss":0.0,"damage_taken":0.0,"relics_obtained":["WarpedTongs"],"cards_obtained":["Pain"]},{"damage_healed":0.0,"max_hp_gain":0.0,"max_hp_loss":0.0,"gold_gain":30.0,"event_name":"Dead Adventurer","player_choice":"Searched \u00272\u0027 times","floor":12.0,"gold_loss":0.0,"damage_taken":0.0,"relics_obtained":["Oddly Smooth Stone"]},{"damage_healed":0.0,"max_hp_gain":0.0,"max_hp_loss":0.0,"gold_gain":100.0,"event_name":"The Joust","player_choice":"Bet on Murderer","floor":19.0,"gold_loss":50.0,"damage_taken":0.0},{"damage_healed":26.0,"max_hp_gain":0.0,"max_hp_loss":0.0,"gold_gain":0.0,"event_name":"The Library","player_choice":"Heal","floor":25.0,"gold_loss":0.0,"damage_taken":0.0}],"is_beta":false,"boss_relics":[{"not_picked":["Sozu","Tiny House"],"picked":"Black Blood"}],"items_purged_floors":[7,20,28],"is_endless":false,"potions_floor_spawned":[1,10,13,16,18,21,29,30],"killed_by":"Collector","ascension_level":0}}