{"host":"3y2rtlgteqp2nuo3","time":1612960243,"event":{"mods":["2.2 Compatiblity","AchievementEnabler","BaseMod","Colored Map","DeckTracker","Highlight Path","Keyboard Shortcuts","Minty Spire (QoL Compilation)","Permanent Neow","Quick Restart","StSLib","SuperFastMode","everything is the same but u backflip on backflip"],"gold_per_floor":[111,111,121,138,150,150,168,180,205,205,216,246,264,24,24,98,98,110,120,91,141,141,141],"floor_reached":22,"language":"KOR","playtime":500,"items_purged":["Strike_B"],"score":352,"play_id":"d116e86f-df96-4d1c-a6d6-763176d14b80","local_time":"20210210213043","is_ascension_mode":true,"campfire_choices":[{"data":"Zap","floor":6.0,"key":"SMITH"},{"floor":10.0,"key":"REST"},{"data":"Redo","floor":15.0,"key":"SMITH"}],"circlet_count":0,"master_deck":["AscendersBane","Zap+1","Dualcast","Redo+1","Cold Snap","Compile Driver","Go for the Eyes","Defragment","Sunder","Capacitor","Conserve Battery","All For One","Steam","Force Field","Thunder Strike","Thunder Strike","Rainbow","Hyperbeam","Defragment","Consume+1","Sweeping Beam"],"relics":["Cracked Core","PreservedInsect","Letter Opener","Pandora\u0027s Box"],"acts_visited":["Exordium","TheCity"],"potions_floor_usage":[19],"damage_taken":[{"damage":1.0,"enemies":"2 Louse","floor":1.0,"turns":2.0},{"damage":1.0,"enemies":"Cultist","floor":3.0,"turns":3.0},{"damage":0.0,"enemies":"Jaw Worm","floor":4.0,"turns":4.0},{"damage":18.0,"enemies":"Lots of Slimes","floor":5.0,"turns":5.0},{"damage":9.0,"enemies":"Blue Slaver","floor":7.0,"turns":3.0},{"damage":5.0,"enemies":"Looter","floor":8.0,"turns":3.0},{"damage":0.0,"enemies":"Lots of Slimes","floor":11.0,"turns":1.0},{"damage":18.0,"enemies":"3 Sentries","floor":12.0,"turns":6.0},{"damage":4.0,"enemies":"Exordium Wildlife","floor":13.0,"turns":5.0},{"damage":11.0,"enemies":"Hexaghost","floor":16.0,"turns":8.0},{"damage":15.0,"enemies":"Chosen","floor":18.0,"turns":5.0},{"damage":10,"enemies":"Shell Parasite","floor":19,"turns":6},{"damage":42,"enemies":"Cultist and Chosen","floor":22,"turns":4}],"seed_played":"-3891134280503245414","potions_obtained":[{"floor":3.0,"key":"Strength Potion"},{"floor":5.0,"key":"AttackPotion"},{"floor":11.0,"key":"SkillPotion"},{"floor":16.0,"key":"Weak Potion"},{"floor":19,"key":"LiquidBronze"}],"is_trial":false,"path_per_floor":["M","?","M","M","M","R","M","M","T","R","M","E","M","$","R","B",null,"M","M","$","?","M"],"character_chosen":"DEFECT","items_purchased":["All For One","Sweeping Beam"],"campfire_rested":1,"item_purchase_floors":[14,20],"current_hp_per_floor":[63,63,62,62,44,44,35,30,30,51,51,33,29,29,29,18,58,43,33,33,33,0,0],"gold":141,"neow_bonus":"REMOVE_CARD","is_daily":false,"chose_seed":false,"campfire_upgraded":2,"win_rate":0.0,"timestamp":1612960243,"path_taken":["M","?","M","M","M","R","M","?","T","R","M","E","M","$","R","BOSS","M","M","$","?","M"],"items_purchased_type":["Card","Card"],"build_version":"2020-12-22","purchased_purges":1,"victory":false,"max_hp_per_floor":[71,71,71,71,71,71,71,71,71,71,71,71,71,71,71,71,71,71,71,71,71,71,71],"card_choices":[{"not_picked":["Stack","Turbo"],"picked":"Redo","floor":1.0},{"not_picked":["Turbo","Self Repair"],"picked":"Cold Snap","floor":3.0},{"not_picked":["Cold Snap","Steam"],"picked":"Compile Driver","floor":4.0},{"not_picked":["Heatsinks","Hello World","Fusion"],"picked":"SKIP","floor":5.0},{"not_picked":["Heatsinks","Undo"],"picked":"Go for the Eyes","floor":7.0},{"not_picked":["Go for the Eyes","Conserve Battery"],"picked":"Defragment","floor":8.0},{"not_picked":["Streamline","Go for the Eyes"],"picked":"Sunder","floor":11.0},{"not_picked":["Barrage","Self Repair"],"picked":"Capacitor","floor":12.0},{"not_picked":["Beam Cell","Auto Shields"],"picked":"Conserve Battery","floor":13.0},{"not_picked":["Multi-Cast","Echo Form"],"picked":"Electrodynamics","floor":16.0},{"not_picked":["Static Discharge","Force Field"],"picked":"Defragment","floor":18.0},{"not_picked":["Redo","Auto Shields"],"picked":"Consume+1","floor":19}],"player_experience":780854,"relics_obtained":[{"floor":9.0,"key":"PreservedInsect"},{"floor":12.0,"key":"Letter Opener"}],"event_choices":[{"damage_healed":0.0,"max_hp_gain":0.0,"max_hp_loss":0.0,"gold_gain":0.0,"event_name":"Match and Keep!","player_choice":"0 cards matched","floor":2.0,"gold_loss":0.0,"damage_taken":0.0,"cards_obtained":[]},{"damage_healed":0,"gold_gain":50,"player_choice":"Stole From Cult","damage_taken":0,"max_hp_gain":0,"max_hp_loss":0,"event_name":"Nest","floor":21,"gold_loss":0}],"is_beta":false,"boss_relics":[{"not_picked":["SacredBark","Runic Pyramid"],"picked":"Pandora\u0027s Box"}],"items_purged_floors":[14],"is_endless":false,"potions_floor_spawned":[3,5,7,8,11,16,18,19],"killed_by":"Cultist and Chosen","ascension_level":17}}