{"host":"3n5xmnb54n2y5mb4","time":1612988015,"event":{"mods":["BaseMod","Colored Map","Colored Powertips","Downfall","Minty Spire (QoL Compilation)","Permanent Neow","StSLib","Unceasing Turn Reminder","everything is the same but u backflip on backflip"],"gold_per_floor":[115,134,134,134,154,189,203,232,284,284,318,318,350,54,54,157,157,172,172,189,199,219,219,252,252,252,252,279,69,94,37,37,142,142,156,156,156,169,180,180,205,255,255,280,17,35,35,61,61,61,61,61,2,2,2],"floor_reached":54,"language":"ENG","playtime":2258,"items_purged":["Defend_R"],"score":1286,"play_id":"16c51f8f-7048-4e07-a2ee-0b3a6765ed93","local_time":"20210210151335","is_ascension_mode":true,"campfire_choices":[{"floor":10.0,"key":"REST"},{"floor":12.0,"key":"REST"},{"floor":15.0,"key":"REST"},{"floor":23.0,"key":"REST"},{"floor":32.0,"key":"REST"},{"floor":40,"key":"REST"},{"data":"1","floor":47,"key":"LIFT"},{"floor":49,"key":"RECALL"},{"data":"2","floor":52,"key":"LIFT"}],"circlet_count":0,"master_deck":["AscendersBane","Strike_R","Strike_R","Strike_R","Strike_R","Strike_R","Defend_R","Defend_R+1","Defend_R","Bash+1","Uppercut","Warcry+1","Shrug It Off","Disarm","Pommel Strike","Spot Weakness","Twin Strike","Wild Strike","Metallicize","Dropkick+1","Limit Break","Perfected Strike","Twin Strike","Shrug It Off","Burning Pact+1","Flame Barrier","Master of Strategy","Metallicize","Feed","Double Tap","CurseOfTheBell","Perfected Strike","Shrug It Off","Perfected Strike+1","Battle Trance","Twin Strike+1","Wild Strike","Flame Barrier+1"],"relics":["Burning Blood","StrikeDummy","Orichalcum","Odd Mushroom","Ancient Tea Set","Akabeko","Art of War","Membership Card","War Paint","bronze:MakeshiftBattery","Meat on the Bone","The Courier","Happy Flower","Pear","PreservedInsect","Calling Bell","Blood Vial","Matryoshka","Lizard Tail","Girya","Unceasing Top","Juzu Bracelet","Whetstone","Self Forming Clay","Boot","Regal Pillow","Bird Faced Urn","Oddly Smooth Stone"],"acts_visited":["Exordium","TheCity","TheBeyond","TheEnding"],"potions_floor_usage":[44,50,50],"damage_taken":[{"damage":2.0,"enemies":"2 Louse","floor":1.0,"turns":3.0},{"damage":11.0,"enemies":"Jaw Worm","floor":2.0,"turns":4.0},{"damage":1.0,"enemies":"Cultist","floor":5.0,"turns":3.0},{"damage":12.0,"enemies":"Gremlin Nob","floor":6.0,"turns":3.0},{"damage":13.0,"enemies":"Looter","floor":7.0,"turns":4.0},{"damage":35.0,"enemies":"The Mushroom Lair","floor":8.0,"turns":6.0},{"damage":19.0,"enemies":"3 Sentries","floor":11.0,"turns":9.0},{"damage":26.0,"enemies":"Lagavulin","floor":13.0,"turns":4.0},{"damage":3.0,"enemies":"Slime Boss","floor":16.0,"turns":8.0},{"damage":12.0,"enemies":"Shell Parasite","floor":18.0,"turns":5.0},{"damage":14.0,"enemies":"2 Thieves","floor":20.0,"turns":4.0},{"damage":1.0,"enemies":"Cultist and Chosen","floor":21.0,"turns":4.0},{"damage":23.0,"enemies":"3 Cultists","floor":22.0,"turns":6.0},{"damage":23.0,"enemies":"Gremlin Leader","floor":24.0,"turns":4.0},{"damage":18.0,"enemies":"Slavers","floor":28.0,"turns":5.0},{"damage":9.0,"enemies":"Gremlin Leader","floor":30.0,"turns":3.0},{"damage":88.0,"enemies":"Automaton","floor":33.0,"turns":12.0},{"damage":33.0,"enemies":"3 Shapes","floor":35.0,"turns":6.0},{"damage":70.0,"enemies":"3 Darklings","floor":38.0,"turns":7.0},{"damage":30,"enemies":"Sphere and 2 Shapes","floor":39,"turns":6},{"damage":31,"enemies":"Reptomancer","floor":41,"turns":5},{"damage":0,"enemies":"Mind Bloom Boss Battle","floor":42,"turns":5},{"damage":33,"enemies":"Nemesis","floor":44,"turns":9},{"damage":18,"enemies":"4 Shapes","floor":46,"turns":4},{"damage":28,"enemies":"Giant Head","floor":48,"turns":6},{"damage":145,"enemies":"Donu and Deca","floor":50,"turns":11},{"damage":111,"enemies":"Shield and Spear","floor":54,"turns":6}],"seed_played":"3635751250485104507","potions_obtained":[{"floor":1.0,"key":"HeartOfIron"},{"floor":2.0,"key":"AttackPotion"},{"floor":8.0,"key":"FearPotion"},{"floor":11.0,"key":"LiquidMemories"},{"floor":13.0,"key":"Dexterity Potion"},{"floor":19.0,"key":"Dexterity Potion"},{"floor":20.0,"key":"Strength Potion"},{"floor":33.0,"key":"BloodPotion"},{"floor":38.0,"key":"Block Potion"},{"floor":41,"key":"LiquidBronze"}],"is_trial":false,"path_per_floor":["M","M","?","?","M","E","M","?","T","R","E","R","E","$","R","B",null,"M","?","M","M","M","R","E","?","T","?","E","$","E","$","R","B",null,"M","?","?","M","M","R","E","?","T","E","$","M","R","E","R","B",null,"R","$","E"],"character_chosen":"IRONCLAD","items_purchased":["Membership Card","War Paint","Metallicize","Dropkick","Pear","Master of Strategy","Feed","Self Forming Clay","Wild Strike","Dexterity Potion","Boot","Regal Pillow","Oddly Smooth Stone"],"campfire_rested":6,"item_purchase_floors":[14,14,14,14,29,29,31,45,45,45,45,45,53],"current_hp_per_floor":[71,66,66,66,71,65,58,29,29,57,44,72,52,52,80,83,93,87,87,79,84,67,95,78,78,78,78,66,76,73,73,104,34,88,66,93,93,64,57,90,70,81,81,68,68,73,73,65,65,24,99,99,99,0,0],"gold":2,"neow_bonus":"TWENTY_PERCENT_HP_BONUS","is_daily":false,"chose_seed":false,"campfire_upgraded":0,"win_rate":0.0,"timestamp":1612988015,"path_taken":["M","M","?","?","M","E","?","?","T","R","E","R","E","?","R","BOSS","M","?","M","M","?","R","E","?","T","?","E","$","E","$","R","BOSS","M","?","?","M","?","R","E","?","T","E","$","M","R","E","R","BOSS","R","$","E"],"items_purchased_type":["Relic","Relic","Card","Card","Relic","Card","Card","Relic","Card","Potion","Relic","Relic","Relic"],"build_version":"2020-12-22","purchased_purges":1,"victory":false,"max_hp_per_floor":[96,96,96,96,96,96,96,96,96,96,96,96,96,96,96,96,96,96,96,96,96,96,96,96,96,96,96,96,106,106,106,106,106,106,109,109,109,109,112,112,115,118,118,118,118,121,121,121,121,124,124,124,124,124,124],"card_choices":[{"not_picked":["Flex","Sentinel"],"picked":"Uppercut","floor":1.0},{"not_picked":["Rage","Clothesline"],"picked":"Warcry","floor":2.0},{"not_picked":["Warcry","Uppercut"],"picked":"Shrug It Off","floor":5.0},{"not_picked":["Shrug It Off","Searing Blow"],"picked":"Disarm","floor":6.0},{"not_picked":["Flame Barrier","Clothesline"],"picked":"Pommel Strike","floor":7.0},{"not_picked":["Havoc","Anger"],"picked":"Spot Weakness","floor":8.0},{"not_picked":["True Grit","Perfected Strike"],"picked":"Twin Strike","floor":11.0},{"not_picked":["Rampage","Limit Break"],"picked":"Wild Strike","floor":13.0},{"not_picked":["Demon Form","Brutality"],"picked":"Limit Break","floor":16.0},{"not_picked":["Pummel","Uppercut","Anger"],"picked":"SKIP","floor":18.0},{"not_picked":["Sever Soul","Shrug It Off"],"picked":"Perfected Strike","floor":20.0},{"not_picked":["Heavy Blade","Reckless Charge"],"picked":"Twin Strike","floor":21.0},{"not_picked":["True Grit","Cleave+1"],"picked":"Shrug It Off","floor":22.0},{"not_picked":["Armaments","Heavy Blade+1"],"picked":"Burning Pact+1","floor":24.0},{"not_picked":["Battle Trance","Combust"],"picked":"Flame Barrier","floor":28.0},{"not_picked":["Reaper","Ghostly Armor"],"picked":"Metallicize","floor":30.0},{"not_picked":["Corruption","Juggernaut"],"picked":"Double Tap","floor":33.0},{"not_picked":["Thunderclap","Iron Wave+1"],"picked":"Perfected Strike","floor":35.0},{"not_picked":["Sword Boomerang+1","Thunderclap+1"],"picked":"Shrug It Off","floor":38.0},{"not_picked":["Fire Breathing+1","Feel No Pain+1"],"picked":"Perfected Strike+1","floor":39},{"not_picked":["Barricade","Havoc+1"],"picked":"Battle Trance","floor":41},{"not_picked":["Fire Breathing+1","Thunderclap"],"picked":"Twin Strike+1","floor":42},{"not_picked":["Dropkick","Pummel","Pommel Strike+1"],"picked":"SKIP","floor":44},{"not_picked":["Sword Boomerang","Heavy Blade+1","Combust"],"picked":"SKIP","floor":46},{"not_picked":["Iron Wave+1","Rupture+1"],"picked":"Flame Barrier+1","floor":48}],"player_experience":1024185,"relics_obtained":[{"floor":4.0,"key":"StrikeDummy"},{"floor":6.0,"key":"Orichalcum"},{"floor":8.0,"key":"Odd Mushroom"},{"floor":9.0,"key":"Ancient Tea Set"},{"floor":11.0,"key":"Akabeko"},{"floor":13.0,"key":"Art of War"},{"floor":24.0,"key":"Meat on the Bone"},{"floor":26.0,"key":"The Courier"},{"floor":28.0,"key":"Happy Flower"},{"floor":30.0,"key":"PreservedInsect"},{"floor":34.0,"key":"Blood Vial"},{"floor":34.0,"key":"Matryoshka"},{"floor":34.0,"key":"Lizard Tail"},{"floor":41,"key":"Girya"},{"floor":42,"key":"Unceasing Top"},{"floor":43,"key":"Juzu Bracelet"},{"floor":44,"key":"Whetstone"},{"floor":48,"key":"Bird Faced Urn"}],"event_choices":[{"damage_healed":0.0,"max_hp_gain":0.0,"max_hp_loss":0.0,"gold_gain":0.0,"event_name":"Liars Game","player_choice":"Ignored","floor":3.0,"gold_loss":0.0,"damage_taken":0.0},{"damage_healed":0.0,"max_hp_gain":0.0,"max_hp_loss":0.0,"gold_gain":0.0,"event_name":"Wheel of Change","player_choice":"Relic","floor":4.0,"gold_loss":0.0,"damage_taken":0.0},{"damage_healed":0.0,"max_hp_gain":0.0,"max_hp_loss":0.0,"gold_gain":0.0,"event_name":"Mushrooms","player_choice":"Fought Mushrooms","floor":8.0,"gold_loss":0.0,"damage_taken":0.0},{"damage_healed":0.0,"max_hp_gain":0.0,"max_hp_loss":0.0,"gold_gain":0.0,"event_name":"Lab","player_choice":"Got Potions","floor":19.0,"gold_loss":0.0,"damage_taken":0.0},{"damage_healed":0.0,"max_hp_gain":0.0,"max_hp_loss":0.0,"gold_gain":0.0,"event_name":"Ghosts","player_choice":"Ignored","floor":25.0,"gold_loss":0.0,"damage_taken":0.0},{"damage_healed":0.0,"max_hp_gain":0.0,"max_hp_loss":0.0,"gold_gain":0.0,"event_name":"Vampires","player_choice":"Ignored","floor":27.0,"gold_loss":0.0,"damage_taken":0.0},{"damage_healed":27.0,"max_hp_gain":0.0,"max_hp_loss":0.0,"gold_gain":0.0,"event_name":"Winding Halls","player_choice":"Writhe","floor":36.0,"gold_loss":0.0,"damage_taken":0.0,"cards_obtained":["Writhe"]},{"cards_removed":["Writhe"],"damage_healed":0.0,"max_hp_gain":0.0,"max_hp_loss":0.0,"gold_gain":0.0,"event_name":"Purifier","player_choice":"Purged","floor":37.0,"gold_loss":0.0,"damage_taken":0.0},{"damage_healed":0,"gold_gain":0,"player_choice":"Fight","damage_taken":0,"max_hp_gain":0,"max_hp_loss":0,"event_name":"MindBloom","floor":42,"gold_loss":0}],"is_beta":false,"boss_relics":[{"not_picked":["Sozu","Fusion Hammer"],"picked":"bronze:MakeshiftBattery"},{"not_picked":["Empty Cage","SlaversCollar"],"picked":"Calling Bell"}],"items_purged_floors":[29],"is_endless":false,"potions_floor_spawned":[1,2,8,11,13,20,21,24,33,38,41,42],"killed_by":"Shield and Spear","ascension_level":10}}