{"host":"by8i6f8xc0ywpsd5","time":1612956796,"event":{"mods":["BaseMod","Colored Map","Minty Spire (QoL Compilation)","Relic Stats"],"gold_per_floor":[110,126,142,142,142,142,154,182,182,182,196,211,211,241,241,318,318,258,10,10,10,10,10,10,10,10,10,10,10,10,10,10,10,10],"floor_reached":33,"language":"ENG","playtime":1149,"items_purged":[],"score":630,"play_id":"7e25c43b-571e-4408-a094-83724f36de51","local_time":"20210210133316","is_ascension_mode":true,"campfire_choices":[{"data":"Bash","floor":6,"key":"SMITH"},{"data":"Combust","floor":10,"key":"SMITH"},{"data":"Disarm","floor":15,"key":"SMITH"},{"data":"Rupture","floor":24,"key":"SMITH"},{"data":"Armaments","floor":27,"key":"SMITH"},{"data":"Feel No Pain","floor":29,"key":"SMITH"},{"floor":32,"key":"REST"}],"circlet_count":0,"master_deck":["AscendersBane","Strike_R","Strike_R","Strike_R+1","Strike_R","Strike_R","Defend_R","Defend_R","Defend_R","Defend_R","Bash+1","Dramatic Entrance","Thunderclap","Twin Strike","Dropkick","Perfected Strike","Combust+1","Blood for Blood","Disarm+1","Burning Pact","Corruption","Pommel Strike+1","Feel No Pain+1","Armaments+1","True Grit","Headbutt+1","Rupture+1","Battle Trance","Dropkick"],"relics":["Burning Blood","Tiny Chest","PreservedInsect","Lantern","StrikeDummy","Ectoplasm","MutagenicStrength","Whetstone","Peace Pipe","Bag of Preparation","MawBank"],"acts_visited":["Exordium","TheCity"],"potions_floor_usage":[8,22,23,23,33,33],"damage_taken":[{"damage":3,"enemies":"2 Louse","floor":1,"turns":2},{"damage":2,"enemies":"Small Slimes","floor":2,"turns":3},{"damage":2,"enemies":"Jaw Worm","floor":3,"turns":3},{"damage":14,"enemies":"Large Slime","floor":7,"turns":5},{"damage":25,"enemies":"Lagavulin","floor":8,"turns":4},{"damage":8,"enemies":"Blue Slaver","floor":11,"turns":2},{"damage":7,"enemies":"Exordium Wildlife","floor":12,"turns":2},{"damage":17,"enemies":"3 Sentries","floor":14,"turns":5},{"damage":17,"enemies":"Hexaghost","floor":16,"turns":7},{"damage":28,"enemies":"2 Thieves","floor":18,"turns":3},{"damage":9,"enemies":"3 Byrds","floor":20,"turns":3},{"damage":20,"enemies":"Snake Plant","floor":22,"turns":3},{"damage":5,"enemies":"Book of Stabbing","floor":23,"turns":2},{"damage":13,"enemies":"Gremlin Leader","floor":25,"turns":5},{"damage":20,"enemies":"Book of Stabbing","floor":30,"turns":3},{"damage":2,"enemies":"Snecko","floor":31,"turns":3},{"damage":52,"enemies":"Automaton","floor":33,"turns":6}],"seed_played":"-3455707525759719559","potions_obtained":[{"floor":2,"key":"PowerPotion"},{"floor":3,"key":"EssenceOfSteel"},{"floor":8,"key":"BloodPotion"},{"floor":22,"key":"AttackPotion"},{"floor":30,"key":"ElixirPotion"},{"floor":31,"key":"HeartOfIron"}],"is_trial":false,"path_per_floor":["M","M","M","?","?","R","M","E","T","R","M","M","T","E","R","B",null,"M","$","M","?","M","E","R","E","T","R","?","R","E","M","R","B"],"character_chosen":"IRONCLAD","items_purchased":["Feel No Pain","Armaments","True Grit","Strength Potion"],"campfire_rested":1,"item_purchase_floors":[19,19,19,19],"current_hp_per_floor":[71,75,75,80,80,80,72,53,53,53,51,50,50,39,39,28,67,45,45,42,42,44,45,45,38,38,38,38,38,24,28,52,0,0],"gold":10,"neow_bonus":"RANDOM_COLORLESS","is_daily":false,"chose_seed":false,"campfire_upgraded":6,"win_rate":0.0,"timestamp":1612956796,"path_taken":["M","M","M","?","?","R","M","E","T","R","M","M","?","E","R","BOSS","M","$","M","?","M","E","R","E","T","R","?","R","E","M","R","BOSS"],"items_purchased_type":["Card","Card","Card","Potion"],"build_version":"2020-12-22","purchased_purges":0,"victory":false,"max_hp_per_floor":[75,75,75,80,80,80,80,80,80,80,80,80,80,80,80,80,80,80,80,80,80,80,80,80,80,80,80,80,80,80,80,80,80,80],"relic_stats":{"Peace Pipe":0,"counters":[17,61],"Tiny Chest":0,"PreservedInsect":171,"Ectoplasm":282,"Bag of Preparation":[6],"Whetstone":["Strike_R","Pommel Strike"],"MawBank":0,"obtain_stats":[{"Peace Pipe":25,"Lantern":13,"MutagenicStrength":21,"Tiny Chest":8,"PreservedInsect":9,"Ectoplasm":17,"Bag of Preparation":26,"Whetstone":23,"StrikeDummy":14,"MawBank":30,"Burning Blood":0},{"Peace Pipe":14,"Lantern":7,"MutagenicStrength":11,"Tiny Chest":5,"PreservedInsect":5,"Ectoplasm":9,"Bag of Preparation":14,"Whetstone":13,"StrikeDummy":8,"MawBank":15,"Burning Blood":0},{"Peace Pipe":49,"Lantern":21,"MutagenicStrength":39,"Tiny Chest":17,"PreservedInsect":17,"Ectoplasm":33,"Bag of Preparation":49,"Whetstone":44,"StrikeDummy":26,"MawBank":52,"Burning Blood":0}],"Burning Blood":92},"card_choices":[{"not_picked":["Madness","Bandage Up"],"picked":"Dramatic Entrance","floor":0},{"not_picked":["Metallicize","Havoc"],"picked":"Thunderclap","floor":1},{"not_picked":["Anger","Perfected Strike"],"picked":"Twin Strike","floor":2},{"not_picked":["Headbutt","Dual Wield"],"picked":"Dropkick","floor":3},{"not_picked":["Headbutt","Burning Pact"],"picked":"Perfected Strike","floor":7},{"not_picked":["Clothesline","Sword Boomerang"],"picked":"Combust","floor":8},{"not_picked":["Twin Strike","Clothesline"],"picked":"Blood for Blood","floor":11},{"not_picked":["Thunderclap","Reckless Charge"],"picked":"Disarm","floor":12},{"not_picked":["Infernal Blade","Berserk"],"picked":"Burning Pact","floor":14},{"not_picked":["Impervious","Exhume"],"picked":"Corruption","floor":16},{"not_picked":["Body Slam","Rage"],"picked":"Pommel Strike","floor":18},{"not_picked":["Rampage","Body Slam"],"picked":"Headbutt+1","floor":20},{"not_picked":["Second Wind","Fire Breathing","Flex"],"picked":"SKIP","floor":22},{"not_picked":["Juggernaut","Heavy Blade+1"],"picked":"Rupture","floor":23},{"not_picked":["Cleave","Iron Wave","Anger"],"picked":"SKIP","floor":25},{"not_picked":["Disarm","Power Through"],"picked":"Battle Trance","floor":30},{"not_picked":["Iron Wave","Pommel Strike"],"picked":"Dropkick","floor":31}],"player_experience":1779198,"relics_obtained":[{"floor":8,"key":"Tiny Chest"},{"floor":9,"key":"PreservedInsect"},{"floor":13,"key":"Lantern"},{"floor":14,"key":"StrikeDummy"},{"floor":23,"key":"Whetstone"},{"floor":25,"key":"Peace Pipe"},{"floor":26,"key":"Bag of Preparation"},{"floor":30,"key":"MawBank"}],"event_choices":[{"damage_healed":0,"gold_gain":0,"player_choice":"Donut","damage_taken":0,"max_hp_gain":5,"max_hp_loss":0,"event_name":"Big Fish","floor":4,"gold_loss":0},{"damage_healed":0,"gold_gain":0,"player_choice":"Ignored","damage_taken":0,"max_hp_gain":0,"max_hp_loss":0,"event_name":"Liars Game","floor":5,"gold_loss":0},{"damage_healed":0,"gold_gain":0,"player_choice":"Inject Mutagens","damage_taken":0,"relics_obtained":["MutagenicStrength"],"max_hp_gain":0,"max_hp_loss":0,"event_name":"Drug Dealer","floor":21,"gold_loss":0},{"damage_healed":0,"gold_gain":0,"player_choice":"Ignored","damage_taken":0,"max_hp_gain":0,"max_hp_loss":0,"event_name":"Vampires","floor":28,"gold_loss":0}],"is_beta":false,"boss_relics":[{"not_picked":["Empty Cage","Pandora\u0027s Box"],"picked":"Ectoplasm"}],"items_purged_floors":[],"is_endless":false,"potions_floor_spawned":[2,3,8,22,30,31],"killed_by":"Automaton","ascension_level":20}}