{"host":"fj5i6t4nkss7815d","time":1612921644,"event":{"mods":["AchievementEnabler","BaseMod","Minty Spire (QoL Compilation)","Quick Restart","Relic Stats"],"gold_per_floor":[116,133,153,173,323,323,323,352,352,365,365,400,400,414,414,414,414],"floor_reached":16,"language":"ENG","playtime":763,"items_purged":[],"score":218,"play_id":"ebfc1406-ed24-43ff-95bf-b8904e20d0d2","local_time":"20210209174724","is_ascension_mode":true,"campfire_choices":[{"data":"Zap","floor":6,"key":"SMITH"},{"floor":11,"key":"REST"},{"floor":13,"key":"REST"},{"floor":15,"key":"REST"}],"circlet_count":0,"master_deck":["AscendersBane","Strike_B","Strike_B","Strike_B","Strike_B","Defend_B","Defend_B","Defend_B","Defend_B","Zap+1","Dualcast","Sweeping Beam","Capacitor","Beam Cell","Defragment","Melter","Gash","Thunder Strike"],"relics":["Cracked Core","Orichalcum","Letter Opener","Thread and Needle"],"acts_visited":["Exordium"],"potions_floor_usage":[12,14,16],"damage_taken":[{"damage":1,"enemies":"Cultist","floor":1,"turns":3},{"damage":7,"enemies":"Jaw Worm","floor":2,"turns":4},{"damage":0,"enemies":"Small Slimes","floor":3,"turns":3},{"damage":1,"enemies":"2 Fungi Beasts","floor":4,"turns":3},{"damage":50,"enemies":"3 Sentries","floor":8,"turns":7},{"damage":0,"enemies":"Gremlin Gang","floor":10,"turns":3},{"damage":25,"enemies":"Lagavulin","floor":12,"turns":6},{"damage":0,"enemies":"Blue Slaver","floor":14,"turns":3},{"damage":33,"enemies":"Hexaghost","floor":16,"turns":9}],"seed_played":"8923978654993984651","potions_obtained":[{"floor":3,"key":"SmokeBomb"},{"floor":10,"key":"Swift Potion"},{"floor":12,"key":"EssenceOfSteel"},{"floor":14,"key":"Dexterity Potion"}],"is_trial":false,"path_per_floor":["M","M","M","M","?","R","?","E","T","M","R","E","R","M","R","B"],"character_chosen":"DEFECT","items_purchased":[],"campfire_rested":3,"item_purchase_floors":[],"current_hp_per_floor":[70,63,63,62,62,62,55,5,5,5,28,3,26,26,49,16,16],"gold":414,"neow_bonus":"TEN_PERCENT_HP_BONUS","is_daily":false,"chose_seed":false,"campfire_upgraded":1,"win_rate":0.0,"timestamp":1612921644,"path_taken":["M","M","M","?","?","R","?","E","T","M","R","E","R","M","R","BOSS"],"items_purchased_type":[],"build_version":"2020-12-22","purchased_purges":0,"victory":false,"max_hp_per_floor":[78,78,78,78,78,78,78,78,78,78,78,78,78,78,78,78,78],"relic_stats":{"counters":[9,41],"Letter Opener":[0],"Orichalcum":[54],"obtain_stats":[{"Thread and Needle":12,"Letter Opener":9,"Orichalcum":8,"Cracked Core":0},{"Thread and Needle":7,"Letter Opener":5,"Orichalcum":5,"Cracked Core":0},{"Thread and Needle":29,"Letter Opener":20,"Orichalcum":20,"Cracked Core":0}]},"card_choices":[{"not_picked":["Glacier","White Noise"],"picked":"Sweeping Beam","floor":1},{"not_picked":["Fusion","Rebound"],"picked":"Capacitor","floor":2},{"not_picked":["Skim","Steam","Capacitor"],"picked":"SKIP","floor":3},{"not_picked":["Undo","Coolheaded"],"picked":"Beam Cell","floor":4},{"not_picked":["Stack","Sweeping Beam"],"picked":"Defragment","floor":8},{"not_picked":["Turbo","Ball Lightning"],"picked":"Melter","floor":10},{"not_picked":["Coolheaded","Leap"],"picked":"Gash","floor":12},{"not_picked":["Barrage","Hologram"],"picked":"Thunder Strike","floor":14}],"player_experience":1023213,"relics_obtained":[{"floor":8,"key":"Orichalcum"},{"floor":9,"key":"Letter Opener"},{"floor":12,"key":"Thread and Needle"}],"event_choices":[{"damage_healed":0,"gold_gain":150,"player_choice":"AGREE","damage_taken":0,"max_hp_gain":0,"max_hp_loss":0,"event_name":"Liars Game","floor":5,"gold_loss":0,"cards_obtained":["Doubt"]},{"cards_removed":["Doubt"],"damage_healed":0,"gold_gain":0,"player_choice":"Card Removal","damage_taken":7,"max_hp_gain":0,"max_hp_loss":0,"event_name":"Golden Wing","floor":7,"gold_loss":0}],"is_beta":false,"boss_relics":[],"items_purged_floors":[],"is_endless":false,"potions_floor_spawned":[3,10,12,14],"killed_by":"Hexaghost","ascension_level":19}}