{"host":"am0cr9xwekqmrere","time":1612929305,"event":{"mods":["AchievementEnabler","Act Like it!","BaseMod","Better Altar","Better Match","Better Note","Better Sensory Stone","Better Skull","Better Third Choice","BetterRewards","Conspire","Downfall","Hubris","Infinite Spire","Minty Spire (QoL Compilation)","Rare Cards Sparkle","Spicy Shops","StSLib","Unceasing Turn Reminder"],"gold_per_floor":[99,9,28,28,28,62,62,74,88,120,52,52,64,339,359,462,462,362,376,390,390,406,406,458,408,436,436,336,336,336,370,392,509,509,509,527,543,601,601,615,684,684,684,584,610,610,624,646,659,665,665,679,679,679],"floor_reached":52,"language":"ENG","playtime":2551,"items_purged":[],"score":741,"play_id":"8c90c59c-2b7f-4e01-8594-6d933928a633","local_time":"20210209215505","is_ascension_mode":false,"campfire_choices":[{"data":"bronze:Replicate","floor":1,"key":"SMITH"},{"data":"bronze:Separator","floor":12,"key":"SMITH"},{"floor":18,"key":"RECALL"},{"floor":28,"key":"REST"},{"data":"bronze:InfiniteLoop","floor":30,"key":"SMITH"},{"data":"bronze:TinkerersToolbox","floor":35,"key":"SMITH"},{"data":"infinitespire:SevenWalls","floor":44,"key":"SMITH"},{"floor":46,"key":"REST"}],"circlet_count":0,"master_deck":["bronze:Strike","bronze:Strike","bronze:Strike","bronze:Strike","bronze:Defend","bronze:Defend","bronze:Defend","bronze:Defend","bronze:Replicate+1","bronze:Goto","bronze:BronzeArmor","bronze:ChosenStrike","bronze:Repair","bronze:InfiniteLoop+1","bronze:Repair","bronze:WhirlingStrike","bronze:Overheat","bronze:Separator+1","bronze:Safeguard","bronze:Frontload","bronze:FineTuning","bronze:Constructor","bronze:RecursiveStrike","bronze:Boost+1","bronze:Fortify","bronze:Philosophize+1","bronze:Overheat","bronze:Deprecate+1","bronze:Iterate","bronze:TinkerersToolbox+1","bronze:Flail+1","bronze:Shield+1","bronze:Mutator","bronze:Shield","bronze:WhirlingStrike+1","infinitespire:SevenWalls+1","bronze:BugBarrage+1","bronze:CutThrough+1","bronze:NullPointer+1"],"relics":["bronze:PlatinumCore","infinitespire:Golems Mask","Girya","Pocketwatch","SacredBark","downfall:HeartBlessingGreen","infinitespire:Midas Blood","bronze:SilverBullet","downfall:HeartBlessingRed","conspire:GiftBox","conspire:SpecialSausage","Pear","downfall:HeartBlessingBlue"],"acts_visited":["Exordium","TheCity","TheBeyond","TheEnding"],"potions_floor_usage":[11,11,16,32,47,50,50],"damage_taken":[{"damage":0,"enemies":"downfall:FleeingMerchant","floor":2,"turns":4},{"damage":5,"enemies":"Small Slimes","floor":3,"turns":3},{"damage":44,"enemies":"Lagavulin","floor":6,"turns":7},{"damage":0,"enemies":"2 Louse","floor":8,"turns":3},{"damage":0,"enemies":"Cultist","floor":9,"turns":2},{"damage":10,"enemies":"3 Sentries","floor":10,"turns":5},{"damage":6,"enemies":"downfall:FleeingMerchant","floor":11,"turns":4},{"damage":9,"enemies":"Exordium Thugs","floor":13,"turns":4},{"damage":4,"enemies":"Blue Slaver","floor":15,"turns":2},{"damage":33,"enemies":"DF_ARCHETYPE_STREAMLINE","floor":16,"turns":9},{"damage":10,"enemies":"Chosen","floor":19,"turns":5},{"damage":36,"enemies":"Chosen and Byrds","floor":20,"turns":6},{"damage":5,"enemies":"Snecko","floor":22,"turns":4},{"damage":32,"enemies":"Shelled Parasite and Fungi","floor":26,"turns":4},{"damage":28,"enemies":"Chosen and Byrds","floor":31,"turns":5},{"damage":6,"enemies":"Snecko","floor":32,"turns":4},{"damage":41,"enemies":"WA_ARCHETYPE_CALM","floor":33,"turns":11},{"damage":18,"enemies":"3 Shapes","floor":36,"turns":5},{"damage":9,"enemies":"3 Darklings","floor":37,"turns":2},{"damage":34,"enemies":"3 Darklings","floor":38,"turns":5},{"damage":0,"enemies":"Jaw Worm Horde","floor":40,"turns":2},{"damage":47,"enemies":"Maw","floor":45,"turns":9},{"damage":5,"enemies":"4 Shapes","floor":47,"turns":3},{"damage":18,"enemies":"Sphere and 2 Shapes","floor":48,"turns":2},{"damage":23,"enemies":"Transient","floor":49,"turns":5},{"damage":29,"enemies":"IC_BLOCK_ARCHETYPE","floor":50,"turns":10},{"damage":111,"enemies":"downfall:CharBossMerchant","floor":52,"turns":8}],"seed_played":"-1834367689321435820","potions_obtained":[{"floor":3,"key":"EssenceOfSteel"},{"floor":8,"key":"Energy Potion"},{"floor":10,"key":"PowerPotion"},{"floor":13,"key":"DuplicationPotion"},{"floor":15,"key":"SmokeBomb"},{"floor":26,"key":"Swift Potion"},{"floor":32,"key":"SpeedPotion"},{"floor":38,"key":"AttackPotion"},{"floor":45,"key":"bronze:CleanCodePotion"},{"floor":47,"key":"FearPotion"}],"is_trial":false,"path_per_floor":["R","$","M","?","?","E","T","M","M","E","$","R","M","?","M","B",null,"R","M","M","AVR","M","?","T","?","M","?","R","?","R","M","M","B",null,"R","M","M","?","?","M","T","AVR","?","R","M","R","M","M","M","B",null,"E"],"character_chosen":"THE_AUTOMATON","items_purchased":["bronze:ChosenStrike","bronze:Frontload"],"campfire_rested":2,"item_purchase_floors":[2,11],"current_hp_per_floor":[77,77,72,72,72,35,35,42,42,39,47,47,45,45,48,30,77,77,71,49,49,51,54,54,80,55,55,79,79,79,59,60,34,80,80,77,75,53,53,53,53,63,63,73,33,63,58,47,31,16,100,0,0,0],"gold":679,"neow_bonus":"TEN_PERCENT_HP_BONUS","is_daily":false,"chose_seed":false,"campfire_upgraded":5,"win_rate":0.0,"timestamp":1612929305,"path_taken":["R","$","M","?","?","E","T","?","M","E","?","R","M","?","M","BOSS","R","M","M","AVR","?","?","T","?","M","?","R","?","R","?","M","BOSS","R","M","M","?","?","M","T","AVR","?","R","M","R","M","?","M","BOSS","E"],"items_purchased_type":["Card","Card"],"build_version":"2020-12-22","purchased_purges":0,"victory":false,"max_hp_per_floor":[77,77,77,77,77,77,77,77,77,77,77,77,77,77,77,77,77,77,77,77,77,77,80,80,80,80,80,80,80,80,80,80,80,80,80,80,80,80,80,80,80,90,90,100,100,100,100,100,100,100,100,100,100,100],"card_choices":[{"not_picked":["bronze:Invalidate","bronze:OilSpill"],"picked":"bronze:BronzeArmor","floor":2},{"not_picked":["bronze:GetLatest","bronze:Repulsor"],"picked":"bronze:Repair","floor":3},{"not_picked":["bronze:DigitalCarnage","bronze:Frontload"],"picked":"bronze:Repair","floor":6},{"not_picked":["bronze:Branch","bronze:Flail"],"picked":"bronze:WhirlingStrike","floor":8},{"not_picked":["bronze:Turbo","bronze:Overload"],"picked":"bronze:Overheat","floor":9},{"not_picked":["bronze:DelayedSlice","bronze:Virus"],"picked":"bronze:Separator","floor":10},{"not_picked":["bronze:Branch","bronze:BugBarrage"],"picked":"bronze:Safeguard","floor":11},{"not_picked":["bronze:CloningBeam","bronze:Overheat"],"picked":"bronze:FineTuning","floor":13},{"not_picked":["bronze:Turbo","bronze:Deprecate"],"picked":"bronze:Constructor","floor":15},{"not_picked":["bronze:BurnOut","bronze:InfiniteLoop"],"picked":"bronze:RecursiveStrike","floor":16},{"not_picked":["bronze:Overheat","bronze:BitShift+1"],"picked":"bronze:Boost+1","floor":19},{"not_picked":["bronze:ChosenStrike","bronze:Invalidate"],"picked":"bronze:Fortify","floor":20},{"not_picked":["bronze:BurnOut","bronze:OilSpill"],"picked":"bronze:Philosophize+1","floor":22},{"not_picked":["bronze:WhirlingStrike","bronze:BitShift+1"],"picked":"bronze:Overheat","floor":26},{"not_picked":["bronze:DelayedSlice","bronze:ForLoop"],"picked":"bronze:Deprecate+1","floor":31},{"not_picked":["bronze:Optimize","bronze:Branch"],"picked":"bronze:Iterate","floor":32},{"not_picked":["bronze:RecursiveStrike","bronze:BurnOut"],"picked":"bronze:TinkerersToolbox","floor":33},{"not_picked":["bronze:WhirlingStrike+1","bronze:Safeguard"],"picked":"bronze:Flail+1","floor":36},{"not_picked":["bronze:Optimize","bronze:Branch"],"picked":"bronze:Shield+1","floor":37},{"not_picked":["bronze:Format","bronze:Hardcode"],"picked":"bronze:Mutator","floor":38},{"not_picked":["bronze:Return+1","bronze:Iterate"],"picked":"bronze:Shield","floor":38},{"not_picked":["bronze:Overload+1","bronze:ForLoop"],"picked":"bronze:WhirlingStrike+1","floor":40},{"not_picked":["bronze:Deprecate","bronze:Constructor+1"],"picked":"bronze:BugBarrage+1","floor":45},{"not_picked":["bronze:Refactor+1","bronze:Iterate","bronze:Turbo"],"picked":"SKIP","floor":47},{"not_picked":["bronze:Shield","bronze:OilSpill+1"],"picked":"bronze:CutThrough+1","floor":48},{"not_picked":["bronze:Overload","bronze:Shield"],"picked":"bronze:NullPointer+1","floor":49}],"player_experience":2758222,"relics_obtained":[{"floor":6,"key":"infinitespire:Golems Mask"},{"floor":7,"key":"Girya"},{"floor":10,"key":"Pocketwatch"},{"floor":24,"key":"bronze:SilverBullet"},{"floor":38,"key":"conspire:GiftBox"}],"event_choices":[{"cards_removed":["bronze:Repair"],"damage_healed":0,"gold_gain":0,"player_choice":"Take \u0026 Give","damage_taken":0,"max_hp_gain":0,"max_hp_loss":0,"event_name":"betterNote:BetterNote","floor":5,"gold_loss":0,"cards_obtained":["bronze:InfiniteLoop"]},{"damage_healed":0,"gold_gain":0,"player_choice":"Ignored","damage_taken":0,"max_hp_gain":0,"max_hp_loss":0,"event_name":"Ghosts","floor":27,"gold_loss":0}],"is_beta":false,"boss_relics":[{"not_picked":["Snecko Eye","hubris:TerracottaHorce"],"picked":"SacredBark"},{"not_picked":["Pandora\u0027s Box","hubris:CrackedHourglass"],"picked":"bronze:PlatinumCore"}],"items_purged_floors":[],"is_endless":false,"potions_floor_spawned":[3,8,10,13,15,26,31,32,33,38,40,45,47],"killed_by":"downfall:CharBossMerchant","ascension_level":0}}