{"host":"8brdtfc44ht6wmts","time":1612933175,"event":{"mods":["100% Spire Juice","ATMod(阿瑾Mod)","Ascension Reborn","Aspiration","BaseMod","Energized Spire","Marisa（F雨　魔理沙）","Minty Spire (QoL Compilation)","Reliquary","Remilia（蕾米莉亚）","Replay The Spire","RumiaBox-露米娅的神秘盒子","Spicy Shops","StSLib","TestMod","The Administrix","The Construct","The Hierophant","残留之物"],"gold_per_floor":[114,114,42,60,60,87,102,102,102],"floor_reached":8,"language":"ZHS","playtime":799,"items_purged":[],"score":56,"play_id":"7a08c77d-2cb8-4ffb-846b-a3888eefda3a","local_time":"20210210125935","daily_mods":["Hoarder","Vintage","Flight","DeadlyEvents"],"is_ascension_mode":false,"campfire_choices":[],"circlet_count":0,"master_deck":["Moonworks:Strike","Moonworks:Strike","Moonworks:Strike","Moonworks:Defend","Moonworks:Defend","Moonworks:Defend","Moonworks:Defend","Moonworks:Ambush","Moonworks:LongDistanceShot","AT_FamilyPortrait","AT_FamilyPortrait","AT_FamilyPortrait","SatelliteIllusion","SatelliteIllusion","SatelliteIllusion","Moonworks:MixPhenomenon","Moonworks:MixPhenomenon","Moonworks:MixPhenomenon","Moonworks:Dash","Moonworks:Dash","Moonworks:Dash","PlaceholderMod:DiffusionPoison","PlaceholderMod:DiffusionPoison","PlaceholderMod:DiffusionPoison","Moonworks:CookingTime","Moonworks:CookingTime","Moonworks:CookingTime"],"relics":["Moonworks:BrokenBomb","Moonworks:Homemark","AT_ATBox","testmod-TestBox","testmod-HeartOfDaVinci","aspiration:PocketMushroom","Pen Nib","PlaceholderMod:SlimeBlood","testmod-ConstraintPeriapt"],"acts_visited":["Exordium"],"potions_floor_usage":[8],"damage_taken":[{"damage":7.0,"enemies":"Jaw Worm","floor":1.0,"turns":3.0},{"damage":16.0,"enemies":"Cultist","floor":4.0,"turns":5.0},{"damage":24.0,"enemies":"3 Sentries","floor":6.0,"turns":7.0},{"damage":6.0,"enemies":"2 Louse","floor":7.0,"turns":2.0},{"damage":38,"enemies":"Lagavulin","floor":8,"turns":6}],"seed_played":"2415363688107384883","potions_obtained":[{"floor":1.0,"key":"Block Potion"},{"floor":4.0,"key":"DuplicationPotion"}],"is_trial":true,"path_per_floor":["M","?","$","M","$","E","M","E"],"character_chosen":"THE_STARBREAKER","items_purchased":["Moonworks:Dash"],"campfire_rested":0,"item_purchase_floors":[3],"current_hp_per_floor":[53,53,53,37,37,13,10,0,0],"gold":102,"neow_bonus":"","is_daily":false,"chose_seed":false,"campfire_upgraded":0,"win_rate":0.0,"timestamp":1612933175,"path_taken":["M","?","$","M","?","E","M","E"],"items_purchased_type":["Card"],"build_version":"2020-12-22","purchased_purges":0,"victory":false,"max_hp_per_floor":[60,60,60,60,60,60,60,60,60],"card_choices":[{"not_picked":["Moonworks:ExtendedPhotonRifle","Moonworks:DeployBits"],"picked":"Moonworks:CookingTime","floor":6.0}],"player_experience":23022,"relics_obtained":[{"floor":1.0,"key":"aspiration:PocketMushroom"},{"floor":4.0,"key":"Pen Nib"},{"floor":6.0,"key":"PlaceholderMod:SlimeBlood"},{"floor":7,"key":"testmod-ConstraintPeriapt"}],"event_choices":[{"damage_healed":0.0,"max_hp_gain":0.0,"max_hp_loss":0.0,"gold_gain":0.0,"cards_transformed":["Moonworks:Strike"],"event_name":"Transmorgrifier","player_choice":"Transformed","floor":2.0,"gold_loss":0.0,"damage_taken":0.0,"cards_obtained":["Moonworks:MixPhenomenon"]}],"is_beta":false,"boss_relics":[],"items_purged_floors":[],"is_endless":false,"potions_floor_spawned":[1,4],"killed_by":"Lagavulin","ascension_level":0}}