{"host":"w5vfr18i2ft1pzo2","time":1612962075,"event":{"mods":["AchievementEnabler","Act Like it!","Aspiration","BaseMod","Better Debug","Better Third Choice","BetterRewards","Bossed Relics","Colored Map","Colored Powertips","Conspire","Curses Come First","DNKmod","Defuse TimeMaze Blight","Dota2Spire","Elementarium","Energized Spire","Evolution","Force Act Four","Fox Events","Friendly Minions","Gensokyo","GifTheSpireLib","Gold Saver","Halation","Hallownest","Hubris","Hyrulean Relics","Infinite Spire","Jedi Mod","Marisa????????","Minty Spire (QoL Compilation)","MostiFishMod","Poor People Problems","Prisma Mod","Reimu??????","Relic Filter Mod","Reliquary","Remilia??????","Replay The Spire","RumiaBox-????????","SacredBarkPlus","Shop Mod","Small Relic Pack","Spicy Shops","Spikes Relics","Spire Arcade","StS++","StSLib","Stuff the Spire","SuperFastMode","Synergy Search","The Animator","The Blue Laboratory","The Servant 0.9.4","Trackpad","Treasure Hunter","Uncapped","Wandering Minibosses","Yakumo Yukari mod","noobMod","??????REMEMod"],"gold_per_floor":[15838,15838,14616,14625,14649,14703,14724,14770,14779,14803,14803,11329,11329,11329,11357,11357,11449,11449,11476,11500,11533,10249,10270,10318,10318,11155,11164,11164,11217,9559,9559,9559,9559,9648,9616,9643,9643,0,26,35,35,62,62,95,145,145,129,165,212,212,217,217],"floor_reached":53,"language":"ENG","playtime":1282,"items_purged":["ThirdEye","Doubt","Parasite","Pain","Replay:Sluggish"],"score":2866,"play_id":"2e55ace7-2f8e-4a20-8704-2e2d3c48643e","local_time":"20210210210115","is_ascension_mode":true,"campfire_choices":[{"floor":14,"key":"RECALL"},{"data":"Storm","floor":16,"key":"SMITH"},{"data":"ShadowOfCrow2:ReiMu","floor":28,"key":"SMITH"},{"data":"PrismaMod:MiyuChannelDefendEvoke","floor":31,"key":"SMITH"},{"data":"REME_MawOfCthun","floor":33,"key":"SMITH"},{"data":"DevaForm","floor":41,"key":"SMITH"},{"data":"Metallicize","floor":43,"key":"SMITH"},{"data":"Adaptation","floor":50,"key":"SMITH"}],"circlet_count":0,"master_deck":["AscendersBane","FollowUp","BowlingBash","StSpp:LatentStrike","CrushJoints","ThirdEye","EmptyBody","Evaluate","Eruption","Vigilance","Adaptation+1","Replay:Anticipation","MostiFishMod:PathToVictory","BowlingBash","Weave","Replay:Cycle","LikeWater+1","MostiFishMod:PathToVictory","Berserk","Pride","StuffTheSpire:FreeRealEstate","JustLucky","REME_Repentance+1","FlurryOfBlows","MostiFishMod:FlowState","Study","TH:BikiniMail","MostiFishMod:ReadyAimFire","animator:Verdia","TH:Mimic","Replay:Hum","TH:BikiniMail","CareerPray:ReiMu","REME_TwoStrings","Violence","WheelKick+1","MostiFishMod:Disappear","ClearTheMind","MentalFortress","Storm+1","TH:BikiniMail","MostiFishMod:DoubleSword","Acrobatics","jedi:bloodyhammer","FIFO Queue+1","SafetyPray:ReiMu","MiserableFate","InnerPeace","IllusionStar","Rearm","MostiFishMod:Mottled","hubris:Ssssneak","StSpp:Purify","Protect","Worship","PrismaMod:MiyuChannelDefendEvoke+1","TH:CursedSword","Hidden Blade","ShadowOfCrow2:ReiMu+1","TH:BikiniMail","TH:BikiniMail","Thunderclap","Wireheading","Wireheading","ForeignInfluence+1","ForeignInfluence+1","Consecrate","JustLucky","REME_MawOfCthun+1","Protect","TH:CursedSword","MostiFishMod:Listen","Strike_P","DevaForm+1","Metallicize+1","Burning Pact","TH:BikiniMail","MagicChant+1","TH:DeckOfManyThings","TH:ElvenBoots","MostiFishMod:Culaccino","animator:Kuroyukihime","TH:TreasureMap"],"relics":["PureWater","EVO:Axolotl","DaveBox","ice","REME_ComplimentaryCards","halation:Diary","reliquary:Firecrackers","Damaru","Juzu Bracelet","aspiration:FetidBarrel","hubris:EmptyBottle","Shuriken","InkBottle","TheAbacus","Gremlin Horn","CeramicFish","PrismaticShard","Centennial Puzzle","DollysMirror","ClockworkSouvenir","Dota2Spire:Dagon","RhineCircuit","SynthV:TestCard","Hallownest:DreamNailRelic","halation:Convergence","StuffTheSpire:EmeraldSignet","GoldenEye","reliquary:Stiletto","hubris:TinFlute","SynthV:MejaisSoulstealer","StuffTheSpire:CocoNut","TimeFreeze","halation:BlackBeret","aspiration:StickyExplosives","trackpad:ToughGloves","Hallownest:SheosBrushRelic","Orrery","conspire:TopHat","ReplayTheSpireMod:Lightbulb","reliquary:Knoch","halation:LostSnail","reliquary:SharkskinSheath","halation:EternalFortune","wanderingMiniBosses:MasterThiefsPresence","Letter Opener","Dota2Spire:ArmletOfMordiggian","CherryCoatedStake","Toolbox","halation:NonexistentMirror","reliquary:OuijaBoard","trackpad:WritersBlock","RuthlessExorcism:ReiMu","hubris:Icosahedron","energizedSpire:HugeHouse","Red Mask","ShockBauble","reliquary:WeakTea","Meat on the Bone","hubris:Towel","ReplayTheSpireMod:CursedCoin","jedi:heavyjacket","hubris:SlimyHat"],"acts_visited":["Hallownest:Greenpath","Hallownest:CityofTears","TheBeyond"],"potions_floor_usage":[],"damage_taken":[{"damage":0,"enemies":"Hallownest:monsterHuskWarrior","floor":1,"turns":1},{"damage":2,"enemies":"Hallownest:2_MossCreeps","floor":5,"turns":4},{"damage":24,"enemies":"Hallownest:eliteCrystalGuardian","floor":6,"turns":5},{"damage":2,"enemies":"Hallownest:2_Tiktiks_and_1_Crawlid","floor":7,"turns":1},{"damage":0,"enemies":"Hallownest:eliteMossKnight","floor":8,"turns":1},{"damage":14,"enemies":"Hallownest:MossCreep_and_Mosskin","floor":10,"turns":2},{"damage":0,"enemies":"Hallownest:1_Ooma_and_2_Uuma","floor":15,"turns":1},{"damage":10,"enemies":"Hallownest:BossFalseKnight","floor":17,"turns":4},{"damage":0,"enemies":"Hallownest:Guard_and_Sentry","floor":19,"turns":3},{"damage":0,"enemies":"Hallownest:Flukemon_and_Top","floor":20,"turns":1},{"damage":14,"enemies":"Hallownest:monsterShrumalOgre","floor":21,"turns":2},{"damage":18,"enemies":"Hallownest:2_Husk_Sentries","floor":23,"turns":2},{"damage":0,"enemies":"Hallownest:eliteWatcherKnight","floor":24,"turns":6},{"damage":24,"enemies":"Hallownest:Glutton_and_Coward","floor":26,"turns":2},{"damage":8,"enemies":"Hallownest:eliteSoulWarrior","floor":29,"turns":2},{"damage":6,"enemies":"Hallownest:BossGrimm","floor":34,"turns":2},{"damage":11,"enemies":"3 Darklings","floor":36,"turns":2},{"damage":0,"enemies":"Orb Walker","floor":39,"turns":1},{"damage":0,"enemies":"Maw","floor":42,"turns":1},{"damage":0,"enemies":"R_Hoarder","floor":45,"turns":4},{"damage":0,"enemies":"Spire Growth","floor":48,"turns":2},{"damage":15,"enemies":"Nemesis","floor":49,"turns":3},{"damage":0,"enemies":"Awakened One","floor":51,"turns":5},{"damage":19,"enemies":"conspire:OrnateMirror","floor":52,"turns":3}],"seed_played":"-3760638538117706080","potions_obtained":[{"floor":6,"key":"blueLaboratory:HeartbeatPotion"},{"floor":8,"key":"blueLaboratory:TrueEctoplasm"},{"floor":23,"key":"Swift Potion"},{"floor":42,"key":"blueLaboratory:BottleOfVodka"}],"is_trial":false,"path_per_floor":["M","?","$","?","M","E","M","E","T","M","M","$","?","R","M","R","B",null,"M","M","M","$","M","E","?","M","T","R","E","$","R","?","R","B",null,"M","?","?","M","T","R","M","R","T","E","?","$","M","E","R","B","B",null],"character_chosen":"WATCHER","items_purchased":["halation:Diary","reliquary:Firecrackers","Damaru","Juzu Bracelet","aspiration:FetidBarrel","hubris:EmptyBottle","Adaptation","Replay:Anticipation","MostiFishMod:PathToVictory","BowlingBash","Weave","Shuriken","InkBottle","TheAbacus","Gremlin Horn","CeramicFish","PrismaticShard","Replay:Cycle","LikeWater+1","Centennial Puzzle","DollysMirror","ClockworkSouvenir","Dota2Spire:Dagon","halation:Convergence","StuffTheSpire:EmeraldSignet","GoldenEye","StuffTheSpire:FreeRealEstate","JustLucky","REME_Repentance+1","FlurryOfBlows","MostiFishMod:FlowState","Study","SynthV:MejaisSoulstealer","StuffTheSpire:CocoNut","TimeFreeze","halation:BlackBeret","aspiration:StickyExplosives","trackpad:ToughGloves","REME_TwoStrings","Violence","WheelKick+1","MostiFishMod:Disappear","PathToVictory","ClearTheMind","MentalFortress","Orrery","conspire:TopHat","ReplayTheSpireMod:Lightbulb","reliquary:Knoch","halation:LostSnail","MostiFishMod:Mottled","hubris:Ssssneak","StSpp:Purify","Protect","Worship","CherryCoatedStake","Toolbox","halation:NonexistentMirror","reliquary:OuijaBoard","trackpad:WritersBlock","RuthlessExorcism:ReiMu","Wireheading","ForeignInfluence+1","Consecrate","JustLucky","REME_MawOfCthun","Protect","ReplayTheSpireMod:CursedCoin"],"campfire_rested":0,"item_purchase_floors":[0,0,0,0,0,0,0,0,0,0,0,0,0,0,0,0,0,0,0,0,0,0,0,3,3,3,3,3,3,3,3,3,12,12,12,12,12,12,12,12,12,12,12,12,12,22,22,22,22,22,22,22,22,22,22,30,30,30,30,30,30,30,30,30,30,30,30,47],"current_hp_per_floor":[164,164,164,164,164,142,140,140,140,126,126,133,133,133,133,133,123,162,162,162,148,148,134,134,137,113,113,113,107,107,107,107,107,101,155,148,148,148,148,148,148,148,148,148,148,148,148,148,133,133,144,125],"gold":217,"neow_bonus":"","is_daily":false,"chose_seed":false,"campfire_upgraded":7,"win_rate":0.0,"timestamp":1612962075,"path_taken":["M","?","$","?","M","E","M","E","T","M","M","$","?","R","M","R","BOSS","M","M","M","$","M","E","?","M","T","R","E","$","R","?","R","BOSS","M","?","?","M","?","R","M","R","T","E","?","?","M","E","R","BOSS","BOSS"],"items_purchased_type":["Relic","Relic","Relic","Relic","Relic","Relic","Card","Card","Card","Card","Card","Relic","Relic","Relic","Relic","Relic","Relic","Card","Card","Relic","Relic","Relic","Relic","Relic","Relic","Relic","Card","Card","Card","Card","Card","Card","Relic","Relic","Relic","Relic","Relic","Relic","Card","Card","Card","Card","Card","Card","Card","Relic","Relic","Relic","Relic","Relic","Card","Card","Card","Card","Card","Relic","Relic","Relic","Relic","Relic","Relic","Card","Card","Card","Card","Card","Card","Relic"],"build_version":"2020-12-22","purchased_purges":5,"victory":true,"max_hp_per_floor":[171,171,171,171,171,171,171,171,171,171,171,175,175,175,175,175,175,175,175,175,175,175,175,175,178,178,178,178,178,178,178,178,178,178,173,176,176,176,176,176,176,176,176,176,176,176,176,176,176,176,176,176],"card_choices":[{"not_picked":["animator:Tyuule","PrismaMod:IllyaStunPoison","animator:LeleiLaLalena"],"picked":"SKIP","floor":1},{"not_picked":["animator:Jibril","Sentinel","animator:Shuna","Caltrops"],"picked":"PrismaMod:IllyaGrailKun","floor":5},{"not_picked":["TH:Mimic","TH:PixieDust","TH:DeckOfManyThings"],"picked":"TH:BikiniMail","floor":6},{"not_picked":["PrismaMod:IllyaCommonEvoke","PrismaMod:IllyaMinorRapidFire","ReplayTheSpireMod:Reroute Power","animator:OrikoMikuni"],"picked":"MostiFishMod:ReadyAimFire","floor":6},{"not_picked":["PrismaMod:IllyaCommonEvoke","animator:Illya","Underhanded Strike","animator:Benimaru"],"picked":"animator:Verdia","floor":7},{"not_picked":["TH:PixieDust","TH:CopperCoins","TH:EnergyPotion"],"picked":"TH:Mimic","floor":8},{"not_picked":["StuffTheSpire:Fury","PrismaMod:IllyaSaphire","animator:GazelDwargon","BloodyTrap"],"picked":"Replay:Hum","floor":8},{"not_picked":["TH:TreasureMap","TH:PixieDust","TH:EnergyPotion"],"picked":"TH:BikiniMail","floor":9},{"not_picked":["Reflex","AsteroidBelt","Deflect","PrismaMod:IllyaCheapChannelPoison"],"picked":"CareerPray:ReiMu","floor":10},{"not_picked":["Noxious Fumes","StuffTheSpire:Resist","StSpp:Sprint","Hemogenesis"],"picked":"Storm","floor":15},{"not_picked":["TH:TreasureMap","TH:ElvenBoots","TH:PixieDust"],"picked":"TH:BikiniMail","floor":17},{"not_picked":["StSpp:Converter","Core Surge","Atom Bomb","PrismaMod:IllyaInstallMoonCancer"],"picked":"MostiFishMod:DoubleSword","floor":17},{"not_picked":["animator:Kuribayashi","hubris:PowerSurge","Tactician","jedi:BurstLightning"],"picked":"Acrobatics","floor":19},{"not_picked":["Time Bomb+1","animator:Guy","AfternoonTea","SubcavityInstant:ReiMu"],"picked":"jedi:bloodyhammer","floor":20},{"not_picked":["animator:Benimaru","PrismaMod:IllyaFriendMaker","PrismaMod:MiyuDefenseExplosion","animator:Shinoa"],"picked":"FIFO Queue+1","floor":21},{"not_picked":["MostiFishMod:RainCloud","ReplayTheSpireMod:LeadingStrike","WatchEChange_purple","Replace"],"picked":"SafetyPray:ReiMu","floor":22},{"not_picked":["BasicCrystalCard","Spin","PrismaMod:IllyaAOECommonAttack","StSpp:Saturation"],"picked":"MiserableFate","floor":22},{"not_picked":["animator:Chung","StSpp:Dive","FlyingSleeves","GravityBeat"],"picked":"InnerPeace","floor":22},{"not_picked":["BottledTime","GalacticHalo","Hologram","PrismaMod:MiyuCheapChannelAttack"],"picked":"IllusionStar","floor":22},{"not_picked":["Anger","Halt","animator:Aisha","animator:Vanir"],"picked":"Rearm","floor":22},{"not_picked":["FlyingSleeves","animator:SilverFang","LeisurelyOfLord+1","StuffTheSpire:Injection"],"picked":"PrismaMod:MiyuChannelDefendEvoke","floor":23},{"not_picked":["TH:EnergyPotion","TH:ArmorSpikes","TH:TreasureMap"],"picked":"TH:CursedSword","floor":24},{"not_picked":["OmniscientAndOmnipotent_Monster_purple","ExternalForce_HighSpeedFlying_purple","Flying Knee","animator:Mikaela"],"picked":"Hidden Blade","floor":24},{"not_picked":["AirStrike:ReiMu","ReachHeaven","MoonPhase","Occultation"],"picked":"ShadowOfCrow2:ReiMu","floor":26},{"not_picked":["TH:ElvenBoots","TH:TreasureMap","TH:DeckOfManyThings"],"picked":"TH:BikiniMail","floor":27},{"not_picked":["TH:EnergyPotion","TH:CursedSword","TH:PixieDust"],"picked":"TH:BikiniMail","floor":29},{"not_picked":["VampireKiss","FollowUp","jedi:locknload","DancingSilver"],"picked":"Thunderclap","floor":29},{"not_picked":["TH:Mimic","TH:DeckOfManyThings","TH:CopperCoins"],"picked":"TH:CursedSword","floor":34},{"not_picked":["MostiFishMod:JungleRules","Amplify","MostiFishMod:Mottled","MostiFishMod:StarWish"],"picked":"MostiFishMod:Listen","floor":34},{"not_picked":["animator:ChaikaBohdan","animator:Spearman","Sucker Punch","animator:Chung+1"],"picked":"Metallicize","floor":36},{"not_picked":["BlasphemousPunishment","animator:Mitsurugi","Darkness","Scrape"],"picked":"Burning Pact","floor":39},{"not_picked":["TH:ArmorSpikes","TH:DeckOfManyThings","TH:CopperCoins"],"picked":"TH:BikiniMail","floor":40},{"not_picked":["Footwork","PrismaMod:ChloeCommonAOEAttack+1","Swivel","animator:PandorasActor"],"picked":"MagicChant+1","floor":42},{"not_picked":["TH:Mimic","TH:PixieDust","TH:ElvenBoots"],"picked":"TH:DeckOfManyThings","floor":44},{"not_picked":["TH:Mimic","TH:PixieDust","TH:ArmorSpikes"],"picked":"TH:ElvenBoots","floor":45},{"not_picked":["OpenedBox_purple","Protect+1","PrismaMod:ChloeCheapAttack","PathToVictory+1"],"picked":"MostiFishMod:Culaccino","floor":45},{"not_picked":["animator:FielNirvalen","animator:KrulTepes","Ricochet","PrismaMod:MiyuDefenseExplosion"],"picked":"animator:Kuroyukihime","floor":48},{"not_picked":["TH:Mimic","TH:ArmorSpikes","TH:BikiniMail"],"picked":"TH:TreasureMap","floor":49},{"not_picked":["StuffTheSpire:FinalStruggle","Clothesline","Finesse+1","Blade Dance+1","Flame Barrier"],"picked":"SKIP","floor":49}],"player_experience":507640,"relics_obtained":[{"floor":1,"key":"SynthV:TestCard"},{"floor":6,"key":"reliquary:Stiletto"},{"floor":8,"key":"hubris:TinFlute"},{"floor":24,"key":"reliquary:SharkskinSheath"},{"floor":26,"key":"wanderingMiniBosses:MasterThiefsPresence"},{"floor":27,"key":"Letter Opener"},{"floor":29,"key":"Dota2Spire:ArmletOfMordiggian"},{"floor":36,"key":"halation:EternalFortune"},{"floor":40,"key":"ShockBauble"},{"floor":44,"key":"reliquary:WeakTea"},{"floor":45,"key":"Meat on the Bone"},{"floor":49,"key":"jedi:heavyjacket"}],"event_choices":[{"cards_removed":["PathToVictory"],"damage_healed":0,"gold_gain":0,"player_choice":"Removed Skill","damage_taken":0,"max_hp_gain":0,"max_hp_loss":0,"event_name":"Falling","floor":37,"gold_loss":0},{"damage_healed":0,"gold_gain":0,"player_choice":"Paid","damage_taken":0,"relics_obtained":["Red Mask"],"max_hp_gain":0,"max_hp_loss":0,"event_name":"Tomb of Lord Red Mask","floor":38,"gold_loss":9643}],"is_beta":false,"boss_relics":[{"not_picked":["Transparent","jedi:battlestandard","reliquary:RedCape"]},{"not_picked":["Abe\u0027s Treasure","HereWithMe"],"picked":"energizedSpire:HugeHouse"}],"items_purged_floors":[0,12,12,30,47],"is_endless":false,"potions_floor_spawned":[6,8,17,23,26,42,45,48],"ascension_level":20}}