{"host":"tjq6rykv202u6iqx","time":1612993520,"event":{"mods":["AchievementEnabler","BaseMod","Minty Spire (QoL Compilation)","Rare Cards Sparkle","Relic Stats"],"gold_per_floor":[112,187,187,100,15,15,46,60,86,118,174,174,174,204,204,277,277,293,47,66,83,83,108,108,133,133,133,163,177,177,210,210,287,287,306,341,354,354,396,447,447,504,554,554,579,615,673,702,714,726,738,738],"floor_reached":51,"language":"ENG","playtime":4385,"items_purged":[],"score":2037,"play_id":"ede8d910-5c16-4a9a-b872-28053841ad1b","local_time":"20210210154520","is_ascension_mode":true,"campfire_choices":[{"data":"EmptyFist","floor":6.0,"key":"SMITH"},{"data":"Tantrum","floor":13.0,"key":"SMITH"},{"data":"Conclude","floor":15.0,"key":"SMITH"},{"data":"BowlingBash","floor":24.0,"key":"SMITH"},{"data":"ThirdEye","floor":27.0,"key":"SMITH"},{"data":"CutThroughFate","floor":32.0,"key":"SMITH"},{"floor":41.0,"key":"REST"},{"floor":49.0,"key":"REST"}],"circlet_count":0,"master_deck":["AscendersBane","Strike_P","Strike_P+1","Strike_P","Strike_P","Defend_P","Defend_P","Eruption+1","Vigilance","EmptyFist+1","Conclude+1","BowlingBash+1","Crescendo","JustLucky","Consecrate","Tantrum+1","InnerPeace","CutThroughFate+1","Weave","WindmillStrike+1","ThirdEye+1","CutThroughFate","Wireheading+1","Meditate","Wish","Scrawl","Wallop+1","Dark Shackles","Purity","Panacea","DeusExMachina","Nirvana+1"],"relics":["PureWater","MealTicket","Anchor","InkBottle","Frozen Egg 2","PreservedInsect","VioletLotus","Pen Nib","Vajra","Regal Pillow","Mummified Hand","Potion Belt","Nloth\u0027s Gift","Akabeko","Black Star","Boot","Ice Cream","Bird Faced Urn","Art of War","Bronze Scales","MawBank"],"acts_visited":["Exordium","TheCity","TheBeyond"],"potions_floor_usage":[51],"damage_taken":[{"damage":0.0,"enemies":"Jaw Worm","floor":1.0,"turns":1.0},{"damage":0.0,"enemies":"Gremlin Nob","floor":7.0,"turns":2.0},{"damage":0.0,"enemies":"Small Slimes","floor":8.0,"turns":1.0},{"damage":0.0,"enemies":"Lagavulin","floor":10.0,"turns":4.0},{"damage":0.0,"enemies":"3 Sentries","floor":11.0,"turns":3.0},{"damage":0.0,"enemies":"Gremlin Nob","floor":14.0,"turns":2.0},{"damage":0.0,"enemies":"Slime Boss","floor":16.0,"turns":4.0},{"damage":0.0,"enemies":"Chosen","floor":18.0,"turns":3.0},{"damage":0.0,"enemies":"2 Thieves","floor":20.0,"turns":1.0},{"damage":13.0,"enemies":"Centurion and Healer","floor":21.0,"turns":2.0},{"damage":0.0,"enemies":"Gremlin Leader","floor":23.0,"turns":3.0},{"damage":21.0,"enemies":"Book of Stabbing","floor":25.0,"turns":3.0},{"damage":0.0,"enemies":"Gremlin Leader","floor":28.0,"turns":3.0},{"damage":0.0,"enemies":"Snake Plant","floor":29.0,"turns":1.0},{"damage":0.0,"enemies":"Slavers","floor":31.0,"turns":2.0},{"damage":12.0,"enemies":"Champ","floor":33.0,"turns":6.0},{"damage":0.0,"enemies":"Orb Walker","floor":35.0,"turns":2.0},{"damage":3.0,"enemies":"3 Darklings","floor":36.0,"turns":3.0},{"damage":2.0,"enemies":"Sphere and 2 Shapes","floor":37.0,"turns":3.0},{"damage":27.0,"enemies":"Maw","floor":39.0,"turns":6.0},{"damage":5.0,"enemies":"Giant Head","floor":40.0,"turns":4.0},{"damage":12.0,"enemies":"Nemesis","floor":42.0,"turns":3.0},{"damage":0.0,"enemies":"4 Shapes","floor":45.0,"turns":3.0},{"damage":14.0,"enemies":"Jaw Worm Horde","floor":46.0,"turns":3.0},{"damage":0.0,"enemies":"Reptomancer","floor":47.0,"turns":3.0},{"damage":28.0,"enemies":"Spire Growth","floor":48.0,"turns":3.0},{"damage":11,"enemies":"Donu and Deca","floor":50,"turns":7},{"damage":39,"enemies":"Awakened One","floor":51,"turns":5}],"seed_played":"4996463057030243663","potions_obtained":[{"floor":8.0,"key":"Strength Potion"},{"floor":10.0,"key":"FairyPotion"},{"floor":11.0,"key":"DuplicationPotion"},{"floor":16.0,"key":"AttackPotion"},{"floor":20.0,"key":"Block Potion"},{"floor":25.0,"key":"AttackPotion"},{"floor":29.0,"key":"Fruit Juice"},{"floor":36.0,"key":"Ambrosia"},{"floor":42.0,"key":"SmokeBomb"}],"is_trial":false,"path_per_floor":["M","?","?","$","$","R","E","M","T","E","?","?","R","E","R","B",null,"M","$","M","M","?","E","R","E","T","R","E","M","?","E","R","B",null,"M","M","M","?","M","E","R","E","T","?","M","M","E","M","R","B","B"],"character_chosen":"WATCHER","items_purchased":["Conclude","BowlingBash","Strength Potion","Weave","Pen Nib"],"campfire_rested":2,"item_purchase_floors":[4,5,5,19,19],"current_hp_per_floor":[61,50,43,43,43,43,43,43,43,43,43,23,23,23,23,23,57,57,68,68,55,55,55,55,34,34,34,34,34,34,34,34,22,57,57,54,52,42,15,10,51,39,39,39,41,31,33,7,43,36,0,0],"gold":738,"neow_bonus":"THREE_ENEMY_KILL","is_daily":false,"chose_seed":false,"campfire_upgraded":6,"win_rate":0.0,"timestamp":1612993520,"path_taken":["M","?","?","?","$","R","E","?","T","E","?","?","R","E","R","BOSS","M","$","M","M","?","E","R","E","T","R","E","M","?","E","R","BOSS","M","M","M","?","M","E","R","E","T","?","M","?","E","M","R","BOSS","BOSS"],"items_purchased_type":["Card","Card","Potion","Card","Relic"],"build_version":"2020-12-22","purchased_purges":0,"victory":false,"max_hp_per_floor":[68,68,68,68,68,68,68,68,68,68,68,68,68,68,68,68,68,68,68,68,68,68,68,68,68,68,68,68,68,68,68,68,68,68,68,68,68,68,68,68,73,73,73,73,73,73,73,73,73,73,73,73],"relic_stats":{"Regal Pillow":30,"counters":[28,86],"PreservedInsect":417,"Pen Nib":[25],"Boot":[51],"MawBank":48,"Mummified Hand":[15],"Bird Faced Urn":[14],"Bronze Scales":[54],"MealTicket":11,"VioletLotus":[33],"Nloth\u0027s Gift":1,"Black Star":3,"Art of War":[0],"obtain_stats":[{"Potion Belt":28,"Ice Cream":40,"Regal Pillow":25,"NeowsBlessing":0,"Vajra":23,"PreservedInsect":14,"Pen Nib":19,"Frozen Egg 2":11,"Boot":40,"MawBank":47,"Akabeko":31,"Anchor":9,"Mummified Hand":26,"Bird Faced Urn":42,"Bronze Scales":47,"MealTicket":7,"VioletLotus":17,"Nloth\u0027s Gift":30,"Black Star":34,"Art of War":42,"PureWater":0,"InkBottle":10},{"Potion Belt":13,"Ice Cream":21,"Regal Pillow":12,"NeowsBlessing":0,"Vajra":11,"PreservedInsect":6,"Pen Nib":8,"Frozen Egg 2":5,"Boot":21,"MawBank":25,"Akabeko":15,"Anchor":3,"Mummified Hand":12,"Bird Faced Urn":22,"Bronze Scales":25,"MealTicket":2,"VioletLotus":7,"Nloth\u0027s Gift":14,"Black Star":16,"Art of War":22,"PureWater":0,"InkBottle":4},{"Potion Belt":32,"Ice Cream":59,"Regal Pillow":29,"NeowsBlessing":0,"Vajra":26,"PreservedInsect":13,"Pen Nib":20,"Frozen Egg 2":11,"Boot":59,"MawBank":71,"Akabeko":35,"Anchor":4,"Mummified Hand":29,"Bird Faced Urn":62,"Bronze Scales":71,"MealTicket":3,"VioletLotus":17,"Nloth\u0027s Gift":33,"Black Star":41,"Art of War":62,"PureWater":0,"InkBottle":8}],"InkBottle":[45]},"card_choices":[{"not_picked":["Halt","ForeignInfluence"],"picked":"EmptyFist","floor":1.0},{"not_picked":["Devotion","PathToVictory"],"picked":"Crescendo","floor":7.0},{"not_picked":["CrushJoints","SandsOfTime"],"picked":"JustLucky","floor":8.0},{"not_picked":["ForeignInfluence","FollowUp"],"picked":"Consecrate","floor":10.0},{"not_picked":["Pray","Protect"],"picked":"Tantrum","floor":11.0},{"not_picked":["Evaluate","Collect"],"picked":"InnerPeace","floor":14.0},{"not_picked":["Protect","SignatureMove"],"picked":"CutThroughFate","floor":18.0},{"not_picked":["FlyingSleeves","FollowUp"],"picked":"WindmillStrike+1","floor":20.0},{"not_picked":["Evaluate","CrushJoints+1"],"picked":"ThirdEye","floor":21.0},{"not_picked":["FlyingSleeves","ClearTheMind"],"picked":"CutThroughFate","floor":23.0},{"not_picked":["DevaForm+1","DeceiveReality"],"picked":"Wireheading+1","floor":25.0},{"not_picked":["CutThroughFate","Swivel+1","EmptyBody+1"],"picked":"SKIP","floor":28.0},{"not_picked":["BowlingBash","Prostrate"],"picked":"Meditate","floor":29.0},{"not_picked":["Sanctity","EmptyMind","ClearTheMind"],"picked":"SKIP","floor":31.0},{"not_picked":["DevaForm+1","Establishment+1"],"picked":"Wish","floor":33.0},{"not_picked":["ThirdEye","Perseverance+1"],"picked":"Scrawl","floor":35.0},{"not_picked":["EmptyBody","Crescendo"],"picked":"Wallop","floor":36.0},{"not_picked":["Evaluate","Halt","CutThroughFate"],"picked":"SKIP","floor":37.0},{"not_picked":["Dramatic Entrance","Mind Blast"],"picked":"Dark Shackles","floor":38.0},{"not_picked":["Impatience","Bandage Up"],"picked":"Purity","floor":38.0},{"not_picked":["Deep Breath","Finesse"],"picked":"Panacea","floor":38.0},{"not_picked":["EmptyBody","ClearTheMind"],"picked":"DeusExMachina","floor":39.0},{"not_picked":["Omniscience","Sanctity","Devotion+1"],"picked":"SKIP","floor":40.0},{"not_picked":["Perseverance","CutThroughFate"],"picked":"Nirvana+1","floor":42.0},{"not_picked":["Sanctity","WaveOfTheHand","ClearTheMind"],"picked":"SKIP","floor":46.0},{"not_picked":["ReachHeaven+1","DeceiveReality","Consecrate"],"picked":"SKIP","floor":47.0},{"not_picked":["CrushJoints","EmptyFist","Prostrate"],"picked":"SKIP","floor":48.0}],"player_experience":942173,"relics_obtained":[{"floor":7.0,"key":"MealTicket"},{"floor":9.0,"key":"Anchor"},{"floor":10.0,"key":"InkBottle"},{"floor":11.0,"key":"Frozen Egg 2"},{"floor":14.0,"key":"PreservedInsect"},{"floor":23.0,"key":"Vajra"},{"floor":25.0,"key":"Regal Pillow"},{"floor":26.0,"key":"Mummified Hand"},{"floor":28.0,"key":"Potion Belt"},{"floor":31.0,"key":"Akabeko"},{"floor":40.0,"key":"Boot"},{"floor":40.0,"key":"Ice Cream"},{"floor":42.0,"key":"Bird Faced Urn"},{"floor":42.0,"key":"Art of War"},{"floor":47.0,"key":"Bronze Scales"},{"floor":47.0,"key":"MawBank"}],"event_choices":[{"damage_healed":0.0,"max_hp_gain":0.0,"max_hp_loss":0.0,"gold_gain":75.0,"event_name":"World of Goop","player_choice":"Gather Gold","floor":2.0,"gold_loss":0.0,"damage_taken":11.0},{"cards_removed":["Defend_P"],"damage_healed":0.0,"max_hp_gain":0.0,"max_hp_loss":0.0,"gold_gain":0.0,"event_name":"Golden Wing","player_choice":"Card Removal","floor":3.0,"gold_loss":0.0,"damage_taken":7.0},{"damage_healed":0.0,"max_hp_gain":0.0,"max_hp_loss":0.0,"gold_gain":0.0,"event_name":"Dead Adventurer","player_choice":"Searched \u00271\u0027 times","floor":11.0,"gold_loss":0.0,"damage_taken":0.0},{"damage_healed":0.0,"max_hp_gain":0.0,"max_hp_loss":0.0,"gold_gain":0.0,"event_name":"Shining Light","player_choice":"Entered Light","floor":12.0,"gold_loss":0.0,"damage_taken":20.0,"cards_upgraded":["Eruption","Strike_P"]},{"cards_removed":["Defend_P"],"damage_healed":0.0,"max_hp_gain":0.0,"max_hp_loss":0.0,"gold_gain":0.0,"event_name":"Back to Basics","player_choice":"Elegance","floor":22.0,"gold_loss":0.0,"damage_taken":0.0},{"damage_healed":0.0,"max_hp_gain":0.0,"max_hp_loss":0.0,"gold_gain":0.0,"event_name":"N\u0027loth","player_choice":"Traded Relic","floor":30.0,"relics_lost":["NeowsBlessing"],"gold_loss":0.0,"damage_taken":0.0,"relics_obtained":["Nloth\u0027s Gift"]},{"damage_healed":0.0,"max_hp_gain":0.0,"max_hp_loss":0.0,"gold_gain":0.0,"event_name":"SensoryStone","player_choice":"Memory 3","floor":38.0,"gold_loss":0.0,"damage_taken":10.0},{"damage_healed":0.0,"max_hp_gain":0.0,"max_hp_loss":0.0,"gold_gain":0.0,"event_name":"Upgrade Shrine","player_choice":"Upgraded","floor":44.0,"gold_loss":0.0,"damage_taken":0.0,"cards_upgraded":["Wallop"]}],"is_beta":false,"boss_relics":[{"not_picked":["Sozu","Coffee Dripper"],"picked":"VioletLotus"},{"not_picked":["Philosopher\u0027s Stone","Fusion Hammer"],"picked":"Black Star"}],"items_purged_floors":[],"is_endless":false,"potions_floor_spawned":[8,10,11,16,20,25,29,36,42],"killed_by":"Awakened One","ascension_level":20}}