{"host":"2pmmafybkq7zb6na","time":1612980512,"event":{"mods":["AchievementEnabler","BaseMod","Colored Map","Highlight Path","Keyboard Shortcuts","Minty Spire (QoL Compilation)","Quick Restart","StSLib","SuperFastMode"],"gold_per_floor":[114,69,69,169,179,179,199,232,282,312,326,344,344,357,357,456,456,474,488,488,295,309,309,324,351,418,430,442,369,381,412,424,538,550,578,639,651,675,175,205,205,222,222,222,248,248,282,232,232,232],"floor_reached":51,"language":"KOR","playtime":2934,"items_purged":["Strike_R","Strike_R","Strike_R"],"score":956,"play_id":"17fd24f7-be8f-4e64-b056-6f7e324f1e03","local_time":"20210211030832","is_ascension_mode":true,"campfire_choices":[{"data":"True Grit","floor":6,"key":"SMITH"},{"data":"Armaments","floor":13,"key":"SMITH"},{"data":"Feel No Pain","floor":15,"key":"SMITH"},{"data":"Flame Barrier","floor":23,"key":"SMITH"},{"floor":30,"key":"REST"},{"floor":32,"key":"REST"},{"data":"Entrench","floor":41,"key":"SMITH"},{"floor":44,"key":"REST"},{"data":"Barricade","floor":46,"key":"SMITH"},{"floor":49,"key":"REST"}],"circlet_count":0,"master_deck":["Strike_R","Strike_R","Defend_R","Defend_R","Defend_R","Defend_R","Bash","True Grit+1","Intimidate","Feel No Pain+1","Armaments+1","Warcry","Flame Barrier+1","Impervious","Body Slam+1","Entrench+1","Juggernaut","Entrench+1","Evolve","Good Instincts","Ghostly Armor+1","Body Slam+1","Barricade+1","Bloodletting+1"],"relics":["Burning Blood","Oddly Smooth Stone","Tiny Chest","Smiling Mask","Pen Nib","Mark of Pain","Omamori","MawBank","Ancient Tea Set","Nilry\u0027s Codex","Magic Flower","Philosopher\u0027s Stone","Pocketwatch","InkBottle","Lizard Tail","Gremlin Horn","Mummified Hand","Red Skull","Bottled Tornado"],"acts_visited":["Exordium","TheCity","TheBeyond"],"potions_floor_usage":[8,10,16,25,33,33,42,47,50],"damage_taken":[{"damage":8,"enemies":"Small Slimes","floor":1,"turns":4},{"damage":0,"enemies":"Cultist","floor":5,"turns":3},{"damage":0,"enemies":"Jaw Worm","floor":7,"turns":4},{"damage":32,"enemies":"Gremlin Nob","floor":8,"turns":4},{"damage":18,"enemies":"3 Sentries","floor":10,"turns":9},{"damage":10,"enemies":"Red Slaver","floor":11,"turns":4},{"damage":4,"enemies":"Blue Slaver","floor":12,"turns":4},{"damage":2,"enemies":"Large Slime","floor":14,"turns":10},{"damage":72,"enemies":"Slime Boss","floor":16,"turns":28},{"damage":18,"enemies":"Spheric Guardian","floor":18,"turns":10},{"damage":7,"enemies":"Shell Parasite","floor":19,"turns":9},{"damage":11,"enemies":"Shelled Parasite and Fungi","floor":22,"turns":9},{"damage":10,"enemies":"Sentry and Sphere","floor":24,"turns":8},{"damage":32,"enemies":"Book of Stabbing","floor":25,"turns":7},{"damage":17,"enemies":"Centurion and Healer","floor":31,"turns":10},{"damage":13,"enemies":"Champ","floor":33,"turns":15},{"damage":15,"enemies":"Orb Walker","floor":35,"turns":4},{"damage":48,"enemies":"2 Orb Walkers","floor":36,"turns":6},{"damage":0,"enemies":"3 Shapes","floor":38,"turns":6},{"damage":15,"enemies":"Giant Head","floor":40,"turns":10},{"damage":25,"enemies":"Transient","floor":42,"turns":5},{"damage":18,"enemies":"Reptomancer","floor":45,"turns":9},{"damage":16,"enemies":"Nemesis","floor":47,"turns":11},{"damage":0,"enemies":"Time Eater","floor":50,"turns":7}],"seed_played":"4648574032737012541","potions_obtained":[{"floor":7,"key":"SteroidPotion"},{"floor":8,"key":"PowerPotion"},{"floor":11,"key":"SpeedPotion"},{"floor":14,"key":"FairyPotion"},{"floor":16,"key":"AttackPotion"},{"floor":24,"key":"Fire Potion"},{"floor":25,"key":"AttackPotion"},{"floor":36,"key":"SteroidPotion"},{"floor":38,"key":"Explosive Potion"},{"floor":45,"key":"Dexterity Potion"},{"floor":47,"key":"Strength Potion"}],"is_trial":false,"path_per_floor":["M","$","?","?","M","R","M","E","T","E","M","M","R","M","R","B",null,"M","M","?","$","M","R","M","E","T","T","?","?","R","M","R","B",null,"M","?","T","M","$","E","R","M","T","R","E","R","E","$","R","B",null],"character_chosen":"IRONCLAD","items_purchased":["True Grit","Omamori","Evolve","Good Instincts","Lizard Tail"],"campfire_rested":4,"item_purchase_floors":[2,21,39,39,39],"current_hp_per_floor":[78,78,83,83,85,85,85,59,59,47,43,45,45,49,49,10,85,73,72,77,77,72,72,68,42,42,42,26,26,51,43,68,64,85,79,40,40,49,49,43,43,27,27,52,43,43,36,36,61,70],"gold":232,"neow_bonus":"RANDOM_COMMON_RELIC","is_daily":false,"chose_seed":false,"campfire_upgraded":6,"win_rate":0.0,"timestamp":1612980512,"path_taken":["M","$","?","?","M","R","?","E","T","E","M","M","R","M","R","BOSS","M","?","?","$","M","R","?","E","T","?","?","?","R","M","R","BOSS","M","?","?","M","$","E","R","M","T","R","E","R","E","$","R","BOSS"],"items_purchased_type":["Card","Relic","Card","Card","Relic"],"build_version":"2020-12-22","purchased_purges":3,"victory":true,"max_hp_per_floor":[80,80,85,85,85,85,85,85,85,85,85,85,85,85,85,85,85,85,85,85,85,85,85,85,85,85,85,85,85,85,85,85,85,85,85,85,85,85,85,85,85,85,85,85,85,85,85,85,85,85],"card_choices":[{"not_picked":["Twin Strike","Combust"],"picked":"Thunderclap","floor":1},{"not_picked":["Shrug It Off","Headbutt"],"picked":"Intimidate","floor":5},{"not_picked":["Intimidate","Dark Embrace"],"picked":"Feel No Pain","floor":7},{"not_picked":["Iron Wave","Perfected Strike","Rupture"],"picked":"SKIP","floor":8},{"not_picked":["Hemokinesis","Dual Wield"],"picked":"Armaments","floor":10},{"not_picked":["True Grit","Twin Strike"],"picked":"Warcry","floor":11},{"not_picked":["True Grit","Disarm"],"picked":"Flame Barrier","floor":12},{"not_picked":["Anger","Thunderclap","Heavy Blade"],"picked":"SKIP","floor":14},{"not_picked":["Fiend Fire","Feed"],"picked":"Impervious","floor":16},{"not_picked":["Power Through+1","Spot Weakness"],"picked":"Body Slam+1","floor":18},{"not_picked":["Heavy Blade+1","Thunderclap","Clothesline"],"picked":"SKIP","floor":19},{"not_picked":["Havoc+1","True Grit","Fiend Fire"],"picked":"SKIP","floor":22},{"not_picked":["Wild Strike","Power Through"],"picked":"Entrench","floor":24},{"not_picked":["Armaments","Anger","Uppercut"],"picked":"SKIP","floor":25},{"not_picked":["Clash","Metallicize","Reckless Charge+1"],"picked":"SKIP","floor":31},{"not_picked":["Berserk","Bludgeon"],"picked":"Juggernaut","floor":33},{"not_picked":["Clash+1","Uppercut"],"picked":"Entrench+1","floor":35},{"not_picked":["Cleave+1","Intimidate","Clothesline"],"picked":"SKIP","floor":38},{"not_picked":["Heavy Blade+1","Feel No Pain"],"picked":"Ghostly Armor+1","floor":40},{"not_picked":["Intimidate","Uppercut"],"picked":"Body Slam+1","floor":42},{"not_picked":["Headbutt","Searing Blow+1"],"picked":"Barricade","floor":45},{"not_picked":["Flame Barrier","Dropkick+1"],"picked":"Bloodletting+1","floor":47}],"player_experience":138878,"relics_obtained":[{"floor":8,"key":"Tiny Chest"},{"floor":9,"key":"Smiling Mask"},{"floor":10,"key":"Pen Nib"},{"floor":25,"key":"MawBank"},{"floor":27,"key":"Ancient Tea Set"},{"floor":28,"key":"Nilry\u0027s Codex"},{"floor":36,"key":"Pocketwatch"},{"floor":37,"key":"InkBottle"},{"floor":40,"key":"Gremlin Horn"},{"floor":43,"key":"Mummified Hand"},{"floor":45,"key":"Red Skull"},{"floor":47,"key":"Bottled Tornado"}],"event_choices":[{"damage_healed":0,"gold_gain":0,"player_choice":"Donut","damage_taken":0,"max_hp_gain":5,"max_hp_loss":0,"event_name":"Big Fish","floor":3,"gold_loss":0},{"damage_healed":0,"gold_gain":100,"player_choice":"Gold","damage_taken":0,"max_hp_gain":0,"max_hp_loss":0,"event_name":"Wheel of Change","floor":4,"gold_loss":0},{"cards_removed":["Thunderclap"],"damage_healed":5,"gold_gain":0,"player_choice":"Offered Common","damage_taken":0,"max_hp_gain":0,"max_hp_loss":0,"event_name":"Bonfire Elementals","floor":20,"gold_loss":0},{"cards_removed":["Thunderclap"],"damage_healed":5,"gold_gain":0,"player_choice":"Offered Special","damage_taken":0,"max_hp_gain":0,"max_hp_loss":0,"event_name":"Bonfire Elementals","floor":20,"gold_loss":0},{"damage_healed":0,"gold_gain":0,"player_choice":"Obtained Book","damage_taken":16,"max_hp_gain":0,"max_hp_loss":0,"event_name":"Cursed Tome","floor":28,"gold_loss":0},{"damage_healed":0,"gold_gain":0,"player_choice":"Obtained Relic","damage_taken":0,"relics_obtained":["Magic Flower"],"max_hp_gain":0,"max_hp_loss":0,"event_name":"Addict","floor":29,"gold_loss":85},{"damage_healed":0,"gold_gain":0,"player_choice":"Fight","damage_taken":0,"max_hp_gain":0,"max_hp_loss":0,"event_name":"Mysterious Sphere","floor":36,"gold_loss":0}],"is_beta":false,"boss_relics":[{"not_picked":["Coffee Dripper","Busted Crown"],"picked":"Mark of Pain"},{"not_picked":["SlaversCollar","Tiny House"],"picked":"Philosopher\u0027s Stone"}],"items_purged_floors":[21,39,48],"is_endless":false,"potions_floor_spawned":[7,8,11,14,16,24,25,36,38,45,47],"ascension_level":3}}