{"host":"0rxdudjy6rylha1k","time":1612968163,"event":{"mods":["Aspiration","BaseMod","Colored Map","Colored Powertips","Downfall","Highlight Path","Hubris","Minty Spire (QoL Compilation)","StSLib"],"gold_per_floor":[99,115,115,115,230,230,305,100,100,100,115,115,129,143,160,264,314,314,332,343,363,376,376,376,394,394,413,439,439,439,439,455,560,560,560,573,573,583,583,583,583,583,609,609,609,625,625,658,558,558],"floor_reached":51,"language":"ENG","playtime":3681,"items_purged":[],"score":1051,"play_id":"661686ab-b394-4515-a086-1edbda9d66f1","local_time":"20210210074243","is_ascension_mode":true,"campfire_choices":[{"data":"Slimebound:Tackle","floor":1.0,"key":"SMITH"},{"data":"Slimebound:Replication","floor":6,"key":"SMITH"},{"data":"Slimebound:LevelUp","floor":10,"key":"SMITH"},{"data":"Slimebound:CorrosiveSpit","floor":12,"key":"SMITH"},{"data":"Slimebound:Recycling","floor":18,"key":"SMITH"},{"data":"Slimebound:Darklings","floor":26,"key":"SMITH"},{"floor":29,"key":"REST"},{"data":"Slimebound:OozeBath","floor":35,"key":"SMITH"},{"data":"Slimebound:SlimeSpikes","floor":40,"key":"SMITH"},{"data":"Slimebound:SlimeSpikes","floor":42,"key":"SMITH"},{"data":"Slimebound:SplitBruiser","floor":44,"key":"SMITH"},{"floor":47,"key":"REST"},{"data":"Slimebound:SlimeSpikes","floor":49,"key":"SMITH"}],"circlet_count":0,"master_deck":["AscendersBane","Slimebound:Tackle+1","Slimebound:Defend_Slimebound","Slimebound:Defend_Slimebound","Slimebound:Defend_Slimebound","Slimebound:Defend_Slimebound","Slimebound:Split+1","Slimebound:CorrosiveSpit+1","Slimebound:Replication+1","Slimebound:LevelUp+1","Slimebound:HauntingLick+1","Slimebound:SplitBruiser+1","Slimebound:MegaLick","Slimebound:Equalize+1","Slimebound:ItLooksTasty+1","Slimebound:Darklings+1","Slimebound:MegaLick","Slimebound:DisruptingSlam+1","Slimebound:Recycling+1","Slimebound:SlimeSpikes+1","Slimebound:SlimeSpikes+1","Slimebound:OozeBath+1","Slimebound:SlimeSpikes+1","Slimebound:GoopSpray+1","Bite+1","Bite+1","Bite+1","Bite+1","Bite+1","Slimebound:GoopSpray+1","Slimebound:Equalize+1","Slimebound:TagTeam+1","Slimebound:MinionMaster","Slimebound:SplitSpecialist+1","Slimebound:SplitMire+1"],"relics":["Slimebound:AbsorbEndCombat","hubris:Icosahedron","Molten Egg 2","hubris:SphereOfDissonance","Tiny House","Darkstone Periapt","Bag of Marbles","aspiration:PoetsPen_weak","Vajra","aspiration:FetidBarrel","Orichalcum","The Courier","downfall:HeartBlessingGreen"],"acts_visited":["Exordium","TheCity","TheBeyond"],"potions_floor_usage":[13,13,19,22,25,33,38,43],"damage_taken":[{"damage":0.0,"enemies":"Cultist","floor":2.0,"turns":3.0},{"damage":0,"enemies":"Small Slimes","floor":5,"turns":3},{"damage":0,"enemies":"downfall:FleeingMerchant","floor":8,"turns":4},{"damage":3,"enemies":"Jaw Worm","floor":11,"turns":2},{"damage":10,"enemies":"Exordium Thugs","floor":13,"turns":3},{"damage":3,"enemies":"Blue Slaver","floor":14,"turns":3},{"damage":6,"enemies":"2 Fungi Beasts","floor":15,"turns":4},{"damage":31,"enemies":"SI_SHIV_ARCHETYPE","floor":16,"turns":7},{"damage":1,"enemies":"Spheric Guardian","floor":19,"turns":3},{"damage":19,"enemies":"Sentry and Sphere","floor":20,"turns":4},{"damage":34,"enemies":"Snake Plant","floor":21,"turns":4},{"damage":12,"enemies":"Centurion and Healer","floor":22,"turns":6},{"damage":3,"enemies":"3 Cultists","floor":25,"turns":5},{"damage":3,"enemies":"Snake Plant","floor":27,"turns":2},{"damage":51,"enemies":"Slavers","floor":28,"turns":6},{"damage":4,"enemies":"Snecko","floor":32,"turns":3},{"damage":19,"enemies":"IC_MUSHROOM_ARCHETYPE","floor":33,"turns":7},{"damage":4,"enemies":"Orb Walker","floor":36,"turns":2},{"damage":20,"enemies":"3 Darklings","floor":38,"turns":4},{"damage":18,"enemies":"Reptomancer","floor":43,"turns":4},{"damage":24,"enemies":"Sphere and 2 Shapes","floor":46,"turns":4},{"damage":41,"enemies":"Giant Head","floor":48,"turns":6},{"damage":139,"enemies":"WA_ARCHETYPE_DIVINITY","floor":50,"turns":14}],"seed_played":"-4584639662587794387","potions_obtained":[{"floor":2.0,"key":"LiquidMemories"},{"floor":11,"key":"ColorlessPotion"},{"floor":14,"key":"BlessingOfTheForge"},{"floor":16,"key":"Slimebound:SlimedPotion"},{"floor":17,"key":"FairyPotion"},{"floor":21,"key":"PowerPotion"},{"floor":32,"key":"DistilledChaos"},{"floor":33,"key":"hexamod:SoulburnPotion"},{"floor":36,"key":"DistilledChaos"},{"floor":46,"key":"Explosive Potion"}],"is_trial":false,"path_per_floor":["R","M","?","?","M","R","T","$","?","R","M","R","M","M","M","B",null,"R","M","M","M","M","?","T","M","R","M","E","R","?","?","M","B",null,"R","M","?","M","?","R","T","R","E","R","?","M","R","E","R","B",null],"character_chosen":"SLIMEBOUND","items_purchased":["Slimebound:SplitBruiser","Slimebound:MegaLick","Slimebound:Equalize+1"],"campfire_rested":2,"item_purchase_floors":[8,8,8],"current_hp_per_floor":[59,65,65,65,65,65,65,65,65,65,64,64,63,62,60,38,63,63,64,55,25,33,33,33,49,49,49,12,26,29,29,37,45,50,50,52,52,50,50,50,50,50,44,44,44,37,52,40,40,18],"gold":558,"neow_bonus":"UPGRADE_CARD","is_daily":false,"chose_seed":false,"campfire_upgraded":11,"win_rate":0.0,"timestamp":1612968163,"path_taken":["R","M","?","?","M","R","T","$","?","R","M","R","M","M","M","BOSS","R","M","M","M","M","?","T","M","R","M","E","R","?","?","M","BOSS","R","M","?","?","?","R","T","R","E","R","?","M","R","E","R","BOSS"],"items_purchased_type":["Card","Card","Card"],"build_version":"2020-12-22","purchased_purges":0,"victory":true,"max_hp_per_floor":[65,65,65,65,65,65,65,65,65,65,65,65,65,65,65,65,70,70,70,70,70,70,49,49,49,49,49,49,49,52,52,52,52,52,52,52,52,52,52,52,52,52,52,52,52,52,52,52,52,52],"card_choices":[{"not_picked":["Slimebound:ComboTackle","Slimebound:ViciousTackle"],"picked":"Slimebound:Replication","floor":2.0},{"not_picked":["Slimebound:GoopTackle+1","Slimebound:ItLooksTasty+1"],"picked":"Slimebound:LevelUp","floor":5},{"not_picked":["Slimebound:SlimeBrawl","Slimebound:RollThrough+1"],"picked":"Slimebound:HauntingLick","floor":8},{"not_picked":["Slimebound:ComboTackle+1","Slimebound:Prepare"],"picked":"Slimebound:ItLooksTasty+1","floor":11},{"not_picked":["Slimebound:SplitSpecialist","Slimebound:PressTheAttack+1"],"picked":"Slimebound:Darklings","floor":13},{"not_picked":["Slimebound:ViciousTackle+1","Slimebound:ItLooksTasty+1"],"picked":"Slimebound:MegaLick","floor":14},{"not_picked":["Slimebound:PressTheAttack+1","Slimebound:DivideAndConquer+1"],"picked":"Slimebound:DisruptingSlam+1","floor":15},{"not_picked":["Slimebound:MassRepurpose","Slimebound:SlimeSlap+1"],"picked":"Slimebound:Recycling","floor":16},{"not_picked":["Slimebound:ItLooksTasty+1","Slimebound:ComboTackle+1"],"picked":"Slimebound:SlimeSpikes","floor":17},{"not_picked":["Slimebound:FormOfPuddle","Slimebound:SplitAcid"],"picked":"Slimebound:SlimeSpikes","floor":19},{"not_picked":["Slimebound:ViciousTackle+1","Slimebound:GoopTackle+1"],"picked":"Slimebound:OozeBath","floor":20},{"not_picked":["Slimebound:ComboTackle+1","Slimebound:ItLooksTasty+1"],"picked":"Slimebound:SlimeSpikes","floor":21},{"not_picked":["Slimebound:SplitBruiser","Slimebound:DisruptingSlam+1"],"picked":"Slimebound:GoopSpray","floor":22},{"not_picked":["Slimebound:Schlurp","Slimebound:TongueLash+1"],"picked":"Slimebound:GoopSpray+1","floor":25},{"not_picked":["Slimebound:GoopSpray","Slimebound:SplitLeeching","Slimebound:ForwardTackle+1"],"picked":"SKIP","floor":27},{"not_picked":["Slimebound:DivideAndConquer+1","Slimebound:FlameTackle+1"],"picked":"Slimebound:Equalize+1","floor":28},{"not_picked":["Slimebound:SamplingLick","Slimebound:FormOfPuddle"],"picked":"Slimebound:TagTeam+1","floor":32},{"not_picked":["Slimebound:DuplicatedForm","Slimebound:Overexert"],"picked":"Slimebound:MinionMaster","floor":33},{"not_picked":["Slimebound:PressTheAttack+1","Slimebound:ComboTackle+1","Slimebound:Replication"],"picked":"SKIP","floor":36},{"not_picked":["Slimebound:Dissolve","Slimebound:LeechingTouch+1","Slimebound:Replication"],"picked":"SKIP","floor":38},{"not_picked":["Slimebound:FinishingTackle+1","Slimebound:SplitBruiser","Slimebound:SlimeSpikes"],"picked":"SKIP","floor":43},{"not_picked":["Slimebound:Prepare","Slimebound:ForwardTackle+1"],"picked":"Slimebound:SplitSpecialist+1","floor":46},{"not_picked":["Slimebound:ComboTackle+1","Slimebound:FormOfPuddle+1"],"picked":"Slimebound:SplitMire+1","floor":48}],"player_experience":2905565,"relics_obtained":[{"floor":7,"key":"hubris:SphereOfDissonance"},{"floor":24,"key":"Darkstone Periapt"},{"floor":28,"key":"Bag of Marbles"},{"floor":39,"key":"Vajra"},{"floor":41,"key":"aspiration:FetidBarrel"},{"floor":43,"key":"Orichalcum"},{"floor":48,"key":"The Courier"}],"event_choices":[{"damage_healed":0,"gold_gain":0,"player_choice":"Became a vampire","damage_taken":0,"max_hp_gain":0,"max_hp_loss":21,"event_name":"Vampires","floor":23,"gold_loss":0,"cards_obtained":["Bite","Bite","Bite","Bite","Bite"]}],"is_beta":false,"boss_relics":[{"not_picked":["Slimebound:TarBlob","Snecko Eye"],"picked":"Tiny House"},{"not_picked":["aspiration:SilentSkillbook","aspiration:RitualDagger"],"picked":"aspiration:PoetsPen_weak"}],"items_purged_floors":[],"is_endless":false,"potions_floor_spawned":[2,11,14,16,21,32,33,36,46],"ascension_level":10}}