{"host":"njo8qgvy2a57fcny","time":1612915609,"event":{"mods":["Aspiration","BaseMod","BetterRewards","CCEM2","Colored Map","Colored Powertips","Conspire","Custom Start","Downfall","Energized Spire","GifTheSpireLib","Halation","Hermit","Hubris","Infinite Spire","Jedi Mod","Jorbs\u0027s Wanderer Trilogy","Mimic Mod","Minty Spire (QoL Compilation)","Quick Restart","Random Character Button","Random Character Mod","Rare Cards Sparkle","Relic Sorter","Reliquary","Replay The Spire","Shop Mod","StSLib","Stuff the Spire","The Animator","The Jungle","The Runesmith","The Servant 0.9.4","Unceasing Turn Reminder","thorton"],"gold_per_floor":[99,111,130,130,148,175,175,175],"floor_reached":6,"language":"ENG","playtime":326,"items_purged":[],"score":55,"play_id":"97e6fbbe-1f24-43c3-b108-102f1f18c7be","local_time":"20210210110649","is_ascension_mode":true,"campfire_choices":[{"data":"bronze:Replicate","floor":1,"key":"SMITH"}],"circlet_count":0,"master_deck":["bronze:Strike","bronze:Strike","bronze:Strike","bronze:Strike","bronze:Defend","bronze:Defend","bronze:Defend","bronze:Defend","bronze:Replicate+1","bronze:Goto","bronze:Shell","bronze:CutThrough","bronze:Iterate"],"relics":["bronze:BronzeCore","hubris:Towel","infinitespire:Lychee Nut"],"acts_visited":["Exordium"],"potions_floor_usage":[3,6,6],"damage_taken":[{"damage":4,"enemies":"Jaw Worm","floor":2,"turns":4},{"damage":0,"enemies":"Cultist","floor":3,"turns":4},{"damage":2,"enemies":"Small Slimes","floor":5,"turns":3},{"damage":25,"enemies":"3 Sentries","floor":6,"turns":6}],"seed_played":"1061203339072204441","potions_obtained":[{"floor":2,"key":"Block Potion"},{"floor":3,"key":"infinitespire:BlackPotion"},{"floor":5,"key":"Strength Potion"}],"is_trial":false,"path_per_floor":["R","M","M","?","M","E"],"character_chosen":"THE_AUTOMATON","items_purchased":[],"campfire_rested":0,"item_purchase_floors":[],"current_hp_per_floor":[77,73,73,73,71,56,56,56],"gold":175,"neow_bonus":"TEN_PERCENT_HP_BONUS","is_daily":false,"chose_seed":false,"campfire_upgraded":1,"win_rate":0.0,"timestamp":1612915609,"path_taken":["R","M","M","?","M","E"],"items_purchased_type":[],"build_version":"2020-12-22","purchased_purges":0,"victory":false,"max_hp_per_floor":[77,77,77,77,77,57,57,57],"card_choices":[{"not_picked":["bronze:Deprecate","bronze:ChildClass"],"picked":"bronze:Shell","floor":2},{"not_picked":["bronze:Deprecate","bronze:WildBeam"],"picked":"bronze:CutThrough","floor":3},{"not_picked":["bronze:ItsAFeature","bronze:WhirlingStrike"],"picked":"bronze:Iterate","floor":5}],"player_experience":809553,"relics_obtained":[{"floor":6,"key":"infinitespire:Lychee Nut"}],"event_choices":[],"is_beta":false,"boss_relics":[],"items_purged_floors":[],"is_endless":false,"potions_floor_spawned":[2,3,5],"killed_by":"3 Sentries","ascension_level":4}}