{"host":"ekyl8r8j8fco3zlk","time":1612979697,"event":{"mods":["Act Like it!","Arknights","BaseMod","CapriCore","Decade(王小明)","Dota2Spire","Friendly Minions","Gensokyo","Marisa（F雨　魔理沙）","Minty Spire (QoL Compilation)","READ ME - Guardian Mod","Rare Cards Sparkle","Reimu（博丽灵梦）","StSLib","The Alterego","The Immortal","The Jungle","The Senshi","TheWitcher","Waifu the Spire","WarShipGirlsR/战舰少女R mod","Yakumo Yukari mod","【遗物卡牌】REMEMod"],"gold_per_floor":[116,116,116,116,136,161,161,171,171,171,198,45,45,65,65,185,185,210,135,234,258,276,319,94,94,119,134,134,259,292,292,292,415,478,497,497,215,233,85,124,457,508,531,563,591,591,591,617,617,617,617,617,61,122,152],"floor_reached":56,"language":"ZHS","playtime":1936,"items_purged":["Regret"],"score":1680,"play_id":"a0bb9fd9-1a57-4eed-9bb0-3709de891d3f","local_time":"20210211015457","is_ascension_mode":false,"campfire_choices":[{"data":"ats:Armor Crushing Shot","floor":7.0,"key":"SMITH"},{"data":"ats:Sashimi Platter","floor":10.0,"key":"SMITH"},{"data":"ats:Soul Absorption","floor":15.0,"key":"SMITH"},{"data":"ats:Part Time Job","floor":25.0,"key":"SMITH"},{"data":"ats:Neurotoxin","floor":32,"key":"SMITH"},{"data":"ats:True Silver Slash","floor":46,"key":"SMITH"},{"floor":49,"key":"RECALL"},{"data":"ats:Calcification","floor":52,"key":"SMITH"}],"circlet_count":0,"master_deck":["ats:Strike C","ats:Strike G","ats:Strike S","ats:Strike V","ats:Armor Crushing Shot+1","ats:Defend+1","ats:Defend+1","ats:Defend","ats:Emotion Absorption+1","ats:Sashimi Platter+1","ats:Explosion Area Strengthen","ats:Poison Spread","ats:Flexible Camouflage","ats:Support Order+1","ats:Soul Absorption+1","ats:Calcification+1","ats:Overload","ats:Thermite Blade","ats:Cat Scratch","ats:Part Time Job+1","ats:Assault Order+1","ats:Neurotoxin+1","ats:Directed Diagnosis+1","ats:Nebulous Foxfire","ats:True Silver Slash+1","ats:Thorns+1","ats:Guard Mode+1","ats:Song Of Battle+1"],"relics":["ats:Sanity","REME_ComplimentaryCards","NeowsBlessing","CaptainsWheel","ats:Originium","Dota2Spire:Desolator","ats:Omniscience","Oddly Smooth Stone","Boot","Dota2Spire:Bloodstone","War Paint","ats:Snipe","Dota2Spire:BladeMail","alterego_mod:FleetingLove","WingedGreaves","Dota2Spire:MonkeyKingBar","Lantern","Tiny House","Bag of Marbles","Akabeko","Blue Candle","Dota2Spire:ShivaGuard","Dota2Spire:PowerTreads","Mango","Dota2Spire:DrumOfEndurance","Smiling Mask","Bronze Scales","Sling","Dota2Spire:HandOfMidas","Anchor"],"acts_visited":["Exordium","TheCity","TheBeyond","TheEnding"],"potions_floor_usage":[33,33,50,53,55],"damage_taken":[{"damage":0.0,"enemies":"Small Slimes","floor":1.0,"turns":1.0},{"damage":0.0,"enemies":"2 Louse","floor":5.0,"turns":1.0},{"damage":0.0,"enemies":"Gremlin Nob","floor":6.0,"turns":1.0},{"damage":13.0,"enemies":"Jaw Worm","floor":8.0,"turns":2.0},{"damage":7.0,"enemies":"3 Sentries","floor":11.0,"turns":7.0},{"damage":0.0,"enemies":"Exordium Wildlife","floor":14.0,"turns":3.0},{"damage":0.0,"enemies":"Slime Boss","floor":16.0,"turns":8.0},{"damage":0.0,"enemies":"Shell Parasite","floor":18.0,"turns":5.0},{"damage":0.0,"enemies":"Chosen","floor":21.0,"turns":3.0},{"damage":0.0,"enemies":"Centurion and Healer","floor":22.0,"turns":4.0},{"damage":14.0,"enemies":"Gremlin Leader","floor":23.0,"turns":6.0},{"damage":0.0,"enemies":"Sentry and Sphere","floor":27.0,"turns":4.0},{"damage":0.0,"enemies":"Colosseum Slavers","floor":29.0,"turns":5.0},{"damage":0.0,"enemies":"Colosseum Nobs","floor":29.0,"turns":3.0},{"damage":0.0,"enemies":"Book of Stabbing","floor":30.0,"turns":3.0},{"damage":37,"enemies":"Collector","floor":33,"turns":9},{"damage":0,"enemies":"Orb Walker","floor":35,"turns":4},{"damage":2,"enemies":"3 Darklings","floor":38,"turns":4},{"damage":23,"enemies":"Giant Head","floor":40,"turns":8},{"damage":0,"enemies":"2 Orb Walkers","floor":42,"turns":4},{"damage":0,"enemies":"Nemesis","floor":44,"turns":3},{"damage":0,"enemies":"Reptomancer","floor":45,"turns":5},{"damage":0,"enemies":"Nemesis","floor":48,"turns":5},{"damage":53,"enemies":"Time Eater","floor":50,"turns":7},{"damage":0,"enemies":"Shield and Spear","floor":54,"turns":5},{"damage":101,"enemies":"The Heart","floor":55,"turns":9}],"seed_played":"-1567290389748461850","potions_obtained":[{"floor":1.0,"key":"DistilledChaos"},{"floor":14.0,"key":"SteroidPotion"},{"floor":18.0,"key":"Regen Potion"},{"floor":23.0,"key":"Swift Potion"},{"floor":27.0,"key":"Dexterity Potion"},{"floor":29.0,"key":"ats:Flame Arts Potion"},{"floor":34,"key":"SmokeBomb"},{"floor":45,"key":"GamblersBrew"},{"floor":54,"key":"SmokeBomb"}],"is_trial":false,"path_per_floor":["M","?","?","?","M","E","R","M","T","R","E","$","?","M","R","B",null,"M","$","?","M","M","E","$","R","T","M","?","?","E","?","R","B",null,"M","?","$","M","$","E","?","?","T","E","E","R","T","E","R","B",null,"R","$","E","B",null],"character_chosen":"DOCTOR_CLASS","items_purchased":["Boot","ats:Snipe","ats:Part Time Job","Bag of Marbles","ats:True Silver Slash","Akabeko","Bronze Scales","Sling","Dota2Spire:HandOfMidas","Fruit Juice"],"campfire_rested":0,"item_purchase_floors":[12,24,24,37,37,39,53,53,53,53],"current_hp_per_floor":[72,72,58,58,58,58,58,51,51,51,66,66,48,61,61,72,72,72,72,72,72,72,58,58,58,58,72,72,72,72,72,72,47,77,77,77,77,77,77,77,77,77,77,91,91,91,91,91,91,60,91,91,96,96,39],"gold":152,"neow_bonus":"THREE_ENEMY_KILL","is_daily":false,"chose_seed":false,"campfire_upgraded":7,"win_rate":0.0,"timestamp":1612979697,"path_taken":["M","?","?","?","M","E","R","M","T","R","E","$","?","?","R","BOSS","M","$","?","M","M","E","$","R","T","M","?","?","E","?","R","BOSS","M","?","$","M","$","E","?","?","T","E","E","R","?","E","R","BOSS","R","$","E","BOSS"],"items_purchased_type":["Relic","Relic","Card","Relic","Card","Relic","Relic","Relic","Relic","Potion"],"build_version":"2020-12-22","purchased_purges":1,"victory":true,"max_hp_per_floor":[72,72,72,72,72,72,72,72,72,72,72,72,72,72,72,72,72,72,72,72,72,72,72,72,72,72,72,72,72,72,72,72,72,77,77,77,77,77,77,77,77,77,77,91,91,91,91,91,91,91,91,91,96,96,96],"card_choices":[{"not_picked":["ats:Shell Defense","ats:Charging Defense"],"picked":"ats:Sashimi Platter","floor":1.0},{"not_picked":[],"picked":"ats:Explosion Area Strengthen","floor":2.0},{"not_picked":["ats:Spore Proliferation","ats:Defend Order"],"picked":"ats:Poison Spread","floor":5.0},{"not_picked":["ats:Wolf Pack","ats:Hammer On","ats:Rapid Magazine"],"picked":"SKIP","floor":6.0},{"not_picked":["ats:Guard Mode","ats:Revitalization"],"picked":"ats:Flexible Camouflage","floor":8.0},{"not_picked":["ats:Revitalization","ats:Explosion Area Strengthen"],"picked":"ats:Support Order","floor":11.0},{"not_picked":["ats:Poison Spread","ats:Assault Order"],"picked":"ats:Soul Absorption","floor":14.0},{"not_picked":["ats:Volcano","ats:Wolf Pack"],"picked":"ats:Calcification","floor":16.0},{"not_picked":["ats:Demon Strength","ats:Apocalypse"],"picked":"ats:Overload","floor":18.0},{"not_picked":["ats:Overload","ats:Ignite"],"picked":"ats:Thermite Blade","floor":21.0},{"not_picked":["ats:Explosion Area Strengthen","ats:Consecutive Shot Auto"],"picked":"ats:Cat Scratch","floor":22.0},{"not_picked":["ats:Ambush","ats:Counter Healing Mode","ats:Absolute Focus"],"picked":"SKIP","floor":23.0},{"not_picked":["ats:Flexible Camouflage","ats:Guard Mode"],"picked":"ats:Assault Order+1","floor":27.0},{"not_picked":["ats:Assault Order+1","ats:Powerful Strike"],"picked":"ats:Neurotoxin","floor":29.0},{"not_picked":["ats:Guard Mode","ats:Revitalization"],"picked":"ats:Directed Diagnosis","floor":30.0},{"not_picked":["ats:Roar Of Ursus","ats:Soul Rend"],"picked":"ats:Nebulous Foxfire","floor":33},{"not_picked":["ats:Flexible Camouflage","ats:Cat Scratch+1","ats:Very Hot Blade"],"picked":"SKIP","floor":35},{"not_picked":["ats:Powerful Strike+1","ats:Absolute Focus","ats:Part Time Job+1"],"picked":"SKIP","floor":38},{"not_picked":["ats:Leaping Hammer+1","ats:True Silver Slash"],"picked":"ats:Thorns+1","floor":40},{"not_picked":["ats:Roar Of Ursus","ats:Ambush"],"picked":"ats:Guard Mode+1","floor":44},{"not_picked":["ats:Shell Defense","ats:Absolute Focus","ats:Poison Spread"],"picked":"SKIP","floor":45},{"not_picked":["ats:Collapsing Strike","ats:Leaping Hammer+1","ats:Soul Rend"],"picked":"SKIP","floor":48},{"not_picked":["ats:Cat Scratch+1","ats:Support Order"],"picked":"ats:Song Of Battle+1","floor":54}],"player_experience":613302,"relics_obtained":[{"floor":6.0,"key":"ats:Originium"},{"floor":6.0,"key":"Dota2Spire:Desolator"},{"floor":9.0,"key":"ats:Omniscience"},{"floor":11.0,"key":"ats:Originium"},{"floor":11.0,"key":"Oddly Smooth Stone"},{"floor":23.0,"key":"ats:Originium"},{"floor":23.0,"key":"War Paint"},{"floor":26.0,"key":"Dota2Spire:BladeMail"},{"floor":29.0,"key":"WingedGreaves"},{"floor":29.0,"key":"Dota2Spire:MonkeyKingBar"},{"floor":30.0,"key":"ats:Originium"},{"floor":30.0,"key":"Lantern"},{"floor":40,"key":"Blue Candle"},{"floor":42,"key":"Dota2Spire:ShivaGuard"},{"floor":43,"key":"Dota2Spire:PowerTreads"},{"floor":44,"key":"Mango"},{"floor":45,"key":"Dota2Spire:DrumOfEndurance"},{"floor":48,"key":"Smiling Mask"},{"floor":54,"key":"Anchor"}],"event_choices":[{"damage_healed":0.0,"max_hp_gain":0.0,"max_hp_loss":0.0,"gold_gain":0.0,"event_name":"Shining Light","player_choice":"Entered Light","floor":3.0,"gold_loss":0.0,"damage_taken":14.0,"cards_upgraded":["ats:Emotion Absorption","ats:Defend"]},{"damage_healed":0.0,"max_hp_gain":0.0,"max_hp_loss":0.0,"gold_gain":0.0,"event_name":"Big Fish","player_choice":"Box","floor":4.0,"gold_loss":0.0,"damage_taken":0.0,"relics_obtained":["CaptainsWheel"],"cards_obtained":["Regret"]},{"damage_healed":0.0,"max_hp_gain":0.0,"max_hp_loss":0.0,"gold_gain":0.0,"event_name":"Golden Idol","player_choice":"Take Damage","floor":13.0,"gold_loss":0.0,"damage_taken":18.0,"relics_obtained":["Golden Idol"]},{"damage_healed":0.0,"max_hp_gain":0.0,"max_hp_loss":0.0,"gold_gain":99.0,"event_name":"Nest","player_choice":"Stole From Cult","floor":20.0,"gold_loss":0.0,"damage_taken":0.0},{"damage_healed":0.0,"max_hp_gain":0.0,"max_hp_loss":0.0,"gold_gain":0.0,"event_name":"爱的神圣花园","player_choice":"Choice 1","floor":28.0,"gold_loss":0.0,"damage_taken":0.0,"relics_obtained":["alterego_mod:FleetingLove"]},{"damage_healed":0.0,"max_hp_gain":0.0,"max_hp_loss":0.0,"gold_gain":0.0,"event_name":"Colosseum","player_choice":"Fight","floor":29.0,"gold_loss":0.0,"damage_taken":0.0},{"damage_healed":0.0,"max_hp_gain":0.0,"max_hp_loss":0.0,"gold_gain":0.0,"event_name":"Colosseum","player_choice":"Fought Nobs","floor":29.0,"gold_loss":0.0,"damage_taken":0.0},{"damage_healed":0,"gold_gain":0,"player_choice":"Ignored","damage_taken":0,"max_hp_gain":0,"max_hp_loss":0,"event_name":"Beggar","floor":31,"gold_loss":0},{"cards_removed":["ats:Defend"],"damage_healed":0,"gold_gain":0,"player_choice":"Removed Skill","damage_taken":0,"max_hp_gain":0,"max_hp_loss":0,"event_name":"Falling","floor":36,"gold_loss":0},{"damage_healed":0,"gold_gain":333,"player_choice":"Gave Idol","damage_taken":0,"max_hp_gain":0,"max_hp_loss":0,"event_name":"The Moai Head","floor":41,"relics_lost":["Golden Idol"],"gold_loss":0},{"damage_healed":0,"gold_gain":0,"player_choice":"Fight","damage_taken":0,"max_hp_gain":0,"max_hp_loss":0,"event_name":"Mysterious Sphere","floor":42,"gold_loss":0}],"is_beta":false,"boss_relics":[{"not_picked":["REME_DuelDisc","Sozu"],"picked":"Dota2Spire:Bloodstone"},{"not_picked":["Velvet Choker","Pandora\u0027s Box"],"picked":"Tiny House"}],"items_purged_floors":[19],"is_endless":false,"potions_floor_spawned":[1,14,18,23,27,29,45,48,54],"ascension_level":0}}