{"host":"4rvakrj1idbgia3f","time":1612972828,"event":{"mods":["BaseMod","Colored Map","Colored Powertips","DeckTracker","Highlight Path","Minty Spire (QoL Compilation)","Random Character Button","StSLib"],"gold_per_floor":[113,113,113,113,126,126,154,154,180,197,227,246,246,265,265,342,342,356,372,422,439,2,2,36,47,116,116,116,116,10,24,24,96,96,108,119,119,138,148,148,182,197,248,280,291,304,304,63,63,63,63,63,63,8,36,36],"floor_reached":57,"language":"JPN","playtime":3698,"items_purged":["BowlingBash"],"score":2988,"play_id":"2a37b1c9-d19a-4b4a-91b6-769bf71a01fd","local_time":"20210211010028","is_ascension_mode":true,"campfire_choices":[{"data":"Adaptation","floor":6.0,"key":"SMITH"},{"data":"BowlingBash","floor":8.0,"key":"SMITH"},{"data":"Tantrum","floor":13.0,"key":"SMITH"},{"data":"Blasphemy","floor":15.0,"key":"SMITH"},{"data":"ForeignInfluence","floor":23.0,"key":"SMITH"},{"data":"Omniscience","floor":27.0,"key":"SMITH"},{"data":"Omniscience","floor":29.0,"key":"SMITH"},{"data":"MentalFortress","floor":32.0,"key":"SMITH"},{"floor":40.0,"key":"RECALL"},{"floor":47.0,"key":"REST"},{"floor":49.0,"key":"REST"},{"floor":53.0,"key":"REST"}],"circlet_count":0,"master_deck":["AscendersBane","Eruption+1","Vigilance","BowlingBash+1","Adaptation+1","ClearTheMind","FollowUp+1","Tantrum+1","Blasphemy+1","Omniscience+1","Ragnarok+1","Scrawl","Evaluate","Omniscience+1","ForeignInfluence+1","EmptyFist","CutThroughFate+1","Protect","DeusExMachina","Devotion","MentalFortress+1","EmptyBody","SpiritShield","ThirdEye","CrushJoints+1","Pray","FollowUp+1","FlurryOfBlows+1","Wish","MentalFortress"],"relics":["PureWater","NeowsBlessing","Singing Bowl","Pen Nib","Yang","Pandora\u0027s Box","TungstenRod","Gremlin Horn","Molten Egg 2","Fusion Hammer","Whetstone","Pantograph","Du-Vu Doll"],"acts_visited":["Exordium","TheCity","TheBeyond","TheEnding"],"potions_floor_usage":[56,56],"damage_taken":[{"damage":0.0,"enemies":"Jaw Worm","floor":1.0,"turns":1.0},{"damage":0.0,"enemies":"Small Slimes","floor":5.0,"turns":1.0},{"damage":0.0,"enemies":"Lagavulin","floor":7.0,"turns":1.0},{"damage":0.0,"enemies":"Cultist","floor":10.0,"turns":1.0},{"damage":4.0,"enemies":"Gremlin Nob","floor":11.0,"turns":3.0},{"damage":0.0,"enemies":"Lots of Slimes","floor":12.0,"turns":3.0},{"damage":0.0,"enemies":"Large Slime","floor":14.0,"turns":2.0},{"damage":0.0,"enemies":"Slime Boss","floor":16.0,"turns":4.0},{"damage":7.0,"enemies":"2 Thieves","floor":18.0,"turns":2.0},{"damage":0.0,"enemies":"Chosen","floor":19.0,"turns":2.0},{"damage":0.0,"enemies":"Snake Plant","floor":21.0,"turns":2.0},{"damage":0.0,"enemies":"Slavers","floor":24.0,"turns":2.0},{"damage":0.0,"enemies":"Sentry and Sphere","floor":25.0,"turns":1.0},{"damage":1.0,"enemies":"Shelled Parasite and Fungi","floor":31.0,"turns":3.0},{"damage":0.0,"enemies":"Automaton","floor":33.0,"turns":5.0},{"damage":1.0,"enemies":"Orb Walker","floor":35.0,"turns":3.0},{"damage":0.0,"enemies":"3 Darklings","floor":36.0,"turns":1.0},{"damage":0.0,"enemies":"4 Shapes","floor":38.0,"turns":5.0},{"damage":0.0,"enemies":"Spire Growth","floor":39.0,"turns":1.0},{"damage":11.0,"enemies":"Nemesis","floor":41.0,"turns":4.0},{"damage":0.0,"enemies":"Maw","floor":42.0,"turns":1.0},{"damage":12.0,"enemies":"Giant Head","floor":44.0,"turns":5.0},{"damage":0.0,"enemies":"Writhing Mass","floor":45.0,"turns":1.0},{"damage":0.0,"enemies":"Transient","floor":46.0,"turns":6.0},{"damage":26.0,"enemies":"Time Eater","floor":50.0,"turns":7.0},{"damage":46.0,"enemies":"Awakened One","floor":51.0,"turns":8.0},{"damage":0.0,"enemies":"Shield and Spear","floor":55.0,"turns":2.0},{"damage":43,"enemies":"The Heart","floor":56,"turns":8}],"seed_played":"3820049413118317896","potions_obtained":[{"floor":1.0,"key":"Block Potion"},{"floor":11.0,"key":"Swift Potion"},{"floor":14.0,"key":"AttackPotion"},{"floor":18.0,"key":"CultistPotion"},{"floor":33.0,"key":"SteroidPotion"},{"floor":39.0,"key":"LiquidMemories"},{"floor":41.0,"key":"SneckoOil"},{"floor":46.0,"key":"Strength Potion"}],"is_trial":false,"path_per_floor":["M","?","?","?","M","R","E","R","T","M","E","M","R","M","R","B",null,"M","M","?","M","$","R","E","M","T","R","?","R","$","M","R","B",null,"M","M","?","M","M","R","E","M","T","E","M","M","R","$","R","B","B",null,"R","$","E","B",null],"character_chosen":"WATCHER","items_purchased":["Protect","TungstenRod","Block Potion","MentalFortress","EmptyBody","MentalFortress","LiquidBronze","SpeedPotion"],"campfire_rested":3,"item_purchase_floors":[22,22,22,30,30,48,48,54],"current_hp_per_floor":[61,61,61,61,61,61,61,61,61,63,59,59,59,59,59,59,67,60,60,53,53,53,53,53,55,55,55,55,55,55,56,56,56,70,69,69,69,71,71,71,62,64,64,52,52,54,78,78,82,56,35,70,82,82,84,41],"gold":36,"neow_bonus":"THREE_ENEMY_KILL","is_daily":false,"chose_seed":false,"campfire_upgraded":8,"win_rate":0.0,"timestamp":1612972828,"path_taken":["M","?","?","?","M","R","E","R","T","M","E","M","R","M","R","BOSS","M","M","?","M","$","R","E","?","T","R","?","R","?","M","R","BOSS","M","M","?","M","M","R","E","M","T","E","M","?","R","$","R","BOSS","BOSS","R","$","E","BOSS"],"items_purchased_type":["Card","Relic","Potion","Card","Card","Card","Potion","Potion"],"build_version":"2020-12-22","purchased_purges":1,"victory":true,"max_hp_per_floor":[68,68,68,68,68,68,68,68,68,70,70,70,70,70,70,70,70,70,70,70,70,70,70,70,72,72,72,72,72,72,74,74,74,74,74,74,74,76,76,76,78,80,80,80,80,82,82,82,82,82,82,82,82,82,84,84],"card_choices":[{"not_picked":["LikeWater","SashWhip"],"picked":"BowlingBash","floor":1.0},{"not_picked":["FollowUp","Perseverance"],"picked":"Adaptation","floor":5.0},{"not_picked":["FlyingSleeves","Wireheading"],"picked":"ClearTheMind","floor":7.0},{"not_picked":["CrushJoints","Protect","InnerPeace"],"picked":"Singing Bowl","floor":10.0},{"not_picked":["Nirvana","Consecrate"],"picked":"FollowUp","floor":11.0},{"not_picked":["ThirdEye","BowlingBash"],"picked":"Tantrum","floor":12.0},{"not_picked":["WreathOfFlame","FearNoEvil"],"picked":"Blasphemy","floor":14.0},{"not_picked":["Devotion","Blasphemy"],"picked":"Omniscience","floor":16.0},{"not_picked":["PathToVictory","SashWhip"],"picked":"EmptyFist","floor":18.0},{"not_picked":["Fasting2","Prostrate"],"picked":"Perseverance","floor":19.0},{"not_picked":["EmptyFist","Nirvana"],"picked":"CutThroughFate+1","floor":21.0},{"not_picked":["FollowUp","Halt"],"picked":"DeusExMachina","floor":24.0},{"not_picked":["Prostrate","BowlingBash+1","JustLucky"],"picked":"Singing Bowl","floor":25.0},{"not_picked":["Consecrate+1","Weave+1","CutThroughFate+1"],"picked":"Singing Bowl","floor":31.0},{"not_picked":["ConjureBlade","DevaForm"],"picked":"SpiritShield","floor":33.0},{"not_picked":["Weave+1","BowlingBash+1"],"picked":"ThirdEye","floor":35.0},{"not_picked":["ClearTheMind","SashWhip+1"],"picked":"CrushJoints+1","floor":36.0},{"not_picked":["Wireheading+1","Vengeance","FlyingSleeves+1"],"picked":"Singing Bowl","floor":38.0},{"not_picked":["Crescendo","EmptyBody"],"picked":"FollowUp+1","floor":39.0},{"not_picked":["Wireheading","Conclude+1","Adaptation"],"picked":"Singing Bowl","floor":41.0},{"not_picked":["CrushJoints+1","BowlingBash+1","BattleHymn"],"picked":"Singing Bowl","floor":42.0},{"not_picked":["Crescendo","Nirvana"],"picked":"FlurryOfBlows+1","floor":44.0},{"not_picked":["SandsOfTime+1","Protect"],"picked":"Wish","floor":45.0},{"not_picked":["EmptyBody+1","Collect","EmptyFist+1"],"picked":"Singing Bowl","floor":46.0},{"not_picked":["SashWhip+1","Worship","EmptyFist+1"],"picked":"Singing Bowl","floor":55.0}],"player_experience":2252358,"relics_obtained":[{"floor":7.0,"key":"Singing Bowl"},{"floor":9.0,"key":"Pen Nib"},{"floor":11.0,"key":"Yang"},{"floor":24.0,"key":"Gremlin Horn"},{"floor":26.0,"key":"Molten Egg 2"},{"floor":41.0,"key":"Whetstone"},{"floor":44.0,"key":"Pantograph"},{"floor":55.0,"key":"Du-Vu Doll"}],"event_choices":[{"damage_healed":0.0,"max_hp_gain":0.0,"max_hp_loss":0.0,"gold_gain":0.0,"event_name":"Living Wall","player_choice":"Grow","floor":2.0,"gold_loss":0.0,"damage_taken":0.0,"cards_upgraded":["Eruption"]},{"damage_healed":0.0,"max_hp_gain":0.0,"max_hp_loss":0.0,"gold_gain":0.0,"event_name":"Liars Game","player_choice":"Ignored","floor":3.0,"gold_loss":0.0,"damage_taken":0.0},{"cards_removed":["Defend_P"],"damage_healed":0.0,"max_hp_gain":0.0,"max_hp_loss":0.0,"gold_gain":0.0,"event_name":"Bonfire Elementals","player_choice":"Offered Basic","floor":4.0,"gold_loss":0.0,"damage_taken":0.0},{"damage_healed":0.0,"max_hp_gain":0.0,"max_hp_loss":0.0,"gold_gain":50.0,"event_name":"FaceTrader","player_choice":"Touch","floor":20.0,"gold_loss":0.0,"damage_taken":7.0},{"damage_healed":0.0,"max_hp_gain":0.0,"max_hp_loss":0.0,"gold_gain":0.0,"cards_transformed":["Establishment"],"event_name":"Transmorgrifier","player_choice":"Transformed","floor":28.0,"gold_loss":0.0,"damage_taken":0.0,"cards_obtained":["Devotion"]},{"damage_healed":0.0,"max_hp_gain":0.0,"max_hp_loss":0.0,"gold_gain":0.0,"cards_transformed":["Perseverance"],"event_name":"Transmorgrifier","player_choice":"Transformed","floor":37.0,"gold_loss":0.0,"damage_taken":0.0,"cards_obtained":["Pray"]}],"is_beta":false,"boss_relics":[{"not_picked":["Calling Bell","Sozu"],"picked":"Pandora\u0027s Box"},{"not_picked":["Astrolabe","Tiny House"],"picked":"Fusion Hammer"}],"items_purged_floors":[48],"is_endless":false,"potions_floor_spawned":[1,11,14,18,21,33,35,38,39,41,46],"ascension_level":20}}