{"host":"vit9b6u76k1y61sh","time":1612937518,"event":{"mods":["BaseMod","Block Reminder","Colored Powertips","Highlight Path","Minty Spire (QoL Compilation)","Quick Restart","Rare Cards Sparkle","Relic Sorter","Relic Stats","StSLib"],"gold_per_floor":[119,52,62,62,62,97,272,272,272],"floor_reached":8,"language":"ENG","playtime":293,"items_purged":[],"score":57,"play_id":"abeaaa16-9614-4443-adf8-2824db27f456","local_time":"20210210011158","is_ascension_mode":true,"campfire_choices":[],"circlet_count":0,"master_deck":["Strike_B","Strike_B","Strike_B","Strike_B","Defend_B","Defend_B","Defend_B","Defend_B","Zap","Dualcast","Sunder","Loop","Gash","Regret","All For One","Doubt"],"relics":["Cracked Core","Shuriken","Smiling Mask","Golden Idol","Kunai"],"acts_visited":["Exordium"],"potions_floor_usage":[8],"damage_taken":[{"damage":0,"enemies":"Small Slimes","floor":1,"turns":2},{"damage":1,"enemies":"Cultist","floor":3,"turns":3},{"damage":32,"enemies":"Gremlin Nob","floor":6,"turns":4},{"damage":15,"enemies":"Lagavulin","floor":8,"turns":4}],"seed_played":"-8697857114476081345","potions_obtained":[{"floor":6,"key":"SkillPotion"}],"is_trial":false,"path_per_floor":["M","?","M","?","?","E","?","E"],"character_chosen":"DEFECT","items_purchased":[],"campfire_rested":0,"item_purchase_floors":[],"current_hp_per_floor":[75,75,74,74,56,24,24,9,9],"gold":272,"neow_bonus":"THREE_CARDS","is_daily":false,"chose_seed":false,"campfire_upgraded":0,"win_rate":0.0,"timestamp":1612937518,"path_taken":["M","?","?","?","?","E","?","E"],"items_purchased_type":[],"build_version":"2020-12-22","purchased_purges":0,"victory":false,"max_hp_per_floor":[75,75,75,75,75,75,75,75,75],"relic_stats":{"counters":[4,13],"Shuriken":[1],"Golden Idol":7,"Kunai":[1],"Smiling Mask":0,"obtain_stats":[{"Shuriken":2,"Golden Idol":5,"Kunai":6,"Cracked Core":0,"Smiling Mask":4},{"Shuriken":1,"Golden Idol":2,"Kunai":3,"Cracked Core":0,"Smiling Mask":2},{"Shuriken":2,"Golden Idol":5,"Kunai":9,"Cracked Core":0,"Smiling Mask":5}]},"card_choices":[{"not_picked":["Compile Driver","Lockon"],"picked":"Sunder","floor":0},{"not_picked":["Redo","FTL"],"picked":"Loop","floor":1},{"not_picked":["Lockon","Cold Snap"],"picked":"Gash","floor":3},{"not_picked":["Double Energy","Coolheaded"],"picked":"All For One","floor":6}],"player_experience":173485,"relics_obtained":[{"floor":6,"key":"Kunai"}],"event_choices":[{"damage_healed":0,"gold_gain":0,"player_choice":"Paid Gold","damage_taken":0,"relics_obtained":["Shuriken"],"max_hp_gain":0,"max_hp_loss":0,"event_name":"WeMeetAgain","floor":2,"gold_loss":67},{"damage_healed":0,"gold_gain":0,"player_choice":"Box","damage_taken":0,"relics_obtained":["Smiling Mask"],"max_hp_gain":0,"max_hp_loss":0,"event_name":"Big Fish","floor":4,"gold_loss":0,"cards_obtained":["Regret"]},{"damage_healed":0,"gold_gain":0,"player_choice":"Take Damage","damage_taken":18,"relics_obtained":["Golden Idol"],"max_hp_gain":0,"max_hp_loss":0,"event_name":"Golden Idol","floor":5,"gold_loss":0},{"damage_healed":0,"gold_gain":175,"player_choice":"AGREE","damage_taken":0,"max_hp_gain":0,"max_hp_loss":0,"event_name":"Liars Game","floor":7,"gold_loss":0,"cards_obtained":["Doubt"]}],"is_beta":false,"boss_relics":[],"items_purged_floors":[],"is_endless":false,"potions_floor_spawned":[6],"killed_by":"Lagavulin","ascension_level":1}}