{"host":"nwtxriuk34b069je","time":1612919427,"event":{"mods":["AchievementEnabler","BaseMod","Better Skull","Colored Map","Colored Powertips","Hermit","Minty Spire (QoL Compilation)","Relic Stats","StSLib"],"gold_per_floor":[111,111,130,130,54,54,90,104,156,156,8,8,8,52,52,52,52],"floor_reached":16,"language":"ENG","playtime":604,"items_purged":[],"score":156,"play_id":"aa2b56a5-4dd6-4bff-98b9-68c77cd50d43","local_time":"20210209191027","is_ascension_mode":false,"campfire_choices":[{"floor":6,"key":"REST"},{"floor":10,"key":"REST"},{"data":"Caltrops","floor":13,"key":"SMITH"},{"data":"Adrenaline","floor":15,"key":"SMITH"}],"circlet_count":0,"master_deck":["Strike_G","Strike_G","Strike_G","Strike_G","Strike_G","Defend_G","Defend_G","Defend_G","Defend_G","Defend_G+1","Survivor","Neutralize+1","Leg Sweep","Caltrops+1","Terror","Adrenaline+1"],"relics":["Ring of the Snake","Golden Idol","Blood Vial","Akabeko","Boot","Question Card"],"acts_visited":["Exordium"],"potions_floor_usage":[16,16,16],"damage_taken":[{"damage":0,"enemies":"2 Louse","floor":1,"turns":2},{"damage":5,"enemies":"Small Slimes","floor":3,"turns":4},{"damage":38,"enemies":"3 Sentries","floor":7,"turns":15},{"damage":1,"enemies":"Cultist","floor":8,"turns":4},{"damage":16,"enemies":"Lagavulin","floor":14,"turns":8},{"damage":62,"enemies":"Slime Boss","floor":16,"turns":10}],"seed_played":"1628800895548210582","potions_obtained":[{"floor":7,"key":"Fire Potion"},{"floor":8,"key":"DistilledChaos"},{"floor":14,"key":"Regen Potion"}],"is_trial":true,"path_per_floor":["M","?","M","?","$","R","E","M","T","R","$","?","R","E","R","B"],"character_chosen":"THE_SILENT","items_purchased":["Leg Sweep","Boot"],"campfire_rested":2,"item_purchase_floors":[5,11],"current_hp_per_floor":[70,53,48,34,34,55,17,18,18,39,39,62,62,48,48,0,0],"gold":52,"neow_bonus":"","is_daily":false,"chose_seed":false,"campfire_upgraded":2,"win_rate":0.0,"timestamp":1612919427,"path_taken":["M","?","M","?","$","R","E","M","T","R","$","?","R","E","R","BOSS"],"items_purchased_type":["Card","Relic"],"build_version":"2020-12-22","purchased_purges":0,"victory":false,"max_hp_per_floor":[70,70,70,70,70,70,70,70,70,70,70,70,70,70,70,70,70],"relic_stats":{"Blood Vial":6,"counters":[6,43],"Golden Idol":23,"Boot":[4],"Question Card":0,"obtain_stats":[{"Blood Vial":7,"Golden Idol":2,"Boot":11,"Question Card":14,"Akabeko":9,"Ring of the Snake":0},{"Blood Vial":3,"Golden Idol":1,"Boot":4,"Question Card":5,"Akabeko":4,"Ring of the Snake":0},{"Blood Vial":21,"Golden Idol":2,"Boot":25,"Question Card":33,"Akabeko":25,"Ring of the Snake":0}],"Ring of the Snake":[12]},"card_choices":[{"not_picked":["Dagger Throw","Flying Knee","Acrobatics"],"picked":"SKIP","floor":1},{"not_picked":["Dagger Throw","Tactician","Cloak And Dagger"],"picked":"SKIP","floor":3},{"not_picked":["Acrobatics","Dagger Throw"],"picked":"Caltrops","floor":7},{"not_picked":["Cloak And Dagger","Skewer"],"picked":"Terror","floor":8},{"not_picked":["Reflex","Quick Slash"],"picked":"Adrenaline","floor":14}],"player_experience":538253,"relics_obtained":[{"floor":7,"key":"Blood Vial"},{"floor":9,"key":"Akabeko"},{"floor":14,"key":"Question Card"}],"event_choices":[{"damage_healed":0,"gold_gain":0,"player_choice":"Take Damage","damage_taken":17,"relics_obtained":["Golden Idol"],"max_hp_gain":0,"max_hp_loss":0,"event_name":"Golden Idol","floor":2,"gold_loss":0},{"damage_healed":0,"gold_gain":0,"player_choice":"Entered Light","damage_taken":14,"max_hp_gain":0,"max_hp_loss":0,"event_name":"Shining Light","floor":4,"gold_loss":0,"cards_upgraded":["Neutralize","Defend_G"]},{"damage_healed":23,"gold_gain":0,"player_choice":"Banana","damage_taken":0,"max_hp_gain":0,"max_hp_loss":0,"event_name":"Big Fish","floor":12,"gold_loss":0}],"is_beta":false,"boss_relics":[],"items_purged_floors":[],"is_endless":true,"potions_floor_spawned":[7,8,14],"killed_by":"Slime Boss","ascension_level":0}}