{"host":"dlyy4wv9zatha4f7","time":1612976512,"event":{"mods":["BaseMod","Better Third Choice","Colored Map","GifTheSpireLib","Minty Spire (QoL Compilation)","Spicy Shops","StSLib","SuperFastMode","Unceasing Turn Reminder"],"gold_per_floor":[116,66,66,66,14,14,42,217,270,270,287,302,302,375,375,530,530,571,571,169,169,19,110,110,174,174,384,69,145,22,81,81,234,234,279,279,354,113,113,113,113,216,289,16,16,115,55,129,129,129],"floor_reached":51,"language":"ENG","playtime":2392,"items_purged":["Doubt","Strike_P","Strike_P"],"score":1429,"play_id":"9dbd84dd-dc65-4fef-9645-4633678ba33c","local_time":"20210210190152","is_ascension_mode":true,"campfire_choices":[{"data":"Doppelganger","floor":6.0,"key":"SMITH"},{"data":"Wish","floor":10.0,"key":"SMITH"},{"data":"Eruption","floor":15.0,"key":"SMITH"},{"data":"FlyingSleeves","floor":24.0,"key":"SMITH"},{"floor":32.0,"key":"REST"},{"data":"Ragnarok","floor":40.0,"key":"SMITH"},{"floor":45.0,"key":"REST"},{"data":"1","floor":49,"key":"LIFT"}],"circlet_count":0,"master_deck":["Strike_P+1","Defend_P","Defend_P","Defend_P","Defend_P","Eruption+1","Vigilance","FollowUp+1","Doppelganger+1","FlyingSleeves+1","Wish+1","Tantrum","BattleHymn","Wish+1","Collect+1","Ragnarok+1","Fasting2+1","Establishment+1","LessonLearned","Ragnarok","Vengeance+1","Ragnarok+1","CrushJoints+1","Swivel+1","Vault"],"relics":["HolyWater","NeowsBlessing","PreservedInsect","Bag of Marbles","Oddly Smooth Stone","Dream Catcher","Golden Idol","Vajra","Snecko Eye","Frozen Egg 2","Chemical X","Art of War","Bronze Scales","Omamori","Whetstone","StoneCalendar","Gremlin Horn","Bag of Preparation","Matryoshka","Regal Pillow","WarpedTongs","Girya","Sundial","TeardropLocket","DollysMirror","Centennial Puzzle","Lee\u0027s Waffle","Molten Egg 2"],"acts_visited":["Exordium","TheCity","TheBeyond"],"potions_floor_usage":[50],"damage_taken":[{"damage":0.0,"enemies":"Small Slimes","floor":1.0,"turns":1.0},{"damage":0.0,"enemies":"Gremlin Nob","floor":7.0,"turns":1.0},{"damage":0.0,"enemies":"Jaw Worm","floor":11.0,"turns":1.0},{"damage":0.0,"enemies":"2 Louse","floor":12.0,"turns":1.0},{"damage":8.0,"enemies":"3 Sentries","floor":14.0,"turns":6.0},{"damage":0.0,"enemies":"Slime Boss","floor":16.0,"turns":4.0},{"damage":4.0,"enemies":"3 Byrds","floor":18.0,"turns":4.0},{"damage":0.0,"enemies":"Gremlin Leader","floor":23.0,"turns":4.0},{"damage":13.0,"enemies":"Slavers","floor":25.0,"turns":2.0},{"damage":7.0,"enemies":"Colosseum Slavers","floor":27.0,"turns":4.0},{"damage":0.0,"enemies":"Colosseum Nobs","floor":27.0,"turns":3.0},{"damage":1.0,"enemies":"Chosen","floor":29.0,"turns":3.0},{"damage":0.0,"enemies":"Book of Stabbing","floor":31.0,"turns":2.0},{"damage":0.0,"enemies":"Automaton","floor":33.0,"turns":4.0},{"damage":5.0,"enemies":"Orb Walker","floor":35.0,"turns":3.0},{"damage":0.0,"enemies":"3 Darklings","floor":36.0,"turns":1.0},{"damage":16.0,"enemies":"Sphere and 2 Shapes","floor":37.0,"turns":4.0},{"damage":27.0,"enemies":"Nemesis","floor":42.0,"turns":3.0},{"damage":0.0,"enemies":"Reptomancer","floor":46.0,"turns":2.0},{"damage":0,"enemies":"Nemesis","floor":48,"turns":3},{"damage":20,"enemies":"Time Eater","floor":50,"turns":5}],"seed_played":"2186197875281756624","potions_obtained":[{"floor":7.0,"key":"DuplicationPotion"},{"floor":11.0,"key":"LiquidBronze"},{"floor":12.0,"key":"SkillPotion"},{"floor":14.0,"key":"Explosive Potion"},{"floor":23.0,"key":"SteroidPotion"},{"floor":27.0,"key":"SpeedPotion"},{"floor":29.0,"key":"BottledMiracle"},{"floor":33.0,"key":"SmokeBomb"},{"floor":35.0,"key":"DistilledChaos"},{"floor":46.0,"key":"GamblersBrew"},{"floor":48,"key":"FearPotion"}],"is_trial":false,"path_per_floor":["M","?","?","T","$","R","E","?","T","R","M","M","?","E","R","B",null,"M","?","$","?","$","E","R","E","T","?","$","M","$","E","R","B",null,"M","M","M","$","?","R","?","E","T","$","R","E","$","E","R","B",null],"character_chosen":"WATCHER","items_purchased":["FlyingSleeves","Frozen Egg 2","Chemical X","Art of War","Ragnarok","Bag of Preparation","Matryoshka","Ragnarok","DollysMirror","Lee\u0027s Waffle"],"campfire_rested":2,"item_purchase_floors":[5,20,20,22,28,28,30,38,44,47],"current_hp_per_floor":[65,65,51,51,51,51,51,51,51,51,51,51,51,43,43,43,61,57,57,57,45,45,45,45,32,32,25,25,24,24,24,60,60,69,64,64,48,48,48,48,48,21,21,21,57,57,79,79,79,59],"gold":129,"neow_bonus":"THREE_ENEMY_KILL","is_daily":false,"chose_seed":false,"campfire_upgraded":5,"win_rate":0.0,"timestamp":1612976512,"path_taken":["M","?","?","?","$","R","E","?","T","R","M","M","?","E","R","BOSS","M","?","$","?","?","E","R","E","T","?","$","M","?","E","R","BOSS","M","?","M","?","?","R","?","E","T","$","R","E","$","E","R","BOSS"],"items_purchased_type":["Card","Relic","Relic","Relic","Card","Relic","Relic","Card","Relic","Relic"],"build_version":"2020-12-22","purchased_purges":3,"victory":true,"max_hp_per_floor":[72,72,72,72,72,72,72,72,72,72,72,72,67,67,67,67,67,67,67,67,72,72,72,72,72,72,72,72,72,72,72,72,72,72,72,72,72,72,72,72,72,72,72,72,72,72,79,79,79,79],"card_choices":[{"not_picked":["Evaluate","CutThroughFate"],"picked":"FollowUp","floor":1.0},{"not_picked":["PathToVictory","Crescendo"],"picked":"Wish","floor":7.0},{"not_picked":["FlurryOfBlows","ClearTheMind"],"picked":"Tantrum","floor":11.0},{"not_picked":["FollowUp","Evaluate"],"picked":"BattleHymn","floor":12.0},{"not_picked":["FlyingSleeves","Worship","CutThroughFate"],"picked":"SKIP","floor":14.0},{"not_picked":["Devotion","Brilliance"],"picked":"Wish","floor":16.0},{"not_picked":["EmptyBody","WreathOfFlame+1"],"picked":"Collect+1","floor":18.0},{"not_picked":["ThirdEye","Swivel","ForeignInfluence"],"picked":"SKIP","floor":23.0},{"not_picked":["JustLucky","MentalFortress+1","WreathOfFlame"],"picked":"SKIP","floor":25.0},{"not_picked":["EmptyBody","FlurryOfBlows+1","Conclude+1"],"picked":"SKIP","floor":29.0},{"not_picked":["BowlingBash","FearNoEvil"],"picked":"Fasting2+1","floor":31.0},{"not_picked":["DeceiveReality","Prostrate"],"picked":"Establishment+1","floor":32.0},{"not_picked":["Blasphemy","Devotion+1"],"picked":"LessonLearned","floor":33.0},{"not_picked":["Evaluate+1","CutThroughFate+1","Prostrate"],"picked":"SKIP","floor":35.0},{"not_picked":["JustLucky+1","EmptyBody+1","PathToVictory"],"picked":"SKIP","floor":37.0},{"not_picked":["Consecrate+1","PathToVictory+1"],"picked":"Vengeance+1","floor":42.0},{"not_picked":["Study+1","ThirdEye+1"],"picked":"CrushJoints+1","floor":45.0},{"not_picked":["Evaluate","Meditate"],"picked":"Swivel+1","floor":46.0},{"not_picked":["Judgement","PathToVictory+1"],"picked":"Vault","floor":48}],"player_experience":2276378,"relics_obtained":[{"floor":4.0,"key":"Bag of Marbles"},{"floor":7.0,"key":"Oddly Smooth Stone"},{"floor":9.0,"key":"Dream Catcher"},{"floor":14.0,"key":"Vajra"},{"floor":23.0,"key":"Bronze Scales"},{"floor":25.0,"key":"Omamori"},{"floor":26.0,"key":"Whetstone"},{"floor":27.0,"key":"StoneCalendar"},{"floor":27.0,"key":"Gremlin Horn"},{"floor":31.0,"key":"Regal Pillow"},{"floor":42.0,"key":"Girya"},{"floor":43.0,"key":"Sundial"},{"floor":43.0,"key":"TeardropLocket"},{"floor":46.0,"key":"Centennial Puzzle"},{"floor":48,"key":"Molten Egg 2"}],"event_choices":[{"cards_removed":["Strike_P"],"damage_healed":0.0,"max_hp_gain":0.0,"max_hp_loss":0.0,"gold_gain":0.0,"event_name":"The Cleric","player_choice":"Card Removal","floor":2.0,"gold_loss":50.0,"damage_taken":0.0},{"damage_healed":0.0,"max_hp_gain":0.0,"max_hp_loss":0.0,"gold_gain":175.0,"event_name":"betterThird:BetterSerpent","player_choice":"AGREE","floor":8.0,"gold_loss":0.0,"damage_taken":42.0},{"damage_healed":0.0,"max_hp_gain":0.0,"max_hp_loss":5.0,"gold_gain":0.0,"event_name":"Golden Idol","player_choice":"Lose Max HP","floor":13.0,"gold_loss":0.0,"damage_taken":0.0,"relics_obtained":["Golden Idol"]},{"damage_healed":0.0,"max_hp_gain":0.0,"max_hp_loss":0.0,"gold_gain":0.0,"event_name":"Ghosts","player_choice":"Ignored","floor":19.0,"gold_loss":0.0,"damage_taken":0.0},{"damage_healed":0.0,"max_hp_gain":5.0,"max_hp_loss":0.0,"gold_gain":0.0,"event_name":"Forgotten Altar","player_choice":"Shed Blood","floor":21.0,"gold_loss":0.0,"damage_taken":17.0},{"damage_healed":0.0,"max_hp_gain":0.0,"max_hp_loss":0.0,"gold_gain":0.0,"event_name":"Colosseum","player_choice":"Fight","floor":27.0,"gold_loss":0.0,"damage_taken":0.0},{"damage_healed":0.0,"max_hp_gain":0.0,"max_hp_loss":0.0,"gold_gain":0.0,"event_name":"Colosseum","player_choice":"Fought Nobs","floor":27.0,"gold_loss":0.0,"damage_taken":0.0},{"damage_healed":0.0,"max_hp_gain":0.0,"max_hp_loss":0.0,"gold_gain":0.0,"event_name":"Tomb of Lord Red Mask","player_choice":"Ignored","floor":39.0,"gold_loss":0.0,"damage_taken":0.0},{"damage_healed":0.0,"max_hp_gain":0.0,"max_hp_loss":0.0,"gold_gain":0.0,"event_name":"Accursed Blacksmith","player_choice":"Rummage","floor":41.0,"gold_loss":0.0,"damage_taken":0.0,"relics_obtained":["WarpedTongs"],"cards_obtained":["Pain"]}],"is_beta":false,"boss_relics":[{"not_picked":["Tiny House","SacredBark"],"picked":"Snecko Eye"},{"not_picked":["Fusion Hammer","Runic Pyramid"],"picked":"HolyWater"}],"items_purged_floors":[20,38,44],"is_endless":false,"potions_floor_spawned":[7,11,12,14,23,27,29,33,35,46,48],"ascension_level":7}}