{"host":"flm17o2q7bfjyna6","time":1612986945,"event":{"mods":["2.2 Compatiblity","Act Like it!","BaseMod","Better Altar","Better Match","Better Note","Better Sensory Stone","Better Skull","Better Third Choice","Better Vampires","Colored Map","Colored Powertips","DeckTracker","Fox Events","Hermit","Minty Spire (QoL Compilation)","Quick Restart","Reliquary","Replay The Spire","Reworked Bosses","Spicy Shops","StSLib","TheSwordswoman","Wandering Minibosses"],"gold_per_floor":[111,122,122,177,52,78,95,131,156,156,185,185,90,90,90],"floor_reached":14,"language":"ENG","playtime":483,"items_purged":["blazmod:Strike"],"score":135,"play_id":"ef76b12f-6ba0-4a9b-adeb-af5801afeb94","local_time":"20210210145545","is_ascension_mode":true,"campfire_choices":[{"data":"blazmod:ButterflyEffect","floor":10,"key":"SMITH"},{"data":"blazmod:CastAwayDew","floor":12,"key":"SMITH"}],"circlet_count":0,"master_deck":["blazmod:Strike","blazmod:Strike","blazmod:Strike","blazmod:Defend","blazmod:Defend","blazmod:Defend","blazmod:Defend","blazmod:ButterflyEffect+1","blazmod:Kyokasuigetsu","blazmod:Quickdraw","blazmod:FleetOfFoot","Replay:Bootleg Shield Generator","ReplayTheSpireMod:Splinters","blazmod:CastAwayDew+1","blazmod:FortifiedVigor+1","blazmod:FortifiedVigor","blazmod:BlindBlade","blazmod:PerennialBeauty","blazmod:Swordstorm","blazmod:TrueOfHeart+1"],"relics":["blazmod:Venustas","NeowsBlessing","Singing Bowl","Vajra","reliquary:RosewoodLute","CeramicFish","Smiling Mask"],"acts_visited":["Exordium"],"potions_floor_usage":[6,6],"damage_taken":[{"damage":0,"enemies":"Jaw Worm","floor":1,"turns":1},{"damage":0,"enemies":"Small Slimes","floor":2,"turns":1},{"damage":0,"enemies":"Gremlin Nob","floor":6,"turns":1},{"damage":0,"enemies":"Cultist","floor":7,"turns":2},{"damage":9,"enemies":"3 Sentries","floor":8,"turns":8},{"damage":0,"enemies":"Looter","floor":11,"turns":3},{"damage":34,"enemies":"Gremlin Nob","floor":14,"turns":5}],"seed_played":"-4865711648746140188","potions_obtained":[{"floor":2,"key":"AttackPotion"},{"floor":4,"key":"Cursed Concoction"},{"floor":7,"key":"FearPotion"},{"floor":8,"key":"DistilledChaos"},{"floor":11,"key":"Strength Potion"}],"is_trial":false,"path_per_floor":["M","M","?","?","$","E","M","E","T","R","M","R","$","E"],"character_chosen":"THE_SWORDSWOMAN","items_purchased":["blazmod:FortifiedVigor+1","Vajra","blazmod:TrueOfHeart+1"],"campfire_rested":0,"item_purchase_floors":[5,5,13],"current_hp_per_floor":[40,40,40,40,40,40,40,31,31,31,31,31,31,0,0],"gold":90,"neow_bonus":"THREE_ENEMY_KILL","is_daily":false,"chose_seed":false,"campfire_upgraded":2,"win_rate":0.0,"timestamp":1612986945,"path_taken":["M","M","?","?","$","E","?","E","T","R","M","R","$","E"],"items_purchased_type":["Card","Relic","Card"],"build_version":"2020-12-22","purchased_purges":1,"victory":false,"max_hp_per_floor":[40,40,40,40,40,40,40,40,40,40,40,40,40,40,40],"card_choices":[{"not_picked":["blazmod:FleetOfFoot","blazmod:SidewaySolace"],"picked":"blazmod:Quickdraw","floor":1},{"not_picked":["blazmod:BoulderFlash","blazmod:SidewaySolace"],"picked":"blazmod:FleetOfFoot","floor":2},{"not_picked":["Thinking Ahead","Impatience"],"picked":"Replay:Bootleg Shield Generator","floor":3},{"not_picked":["blazmod:Crosscut","blazmod:PureOfSoul"],"picked":"blazmod:CastAwayDew","floor":4},{"not_picked":["blazmod:Trasient","blazmod:StanceChange"],"picked":"blazmod:FortifiedVigor","floor":6},{"not_picked":["blazmod:Crosscut","blazmod:MentalFocus"],"picked":"blazmod:BlindBlade","floor":7},{"not_picked":["blazmod:Swordstorm","blazmod:StanceChange"],"picked":"blazmod:PerennialBeauty","floor":8},{"not_picked":["blazmod:TravelJournal","blazmod:Crosscut"],"picked":"blazmod:Swordstorm","floor":11}],"player_experience":1758996,"relics_obtained":[{"floor":4,"key":"Singing Bowl"},{"floor":6,"key":"reliquary:RosewoodLute"},{"floor":8,"key":"CeramicFish"},{"floor":9,"key":"Smiling Mask"}],"event_choices":[{"damage_healed":0,"gold_gain":1,"player_choice":"1","damage_taken":0,"max_hp_gain":0,"max_hp_loss":0,"event_name":"betterStone:BetterStone","floor":3,"gold_loss":0}],"is_beta":false,"boss_relics":[],"items_purged_floors":[13],"is_endless":false,"potions_floor_spawned":[2,7,8,11],"killed_by":"Gremlin Nob","ascension_level":2}}