{"host":"zjc1tzo4ovig5lll","time":1612971098,"event":{"mods":["AchievementEnabler","Aspiration","BaseMod","Beaked The Cultist","Better Altar","Better Match","Better Note","Better Sensory Stone","Colored Map","Colored Powertips","Conspire","Energized Spire","Friendly Minions","GifTheSpireLib","Halation","Hermit","Hubris","Minty Spire (QoL Compilation)","Rare Cards Sparkle","Reliquary","Replay The Spire","StSLib","The Blue Laboratory","The Bug Knight","The Construct","The Jungle","everything is the same but u backflip on backflip"],"gold_per_floor":[114,124,56,71,71,71,126,158,182,207,132,132,132,132,132,228,228,238,185,198,198,209,236,236,158,210,210,229,229,229],"floor_reached":29,"language":"ENG","playtime":1364,"items_purged":["Decay"],"score":261,"play_id":"54bbb711-6637-4f90-8212-a4bddee443d4","local_time":"20210210173138","is_ascension_mode":true,"campfire_choices":[{"data":"BowlingBash","floor":6.0,"key":"SMITH"},{"data":"WindmillStrike","floor":13.0,"key":"SMITH"},{"floor":15.0,"key":"REST"},{"floor":24,"key":"REST"},{"floor":27,"key":"REST"}],"circlet_count":0,"master_deck":["Strike_P","Defend_P","Defend_P","Defend_P","Defend_P","Eruption","Vigilance","Consecrate","WindmillStrike+1","Pray","BowlingBash+1","Madness+1","Die Die Die","Neutralize","Poisoned Stab","Devotion","ReachHeaven+1","ThirdEye+1","Wish","Wireheading"],"relics":["PureWater","ReplayTheSpireMod:CursedCoin","halation:LettersToHer","Replay:Bottled Flurry","Nunchaku","reliquary:RoseTintedGlasses","energizedSpire:CrystalSphere","reliquary:Stiletto","reliquary:RosewoodLute","Mirror","Replay:Wax Seal"],"acts_visited":["Exordium","TheCity"],"potions_floor_usage":[23],"damage_taken":[{"damage":4.0,"enemies":"Cultist","floor":1.0,"turns":3.0},{"damage":4.0,"enemies":"2 Louse","floor":2.0,"turns":2.0},{"damage":0.0,"enemies":"Small Slimes","floor":4.0,"turns":1.0},{"damage":0.0,"enemies":"3 Sentries","floor":7.0,"turns":3.0},{"damage":14.0,"enemies":"3 Sentries","floor":8.0,"turns":5.0},{"damage":8.0,"enemies":"Gremlin Nob","floor":10.0,"turns":3.0},{"damage":45.0,"enemies":"Hexaghost","floor":16.0,"turns":7.0},{"damage":13,"enemies":"Shell Parasite","floor":18,"turns":5},{"damage":0,"enemies":"3 Byrds","floor":20,"turns":3},{"damage":27,"enemies":"Snake Plant","floor":22,"turns":3},{"damage":36,"enemies":"HollowMod:Nosk","floor":23,"turns":5},{"damage":30,"enemies":"3 Cultists","floor":28,"turns":4},{"damage":0,"enemies":"Replay:Snechameleon","floor":29,"turns":5}],"seed_played":"-6309265651683362641","potions_obtained":[{"floor":7.0,"key":"LifebloodPotion"},{"floor":20,"key":"Toxic Potion"}],"is_trial":false,"path_per_floor":["M","M","$","M","?","R","?","E","T","E","?","?","R","?","R","B",null,"M","?","M","T","M","E","R","$","T","R","M","E"],"character_chosen":"WATCHER","items_purchased":["ReplayTheSpireMod:CursedCoin","halation:LettersToHer","Wireheading"],"campfire_rested":3,"item_purchase_floors":[3,3,25],"current_hp_per_floor":[75,71,71,71,71,71,71,57,57,49,49,49,49,49,72,27,79,66,66,66,66,39,3,26,26,26,49,19,19,19],"gold":229,"neow_bonus":"TEN_PERCENT_HP_BONUS","is_daily":false,"chose_seed":false,"campfire_upgraded":2,"win_rate":0.0,"timestamp":1612971098,"path_taken":["M","M","$","M","?","R","?","E","T","E","?","?","R","?","R","BOSS","M","?","?","?","?","E","R","$","T","R","?","E"],"items_purchased_type":["Relic","Relic","Card"],"build_version":"2020-12-22","purchased_purges":1,"victory":false,"max_hp_per_floor":[79,79,79,79,79,79,79,79,79,79,79,79,79,79,79,79,79,79,79,79,79,79,79,79,79,79,79,79,79,79],"card_choices":[{"not_picked":["ThirdEye","Replay:Cycle"],"picked":"Consecrate","floor":1.0},{"not_picked":["TalkToTheHand","Halt"],"picked":"WindmillStrike","floor":2.0},{"not_picked":["Fasting2","Replay:AtTheReady"],"picked":"Pray","floor":4.0},{"not_picked":["BowlingBash","Halt","Replay:ManipulateFuture"],"picked":"SKIP","floor":8.0},{"not_picked":["Evaluate","Replay:AtTheReady","Perseverance"],"picked":"SKIP","floor":10.0},{"not_picked":["PanicButton+1","ReplayTheSpireMod:Uncanny Aura+1"],"picked":"Madness+1","floor":11.0},{"not_picked":["DeusExMachina","MasterReality"],"picked":"Devotion","floor":16.0},{"not_picked":["Replay:ManipulateFuture+1","Crescendo","Replay:Vibes"],"picked":"SKIP","floor":18},{"not_picked":["Tantrum","FollowUp"],"picked":"ReachHeaven+1","floor":20},{"not_picked":["PathToVictory","Vengeance"],"picked":"ThirdEye+1","floor":22},{"not_picked":["SignatureMove","Protect"],"picked":"Wish","floor":23},{"not_picked":["CarveReality","Prostrate","Meditate"],"picked":"SKIP","floor":28}],"player_experience":713148,"relics_obtained":[{"floor":7.0,"key":"Replay:Bottled Flurry"},{"floor":8.0,"key":"Nunchaku"},{"floor":9.0,"key":"halation:LettersToHer"},{"floor":10.0,"key":"reliquary:RoseTintedGlasses"},{"floor":21,"key":"halation:LettersToHer"},{"floor":21,"key":"reliquary:RosewoodLute"},{"floor":23,"key":"Mirror"},{"floor":26,"key":"halation:LettersToHer"},{"floor":26,"key":"Replay:Wax Seal"}],"event_choices":[{"damage_healed":0.0,"max_hp_gain":0.0,"max_hp_loss":0.0,"gold_gain":0.0,"event_name":"Dead Adventurer","player_choice":"Searched \u00272\u0027 times","floor":7.0,"gold_loss":0.0,"damage_taken":0.0},{"damage_healed":0.0,"max_hp_gain":0.0,"max_hp_loss":0.0,"gold_gain":0.0,"event_name":"betterMatch:BetterMatch","player_choice":"2","floor":11.0,"gold_loss":0.0,"damage_taken":0.0,"cards_obtained":["betterMatch:ColorlessUncommonCard"]},{"damage_healed":0.0,"max_hp_gain":0.0,"max_hp_loss":0.0,"gold_gain":0.0,"event_name":"conspire:Investor","player_choice":"Leave","floor":12.0,"gold_loss":0.0,"damage_taken":0.0},{"damage_healed":0,"gold_gain":0,"player_choice":"Paid Gold","damage_taken":0,"relics_obtained":["reliquary:Stiletto"],"max_hp_gain":0,"max_hp_loss":0,"event_name":"WeMeetAgain","floor":19,"gold_loss":53}],"is_beta":false,"boss_relics":[{"not_picked":["energizedSpire:NeverEndingSparkler","reliquary:WritOfMandamus"],"picked":"energizedSpire:CrystalSphere"}],"items_purged_floors":[3],"is_endless":false,"potions_floor_spawned":[4,7,8,20,22],"killed_by":"Replay:Snechameleon","ascension_level":1}}