{"host":"5ddwedapke4fsx0r","time":1612979854,"event":{"mods":["BaseMod","Downfall","Minty Spire (QoL Compilation)","Reliquary","Robot Space Explorer","Shade Mod","StSLib","The Clintock","The Construct","The Forsaken","The Gatherer","The Hierophant","The Servant 0.9.4","TheSurvivalist"],"gold_per_floor":[99,115,215,215,215,115,115,133,43,43,54,39,59,44,64,162,162,162,172,172,190,190,223,223,239,239,139,166,51,51,80,94,190,190,190,210,226,58,358,369,369,66,78,89,102,136,136,136,147,147],"floor_reached":51,"language":"ENG","playtime":3091,"items_purged":["downfall:Bewildered","Pride","downfall:Haunted","downfall:Haunted"],"score":811,"play_id":"a41bc286-95bc-444f-afd2-59d57be8683b","local_time":"20210210185734","is_ascension_mode":true,"campfire_choices":[{"floor":1,"key":"RECALL"},{"data":"RobotSpaceExplorer:IronShell","floor":6,"key":"SMITH"},{"data":"RobotSpaceExplorer:StarDust","floor":10,"key":"SMITH"},{"data":"RobotSpaceExplorer:Comet","floor":18,"key":"SMITH"},{"data":"RobotSpaceExplorer:StarDust","floor":27,"key":"SMITH"},{"floor":30,"key":"REST"},{"data":"RobotSpaceExplorer:StarLightning","floor":35,"key":"SMITH"},{"floor":47,"key":"DIG"}],"circlet_count":0,"master_deck":["RobotSpaceExplorer:Strike","RobotSpaceExplorer:Strike","RobotSpaceExplorer:Strike","RobotSpaceExplorer:Strike","RobotSpaceExplorer:Defend","RobotSpaceExplorer:Defend","RobotSpaceExplorer:Defend","RobotSpaceExplorer:Scan","RobotSpaceExplorer:MiniLasers","RobotSpaceExplorer:IronShell+1","RobotSpaceExplorer:Asteroid","RobotSpaceExplorer:Pulsar","RobotSpaceExplorer:StarDust+1","RobotSpaceExplorer:DoubleFind","RobotSpaceExplorer:StarLightning+1","RobotSpaceExplorer:Comet+1","RobotSpaceExplorer:StarDust+1","RobotSpaceExplorer:Comet","RobotSpaceExplorer:LuckyStrike","RobotSpaceExplorer:Pulsar+1"],"relics":["RobotSpaceExplorer:RoboCore","Darkstone Periapt","theForsaken:ScaryMask","downfall:ShatteredFragment","downfall:HeartBlessingRed","Ornamental Fan","Sozu","Mercury Hourglass","Shuriken","reliquary:QuartzCube","downfall:HeartBlessingGreen","RobotSpaceExplorer:RingOfTheNewt","Matryoshka","theForsaken:PaleLantern","reliquary:JackalopeAntler","Centennial Puzzle","Ice Cream","Bag of Preparation","reliquary:ExpiredCoupon","Shovel","Mango"],"acts_visited":["Exordium","TheCity","TheBeyond"],"potions_floor_usage":[15,16,23],"damage_taken":[{"damage":1,"enemies":"Jaw Worm","floor":2,"turns":4},{"damage":0,"enemies":"Small Slimes","floor":8,"turns":2},{"damage":0,"enemies":"downfall:FleeingMerchant","floor":9,"turns":4},{"damage":0,"enemies":"2 Louse","floor":11,"turns":2},{"damage":6,"enemies":"downfall:FleeingMerchant","floor":12,"turns":4},{"damage":0,"enemies":"Large Slime","floor":13,"turns":3},{"damage":11,"enemies":"downfall:FleeingMerchant","floor":14,"turns":4},{"damage":0,"enemies":"Lots of Slimes","floor":15,"turns":5},{"damage":31,"enemies":"DF_ARCHETYPE_STREAMLINE","floor":16,"turns":7},{"damage":4,"enemies":"Shell Parasite","floor":19,"turns":4},{"damage":0,"enemies":"Spheric Guardian","floor":21,"turns":3},{"damage":30,"enemies":"Slavers","floor":23,"turns":5},{"damage":6,"enemies":"Centurion and Healer","floor":25,"turns":5},{"damage":13,"enemies":"Gremlin Leader","floor":28,"turns":5},{"damage":5,"enemies":"downfall:FleeingMerchant","floor":29,"turns":4},{"damage":18,"enemies":"Slavers","floor":31,"turns":4},{"damage":0,"enemies":"3 Cultists","floor":32,"turns":3},{"damage":28,"enemies":"IC_MUSHROOM_ARCHETYPE","floor":33,"turns":6},{"damage":6,"enemies":"3 Shapes","floor":36,"turns":4},{"damage":0,"enemies":"Orb Walker","floor":37,"turns":3},{"damage":0,"enemies":"downfall:FleeingMerchant","floor":38,"turns":1},{"damage":8,"enemies":"Writhing Mass","floor":40,"turns":4},{"damage":3,"enemies":"Jaw Worm Horde","floor":43,"turns":3},{"damage":0,"enemies":"Transient","floor":44,"turns":5},{"damage":15,"enemies":"Maw","floor":45,"turns":5},{"damage":13,"enemies":"Nemesis","floor":46,"turns":5},{"damage":11,"enemies":"Jaw Worm Horde","floor":49,"turns":3},{"damage":43,"enemies":"WA_ARCHETYPE_DIVINITY","floor":50,"turns":6}],"seed_played":"-8904042552470383986","potions_obtained":[{"floor":11,"key":"SpeedPotion"},{"floor":15,"key":"Dexterity Potion"},{"floor":16,"key":"Energy Potion"}],"is_trial":false,"path_per_floor":["R","M","?","?","?","R","T","M","$","R","M","$","M","$","M","B",null,"R","M","?","M","?","E","T","M","?","R","E","$","R","E","M","B",null,"R","M","M","$","?","M","T","$","M","M","M","E","R","?","M","B",null],"character_chosen":"RobotSpaceExplorer","items_purchased":["reliquary:JackalopeAntler","Centennial Puzzle","reliquary:ExpiredCoupon"],"campfire_rested":1,"item_purchase_floors":[38,38,42],"current_hp_per_floor":[82,81,105,87,75,75,75,75,75,75,75,69,69,58,58,27,106,106,102,102,102,102,72,72,66,72,72,59,54,87,69,69,41,112,112,106,106,106,106,98,98,98,95,95,80,67,81,81,70,27],"gold":147,"neow_bonus":"TEN_PERCENT_HP_BONUS","is_daily":false,"chose_seed":false,"campfire_upgraded":5,"win_rate":0.0,"timestamp":1612979854,"path_taken":["R","M","?","?","?","R","T","M","$","R","M","?","M","$","M","BOSS","R","M","?","M","?","E","T","M","?","R","E","$","R","E","M","BOSS","R","M","M","$","?","?","T","$","M","M","M","E","R","?","M","BOSS"],"items_purchased_type":["Relic","Relic","Relic"],"build_version":"2020-12-22","purchased_purges":4,"victory":true,"max_hp_per_floor":[82,82,106,106,106,106,106,106,106,106,106,106,106,106,106,106,106,106,106,106,106,106,106,106,106,112,112,112,112,112,112,112,112,112,112,112,112,112,112,112,112,112,112,112,112,112,126,126,126,126],"card_choices":[{"not_picked":["RobotSpaceExplorer:GlueShot","RobotSpaceExplorer:SurgingStrike"],"picked":"RobotSpaceExplorer:IronShell","floor":2},{"not_picked":["RobotSpaceExplorer:ImprovisedAttack","RobotSpaceExplorer:FreezeRay"],"picked":"RobotSpaceExplorer:Pulsar","floor":8},{"not_picked":["RobotSpaceExplorer:BlastShield","RobotSpaceExplorer:Reload"],"picked":"RobotSpaceExplorer:StarDust","floor":9},{"not_picked":["RobotSpaceExplorer:ScrapMissile","RobotSpaceExplorer:TurboDodge","RobotSpaceExplorer:SurgingStrike"],"picked":"SKIP","floor":11},{"not_picked":["RobotSpaceExplorer:FreezeRay","RobotSpaceExplorer:Ammunition","RobotSpaceExplorer:Blitz"],"picked":"SKIP","floor":12},{"not_picked":["RobotSpaceExplorer:Counterblock","RobotSpaceExplorer:Ammunition"],"picked":"RobotSpaceExplorer:DoubleFind","floor":13},{"not_picked":["RobotSpaceExplorer:ShockKick","RobotSpaceExplorer:MiniDrones","RobotSpaceExplorer:Probe"],"picked":"SKIP","floor":14},{"not_picked":["RobotSpaceExplorer:Discharger","RobotSpaceExplorer:LuckyStrike"],"picked":"RobotSpaceExplorer:StarLightning","floor":15},{"not_picked":["RobotSpaceExplorer:Wormhole","RobotSpaceExplorer:DroneSwarm"],"picked":"RobotSpaceExplorer:Comet","floor":16},{"not_picked":["RobotSpaceExplorer:TurboDodge","RobotSpaceExplorer:SwiftStep+1"],"picked":"RobotSpaceExplorer:StarDust","floor":19},{"not_picked":["RobotSpaceExplorer:SlimeMissile+1","RobotSpaceExplorer:StunGrenade","RobotSpaceExplorer:Probe"],"picked":"SKIP","floor":21},{"not_picked":["RobotSpaceExplorer:ImprovisedAttack","RobotSpaceExplorer:Electroshield+1","RobotSpaceExplorer:Counterblock"],"picked":"SKIP","floor":23},{"not_picked":["RobotSpaceExplorer:Fix","RobotSpaceExplorer:Pulsar","RobotSpaceExplorer:DualCore+1"],"picked":"SKIP","floor":25},{"not_picked":["RobotSpaceExplorer:ScrapShield","RobotSpaceExplorer:StarDust","RobotSpaceExplorer:Ammunition"],"picked":"SKIP","floor":28},{"not_picked":["RobotSpaceExplorer:PowerCollector","RobotSpaceExplorer:MiniBoosters","RobotSpaceExplorer:JunkDive"],"picked":"SKIP","floor":29},{"not_picked":["RobotSpaceExplorer:MetalStrike","RobotSpaceExplorer:FrostMissile","RobotSpaceExplorer:Pulsar"],"picked":"SKIP","floor":31},{"not_picked":["RobotSpaceExplorer:Jetpack+1","RobotSpaceExplorer:SwiftStep","RobotSpaceExplorer:StunGrenade"],"picked":"SKIP","floor":32},{"not_picked":["RobotSpaceExplorer:Multitool","RobotSpaceExplorer:ShockMissile"],"picked":"RobotSpaceExplorer:Comet","floor":33},{"not_picked":["RobotSpaceExplorer:ShovelStrike","RobotSpaceExplorer:MakeshiftVolley+1","RobotSpaceExplorer:FrostMissile+1"],"picked":"SKIP","floor":36},{"not_picked":["RobotSpaceExplorer:IronShell+1","RobotSpaceExplorer:Ammunition+1","RobotSpaceExplorer:DualCore+1"],"picked":"SKIP","floor":37},{"not_picked":["RobotSpaceExplorer:IronShell+1","RobotSpaceExplorer:Electroshield+1","RobotSpaceExplorer:Probe+1"],"picked":"SKIP","floor":38},{"not_picked":["RobotSpaceExplorer:ShockKick","RobotSpaceExplorer:Ammunition+1","RobotSpaceExplorer:Probe+1"],"picked":"SKIP","floor":40},{"not_picked":["RobotSpaceExplorer:SwiftStep","RobotSpaceExplorer:PowerGlove","RobotSpaceExplorer:Smokescreen+1"],"picked":"SKIP","floor":43},{"not_picked":["RobotSpaceExplorer:SelfCleaning","RobotSpaceExplorer:FreezingShield","RobotSpaceExplorer:FrostMissile+1"],"picked":"SKIP","floor":44},{"not_picked":["RobotSpaceExplorer:GlueShot+1","RobotSpaceExplorer:StarLightning","RobotSpaceExplorer:Probe"],"picked":"SKIP","floor":45},{"not_picked":["RobotSpaceExplorer:MiniBoosters","RobotSpaceExplorer:Electroshield","RobotSpaceExplorer:Asteroid"],"picked":"SKIP","floor":46},{"not_picked":["RobotSpaceExplorer:Ammunition+1","RobotSpaceExplorer:FrostMissile+1"],"picked":"RobotSpaceExplorer:Pulsar+1","floor":49}],"player_experience":586005,"relics_obtained":[{"floor":7,"key":"Ornamental Fan"},{"floor":23,"key":"Mercury Hourglass"},{"floor":24,"key":"Shuriken"},{"floor":28,"key":"RobotSpaceExplorer:RingOfTheNewt"},{"floor":31,"key":"Matryoshka"},{"floor":41,"key":"Ice Cream"},{"floor":41,"key":"Bag of Preparation"},{"floor":46,"key":"Shovel"},{"floor":47,"key":"Mango"}],"event_choices":[{"damage_healed":0,"gold_gain":0,"player_choice":"Success","damage_taken":18,"relics_obtained":["theForsaken:ScaryMask"],"max_hp_gain":0,"max_hp_loss":0,"event_name":"Scrap Ooze","floor":4,"gold_loss":0},{"damage_healed":0,"gold_gain":0,"player_choice":"Stole Relic","damage_taken":0,"relics_obtained":["reliquary:QuartzCube"],"max_hp_gain":0,"max_hp_loss":0,"event_name":"Addict","floor":26,"gold_loss":0,"cards_obtained":["Pride"]},{"damage_healed":0,"gold_gain":300,"player_choice":"Gold","damage_taken":0,"max_hp_gain":0,"max_hp_loss":0,"event_name":"Wheel of Change","floor":39,"gold_loss":0}],"is_beta":false,"boss_relics":[{"not_picked":["Busted Crown","Empty Cage"],"picked":"Sozu"},{"not_picked":["Runic Dome","reliquary:Ember"],"picked":"theForsaken:PaleLantern"}],"items_purged_floors":[9,29,38,42],"is_endless":false,"potions_floor_spawned":[11,15,16,19,23,25,31,37,40,43,45],"ascension_level":1}}