{"host":"f0gpob8hq9vgebej","time":1612975667,"event":{"mods":["AchievementEnabler","BaseMod","Minty Spire (QoL Compilation)","Quick Restart","SuperFastMode"],"gold_per_floor":[111,111,111,111,123,158,158,175,175,190,203,203,235,246,246,246,246],"floor_reached":16,"language":"KOR","playtime":341,"items_purged":[],"score":253,"play_id":"f19268d7-c00f-47b5-9cf8-469f12a74b32","local_time":"20210211014747","is_ascension_mode":true,"campfire_choices":[{"data":"Tactician","floor":7.0,"key":"SMITH"},{"data":"Choke","floor":12,"key":"SMITH"},{"floor":15,"key":"REST"}],"circlet_count":0,"master_deck":["AscendersBane","Strike_G","Strike_G","Strike_G","Strike_G","Defend_G","Defend_G","Defend_G","Defend_G","Defend_G","Survivor","Neutralize","Crippling Poison+1","Endless Agony","Tactician+1","Infinite Blades","Acrobatics","Choke+1","Blade Dance","Calculated Gamble","Reflex"],"relics":["Ring of the Snake","NeowsBlessing","Tingsha","TungstenRod"],"acts_visited":["Exordium"],"potions_floor_usage":[11,13,16,16],"damage_taken":[{"damage":0.0,"enemies":"Jaw Worm","floor":1.0,"turns":1.0},{"damage":0.0,"enemies":"Small Slimes","floor":5.0,"turns":1.0},{"damage":0.0,"enemies":"Lagavulin","floor":6.0,"turns":1.0},{"damage":0.0,"enemies":"2 Louse","floor":8.0,"turns":4.0},{"damage":18.0,"enemies":"Exordium Thugs","floor":10.0,"turns":4.0},{"damage":5,"enemies":"Gremlin Gang","floor":11,"turns":4},{"damage":26,"enemies":"Gremlin Nob","floor":13,"turns":4},{"damage":0,"enemies":"Lots of Slimes","floor":14,"turns":2},{"damage":29,"enemies":"Slime Boss","floor":16,"turns":6}],"seed_played":"4696418395699433546","potions_obtained":[{"floor":5.0,"key":"LiquidMemories"},{"floor":10.0,"key":"Poison Potion"},{"floor":13,"key":"Poison Potion"},{"floor":14,"key":"BlessingOfTheForge"}],"is_trial":false,"path_per_floor":["M","?","?","?","M","E","R","M","T","M","M","R","E","M","R","B"],"character_chosen":"THE_SILENT","items_purchased":[],"campfire_rested":1,"item_purchase_floors":[],"current_hp_per_floor":[59,59,59,59,59,59,59,59,59,41,36,36,10,10,29,0,0],"gold":246,"neow_bonus":"THREE_ENEMY_KILL","is_daily":false,"chose_seed":false,"campfire_upgraded":2,"win_rate":0.0,"timestamp":1612975667,"path_taken":["M","?","?","?","M","E","R","M","T","M","M","R","E","M","R","BOSS"],"items_purchased_type":[],"build_version":"2020-12-22","purchased_purges":0,"victory":false,"max_hp_per_floor":[66,66,66,66,66,66,66,66,66,66,66,66,66,66,66,66,66],"card_choices":[{"not_picked":["PiercingWail","Slice"],"picked":"Crippling Poison","floor":1.0},{"not_picked":["Distraction","Choke"],"picked":"Tactician","floor":5.0},{"not_picked":["Noxious Fumes","Poisoned Stab"],"picked":"Infinite Blades","floor":6.0},{"not_picked":["Underhanded Strike","Eviscerate"],"picked":"Acrobatics","floor":8.0},{"not_picked":["Dodge and Roll","Heel Hook"],"picked":"Choke","floor":10.0},{"not_picked":["Tactician","Choke"],"picked":"Blade Dance","floor":11},{"not_picked":["Acrobatics","Crippling Poison"],"picked":"Calculated Gamble","floor":13},{"not_picked":["Eviscerate","Calculated Gamble"],"picked":"Reflex","floor":14}],"player_experience":383741,"relics_obtained":[{"floor":6.0,"key":"Tingsha"},{"floor":13,"key":"TungstenRod"}],"event_choices":[{"damage_healed":0.0,"max_hp_gain":0.0,"max_hp_loss":0.0,"gold_gain":0.0,"event_name":"Golden Idol","player_choice":"Ignored","floor":2.0,"gold_loss":0.0,"damage_taken":0.0},{"damage_healed":0.0,"max_hp_gain":0.0,"max_hp_loss":0.0,"gold_gain":0.0,"event_name":"Living Wall","player_choice":"Grow","floor":3.0,"gold_loss":0.0,"damage_taken":0.0,"cards_upgraded":["Crippling Poison"]},{"damage_healed":0.0,"max_hp_gain":0.0,"max_hp_loss":0.0,"gold_gain":0.0,"cards_transformed":["Strike_G"],"event_name":"Transmorgrifier","player_choice":"Transformed","floor":4.0,"gold_loss":0.0,"damage_taken":0.0,"cards_obtained":["Endless Agony"]}],"is_beta":false,"boss_relics":[],"items_purged_floors":[],"is_endless":false,"potions_floor_spawned":[5,10,13,14],"killed_by":"Slime Boss","ascension_level":17}}