{"host":"rjbqai8ni6dsiu37","time":1612993481,"event":{"mods":["100% Spire Juice","BaseMod","CapriCore","GungeonMod","Marisa£¨Ùöéë¡¡Øª×âÞÞ£©","Minty Spire (QoL Compilation)","Replay The Spire","Shop Mod","StSLib","Td1madao Mod","The Cursed","The Jungle","The Poker Player","WarShipGirlsR/??á´Ò³R mod"],"gold_per_floor":[111,111,111,121,121,154,154,181,208,225,243,243,258,271,271,348,348,363,363,379,329,339,365,365,33,33,33,45,45,78,97,97,171,171,190,90,106,131,150,150,183,105,128,161,174,184,184,194,194,194],"floor_reached":51,"language":"KOR","playtime":1388,"items_purged":["rmod:strick","rmod:strick"],"score":1711,"play_id":"3dbbbe05-aa43-4bbe-bd09-81f06b8c7bbf","local_time":"20210211064441","is_ascension_mode":true,"campfire_choices":[{"data":"rmod:salvage","floor":7.0,"key":"SMITH"},{"data":"rmod:maingunfire","floor":12.0,"key":"SMITH"},{"data":"rmod:smokecover","floor":15.0,"key":"SMITH"},{"data":"rmod:basicallowance","floor":24,"key":"SMITH"},{"data":"rmod:wife","floor":27,"key":"SMITH"},{"data":"rmod:fletcher","floor":29,"key":"SMITH"},{"floor":32,"key":"REST"},{"data":"rmod:goodsister","floor":40,"key":"SMITH"},{"data":"rmod:royalracing","floor":49,"key":"SMITH"}],"circlet_count":0,"master_deck":["AscendersBane","rmod:strick+1","rmod:strick+1","rmod:defend","rmod:defend","rmod:defend+1","rmod:defend","rmod:basicallowance+1","rmod:maingunfire+1","rmod:intelligenceanalysis+1","rmod:salvage+1","rmod:fletcherpendant","rmod:fletcherpendant+1","rmod:fletcherpendant+1","rmod:fletcherpendant+1","rmod:smokecover+1","rmod:fletcherpendant+1","rmod:fletcherpendant+1","rmod:fletcher+1","rmod:unsinkable","rmod:fletcherpendant","rmod:fletcherpendant","rmod:fletcherpendant","rmod:wife+1","rmod:fletcher+1","rmod:goodsister+1","rmod:fletcherpendant+1","rmod:mineteam","rmod:royalracing+1","rmod:fletcherpendant+1"],"relics":["rmod:firstchargereward","NeowsBlessing","Bottled Flame","Bag of Marbles","Bag of Preparation","ReplayTheSpireMod:Ninjato","Vajra","DemoMod:MemoryAlloy","Ancient Tea Set","DemoMod:GlassGuonStoneRelic","Runic Dome","Durian","DemoMod:MonsterBlood","Gremlin Food"],"acts_visited":["Exordium","TheCity","TheBeyond"],"potions_floor_usage":[22,30,45,47,50],"damage_taken":[{"damage":0.0,"enemies":"Small Slimes","floor":1.0,"turns":1.0},{"damage":0.0,"enemies":"2 Louse","floor":4.0,"turns":1.0},{"damage":0.0,"enemies":"Gremlin Nob","floor":6.0,"turns":1.0},{"damage":13.0,"enemies":"Lagavulin","floor":8.0,"turns":5.0},{"damage":0.0,"enemies":"Cultist","floor":10.0,"turns":2.0},{"damage":2.0,"enemies":"Blue Slaver","floor":11.0,"turns":2.0},{"damage":0.0,"enemies":"3 Louse","floor":13.0,"turns":2.0},{"damage":0.0,"enemies":"Red Slaver","floor":14.0,"turns":2.0},{"damage":24.0,"enemies":"Slime Boss","floor":16.0,"turns":11.0},{"damage":1,"enemies":"2 Thieves","floor":18,"turns":4},{"damage":0,"enemies":"Shell Parasite","floor":20,"turns":2},{"damage":16,"enemies":"Centurion and Healer","floor":22,"turns":4},{"damage":0,"enemies":"Gremlin Leader","floor":23,"turns":6},{"damage":0,"enemies":"Sentry and Sphere","floor":28,"turns":2},{"damage":29,"enemies":"Book of Stabbing","floor":30,"turns":4},{"damage":0,"enemies":"Snecko","floor":31,"turns":1},{"damage":0,"enemies":"Champ","floor":33,"turns":4},{"damage":0,"enemies":"Orb Walker","floor":35,"turns":1},{"damage":0,"enemies":"3 Darklings","floor":37,"turns":2},{"damage":0,"enemies":"Mind Bloom Boss Battle","floor":38,"turns":2},{"damage":0,"enemies":"Maw","floor":39,"turns":3},{"damage":0,"enemies":"Nemesis","floor":41,"turns":3},{"damage":0,"enemies":"Giant Head","floor":44,"turns":5},{"damage":0,"enemies":"Spire Growth","floor":45,"turns":2},{"damage":0,"enemies":"Transient","floor":46,"turns":5},{"damage":0,"enemies":"Maw","floor":48,"turns":3},{"damage":0,"enemies":"Time Eater","floor":50,"turns":6}],"seed_played":"-4336449798503596882","potions_obtained":[{"floor":4.0,"key":"SteroidPotion"},{"floor":8.0,"key":"Milkshake"},{"floor":13.0,"key":"Elixir"},{"floor":20,"key":"SpeedPotion"},{"floor":23,"key":"SpeedPotion"},{"floor":28,"key":"Strength Potion"},{"floor":33,"key":"ColorlessPotion"},{"floor":35,"key":"DistilledChaos"},{"floor":46,"key":"SteroidPotion"},{"floor":47,"key":"Fruit Juice"},{"floor":47,"key":"Fire Potion"}],"is_trial":false,"path_per_floor":["M","?","?","M","?","E","R","E","T","M","M","R","M","M","R","B",null,"M","?","M","?","M","E","R","$","T","R","M","R","E","M","R","B",null,"M","$","M","?","M","R","E","$","T","E","M","M","?","M","R","B",null],"character_chosen":"PRAEFECT","items_purchased":["Vajra","rmod:wife","rmod:mineteam"],"campfire_rested":1,"item_purchase_floors":[25,25,42],"current_hp_per_floor":[63,63,63,63,42,42,42,29,29,29,27,27,27,27,27,3,53,52,52,52,52,36,36,36,36,36,36,36,36,7,7,28,28,60,60,60,60,65,65,65,72,72,72,72,72,72,77,77,77,77],"gold":194,"neow_bonus":"THREE_ENEMY_KILL","is_daily":false,"chose_seed":false,"campfire_upgraded":8,"win_rate":0.0,"timestamp":1612993481,"path_taken":["M","?","?","M","?","E","R","E","T","M","M","R","M","M","R","BOSS","M","?","M","?","M","E","R","$","T","R","?","R","E","M","R","BOSS","M","$","M","?","M","R","E","$","T","E","M","M","?","?","R","BOSS"],"items_purchased_type":["Relic","Card","Card"],"build_version":"2020-12-22","purchased_purges":2,"victory":true,"max_hp_per_floor":[70,70,70,70,70,70,70,70,70,70,70,70,70,70,70,70,70,70,70,70,70,70,70,70,70,70,70,70,70,70,70,70,70,70,70,70,70,75,75,75,82,82,82,82,82,82,87,87,87,87],"card_choices":[{"not_picked":["rmod:firesupport","rmod:chargemoney"],"picked":"rmod:intelligenceanalysis","floor":1.0},{"not_picked":["rmod:aviationdawn","rmod:ammunitionsupply"],"picked":"rmod:salvage","floor":4.0},{"not_picked":["rmod:punchline","rmod:steelsupply","rmod:timeschanged"],"picked":"SKIP","floor":6.0},{"not_picked":["rmod:punchline","rmod:steelsupply","rmod:timeschanged"],"picked":"SKIP","floor":6.0},{"not_picked":["rmod:goodfighter","rmod:diaomin","rmod:desperatesituation"],"picked":"SKIP","floor":8.0},{"not_picked":["rmod:advancebysurprise","rmod:combined","rmod:steelsupply"],"picked":"SKIP","floor":10.0},{"not_picked":["rmod:spoils","rmod:victimresponsibility","rmod:circuitoustactics"],"picked":"SKIP","floor":11.0},{"not_picked":["rmod:fletcherpendant","rmod:selfconfidence"],"picked":"rmod:smokecover","floor":13.0},{"not_picked":["rmod:guardianhero","rmod:aluminumsupply","rmod:unsinkable"],"picked":"SKIP","floor":14.0},{"not_picked":["rmod:ammunitionsupply","rmod:victimresponsibility"],"picked":"rmod:unsinkable","floor":18},{"not_picked":["rmod:aviationdawn","rmod:highspeedshooting","rmod:supportaircraftcarrier"],"picked":"SKIP","floor":20},{"not_picked":["rmod:combined","rmod:spoils","rmod:ammunitionsupply"],"picked":"SKIP","floor":22},{"not_picked":["rmod:diamondstrike","rmod:wolves"],"picked":"rmod:fletcherpendant","floor":23},{"not_picked":["rmod:garrisonisland","rmod:diamondstrike","rmod:aggressivemary"],"picked":"SKIP","floor":28},{"not_picked":["rmod:rockthrower","rmod:steelsupply"],"picked":"rmod:goodsister","floor":30},{"not_picked":["rmod:victimresponsibility","rmod:combined","rmod:overbreakdown"],"picked":"SKIP","floor":31},{"not_picked":["rmod:highspeedshooting","rmod:aviationdawn","rmod:bulid"],"picked":"SKIP","floor":35},{"not_picked":["rmod:concentratefire","rmod:luckystar","rmod:intelligenceanalysis"],"picked":"SKIP","floor":37},{"not_picked":["rmod:tearstotiara","rmod:guardianhero","rmod:diamondstrike"],"picked":"SKIP","floor":39},{"not_picked":["rmod:slowdown","rmod:wife+1","rmod:diaomin"],"picked":"SKIP","floor":41},{"not_picked":["rmod:diamondstrike","rmod:supportescort+1","rmod:aluminumsupply"],"picked":"SKIP","floor":44},{"not_picked":["rmod:steelsupply","rmod:wasp","rmod:salvage"],"picked":"SKIP","floor":45},{"not_picked":["rmod:heivgo","rmod:aggressivemary"],"picked":"rmod:royalracing","floor":46},{"not_picked":["rmod:launchingtorpedo","rmod:aluminumsupply","rmod:overbreakdown"],"picked":"SKIP","floor":48},{"not_picked":["rmod:launchingtorpedo","rmod:aluminumsupply","rmod:overbreakdown"],"picked":"SKIP","floor":48}],"player_experience":260297,"relics_obtained":[{"floor":6.0,"key":"Bottled Flame"},{"floor":8.0,"key":"Bag of Marbles"},{"floor":9.0,"key":"Bag of Preparation"},{"floor":23,"key":"ReplayTheSpireMod:Ninjato"},{"floor":26,"key":"DemoMod:MemoryAlloy"},{"floor":30,"key":"Ancient Tea Set"},{"floor":38,"key":"Durian"},{"floor":41,"key":"DemoMod:MonsterBlood"},{"floor":44,"key":"Gremlin Food"}],"event_choices":[{"damage_healed":0.0,"max_hp_gain":0.0,"max_hp_loss":0.0,"gold_gain":0.0,"event_name":"Golden Wing","player_choice":"Ignored","floor":2.0,"gold_loss":0.0,"damage_taken":0.0},{"damage_healed":0.0,"max_hp_gain":0.0,"max_hp_loss":0.0,"gold_gain":0.0,"event_name":"Shining Light","player_choice":"Entered Light","floor":5.0,"gold_loss":0.0,"damage_taken":21.0,"cards_upgraded":["rmod:intelligenceanalysis","rmod:strick"]},{"damage_healed":0,"gold_gain":0,"player_choice":"Ignored","damage_taken":0,"max_hp_gain":0,"max_hp_loss":0,"event_name":"Ghosts","floor":19,"gold_loss":0},{"damage_healed":0,"gold_gain":0,"player_choice":"Upgraded Two","damage_taken":0,"max_hp_gain":0,"max_hp_loss":0,"event_name":"Designer","floor":21,"gold_loss":50,"cards_upgraded":["rmod:strick","rmod:fletcherpendant"]},{"damage_healed":0,"gold_gain":0,"player_choice":"Fight","damage_taken":0,"max_hp_gain":0,"max_hp_loss":0,"event_name":"MindBloom","floor":38,"gold_loss":0},{"damage_healed":0,"gold_gain":0,"player_choice":"Got Potions","damage_taken":0,"max_hp_gain":0,"max_hp_loss":0,"event_name":"Lab","floor":47,"gold_loss":0}],"is_beta":false,"boss_relics":[{"not_picked":["Replay:Fungal Core","Replay:Ancient Bell","Snecko Eye"]},{"not_picked":["Runic Pyramid","Empty Cage"],"picked":"Runic Dome"}],"items_purged_floors":[25,36],"is_endless":false,"potions_floor_spawned":[4,8,13,20,23,28,33,35,38,39,46],"ascension_level":16}}