{"host":"gobyjzz6xbwq9f9i","time":1612937644,"event":{"mods":["AchievementEnabler","BaseMod","Bestiary","Colored Map","Minty Spire (QoL Compilation)","Relic Stats"],"gold_per_floor":[111,122,122,133,152,152,152,152,179,206,217,228,260,277,277,373,373,358,358,368,383,51,51,85,85,134,145,177,190,190,190,190,190,190],"floor_reached":33,"language":"ENG","playtime":1009,"items_purged":["Strike_B"],"score":449,"play_id":"293030ae-7333-4d7e-87a8-90ed65ab6b3d","local_time":"20210209221404","is_ascension_mode":true,"campfire_choices":[{"data":"Sweeping Beam","floor":6,"key":"SMITH"},{"data":"Reinforced Body","floor":8,"key":"SMITH"},{"data":"Genetic Algorithm","floor":15,"key":"SMITH"},{"data":"Seek","floor":23,"key":"SMITH"},{"floor":25,"key":"REST"},{"floor":30,"key":"REST"},{"data":"Coolheaded","floor":32,"key":"SMITH"}],"circlet_count":0,"master_deck":["AscendersBane","Strike_B+1","Strike_B+1","Strike_B+1","Defend_B+1","Defend_B+1","Defend_B+1","Defend_B+1","Zap","Dualcast","Mayhem+1","Reinforced Body+1","BootSequence","Ball Lightning+1","Sweeping Beam+1","Ball Lightning","Cold Snap","Genetic Algorithm+1","Coolheaded+1","Tempest","Seek+1","Turbo+1","Hologram+1","Compile Driver+1","Creative AI","Beam Cell+1","Redo+1","Compile Driver"],"relics":["Cracked Core","Happy Flower","Tiny Chest","Boot","Philosopher\u0027s Stone","Enchiridion","Gremlin Horn","Oddly Smooth Stone","PreservedInsect","InkBottle"],"acts_visited":["Exordium","TheCity"],"potions_floor_usage":[13,16,16,29,33],"damage_taken":[{"damage":1,"enemies":"Cultist","floor":1,"turns":4},{"damage":1,"enemies":"2 Louse","floor":2,"turns":4},{"damage":0,"enemies":"Small Slimes","floor":4,"turns":3},{"damage":0,"enemies":"Looter","floor":5,"turns":3},{"damage":7,"enemies":"Lagavulin","floor":10,"turns":7},{"damage":5,"enemies":"3 Louse","floor":11,"turns":3},{"damage":0,"enemies":"Large Slime","floor":12,"turns":3},{"damage":6,"enemies":"Gremlin Nob","floor":13,"turns":3},{"damage":0,"enemies":"Looter","floor":14,"turns":3},{"damage":18,"enemies":"Slime Boss","floor":16,"turns":6},{"damage":8,"enemies":"2 Thieves","floor":18,"turns":5},{"damage":5,"enemies":"3 Byrds","floor":20,"turns":3},{"damage":11,"enemies":"Snecko","floor":21,"turns":5},{"damage":12,"enemies":"Gremlin Leader","floor":24,"turns":4},{"damage":4,"enemies":"Snake Plant","floor":27,"turns":4},{"damage":9,"enemies":"Slavers","floor":28,"turns":2},{"damage":3,"enemies":"Shelled Parasite and Fungi","floor":29,"turns":3},{"damage":35,"enemies":"Automaton","floor":33,"turns":6}],"seed_played":"8585692837150682507","potions_obtained":[{"floor":1,"key":"PotionOfCapacity"},{"floor":4,"key":"Fire Potion"},{"floor":11,"key":"SneckoOil"},{"floor":13,"key":"Swift Potion"},{"floor":16,"key":"AttackPotion"},{"floor":21,"key":"DistilledChaos"},{"floor":24,"key":"Explosive Potion"},{"floor":28,"key":"Swift Potion"},{"floor":29,"key":"PotionOfCapacity"}],"is_trial":false,"path_per_floor":["M","M","?","M","M","R","?","R","T","E","M","M","E","M","R","B",null,"M","?","M","M","$","R","E","R","T","M","E","M","R","?","R","B"],"character_chosen":"DEFECT","items_purchased":["Gremlin Horn"],"campfire_rested":2,"item_purchase_floors":[22],"current_hp_per_floor":[67,66,66,66,66,66,52,52,52,45,40,40,34,34,34,16,55,47,31,26,15,15,15,3,23,23,19,10,7,27,27,27,0,0],"gold":190,"neow_bonus":"RANDOM_COLORLESS_2","is_daily":false,"chose_seed":false,"campfire_upgraded":5,"win_rate":0.0,"timestamp":1612937644,"path_taken":["M","?","?","M","M","R","?","R","T","E","M","M","E","M","R","BOSS","M","?","M","M","$","R","E","R","T","M","E","M","R","?","R","BOSS"],"items_purchased_type":["Relic"],"build_version":"2020-12-22","purchased_purges":1,"victory":false,"max_hp_per_floor":[68,68,68,68,68,68,68,68,68,68,68,68,68,68,68,68,68,68,68,68,68,68,68,68,68,68,68,68,68,68,68,68,68,68],"relic_stats":{"Happy Flower":[19],"Gremlin Horn":[9,9],"counters":[18,71],"Tiny Chest":0,"PreservedInsect":42,"Boot":[12],"obtain_stats":[{"Happy Flower":9,"Gremlin Horn":22,"Enchiridion":19,"Oddly Smooth Stone":24,"Tiny Chest":10,"Philosopher\u0027s Stone":17,"PreservedInsect":26,"Cracked Core":0,"Boot":13,"InkBottle":28},{"Happy Flower":4,"Gremlin Horn":13,"Enchiridion":11,"Oddly Smooth Stone":14,"Tiny Chest":5,"Philosopher\u0027s Stone":10,"PreservedInsect":14,"Cracked Core":0,"Boot":8,"InkBottle":16},{"Happy Flower":14,"Gremlin Horn":52,"Enchiridion":44,"Oddly Smooth Stone":56,"Tiny Chest":21,"Philosopher\u0027s Stone":39,"PreservedInsect":56,"Cracked Core":0,"Boot":30,"InkBottle":62}],"InkBottle":[5]},"card_choices":[{"not_picked":["Magnetism","Secret Weapon"],"picked":"Mayhem","floor":0},{"not_picked":["Redo","Hello World"],"picked":"Reinforced Body","floor":1},{"not_picked":["Turbo","Compile Driver"],"picked":"BootSequence","floor":2},{"not_picked":["Steam","Hologram"],"picked":"Ball Lightning","floor":4},{"not_picked":["Hologram","Self Repair"],"picked":"Sweeping Beam","floor":5},{"not_picked":["Rainbow","Heatsinks"],"picked":"Ball Lightning","floor":10},{"not_picked":["Rebound","Conserve Battery"],"picked":"Cold Snap","floor":11},{"not_picked":["Reinforced Body","Scrape"],"picked":"Genetic Algorithm","floor":12},{"not_picked":["Sweeping Beam","Glacier"],"picked":"Coolheaded","floor":13},{"not_picked":["Barrage","Hologram"],"picked":"Tempest","floor":14},{"not_picked":["All For One","Hyperbeam"],"picked":"Seek","floor":16},{"not_picked":["Stack","Force Field"],"picked":"Turbo+1","floor":18},{"not_picked":["Go for the Eyes+1","Double Energy"],"picked":"Hologram+1","floor":20},{"not_picked":["Consume","Go for the Eyes"],"picked":"Compile Driver+1","floor":21},{"not_picked":["Compile Driver+1","Auto Shields"],"picked":"Creative AI","floor":24},{"not_picked":["Streamline","Barrage"],"picked":"Beam Cell+1","floor":27},{"not_picked":["Lockon","Fusion"],"picked":"Redo+1","floor":28},{"not_picked":["Rip and Tear","Conserve Battery"],"picked":"Compile Driver","floor":29}],"player_experience":1329493,"relics_obtained":[{"floor":9,"key":"Happy Flower"},{"floor":10,"key":"Tiny Chest"},{"floor":13,"key":"Boot"},{"floor":19,"key":"Enchiridion"},{"floor":24,"key":"Oddly Smooth Stone"},{"floor":26,"key":"PreservedInsect"},{"floor":28,"key":"InkBottle"}],"event_choices":[{"damage_healed":0,"gold_gain":0,"player_choice":"Grow","damage_taken":0,"max_hp_gain":0,"max_hp_loss":0,"event_name":"Living Wall","floor":3,"gold_loss":0,"cards_upgraded":["Mayhem"]},{"damage_healed":0,"gold_gain":0,"player_choice":"Entered Light","damage_taken":14,"max_hp_gain":0,"max_hp_loss":0,"event_name":"Shining Light","floor":7,"gold_loss":0,"cards_upgraded":["Defend_B","Ball Lightning"]},{"damage_healed":0,"gold_gain":0,"player_choice":"Obtained Book","damage_taken":16,"max_hp_gain":0,"max_hp_loss":0,"event_name":"Cursed Tome","floor":19,"gold_loss":0},{"damage_healed":0,"gold_gain":0,"player_choice":"Simplicity","damage_taken":0,"max_hp_gain":0,"max_hp_loss":0,"event_name":"Back to Basics","floor":31,"gold_loss":0,"cards_upgraded":["Strike_B","Strike_B","Strike_B","Defend_B","Defend_B","Defend_B"]}],"is_beta":false,"boss_relics":[{"not_picked":["Black Star","Sozu"],"picked":"Philosopher\u0027s Stone"}],"items_purged_floors":[22],"is_endless":false,"potions_floor_spawned":[1,4,11,13,16,21,24,28,29],"killed_by":"Automaton","ascension_level":10}}