{"host":"j2aqywwzai0xbcib","time":1612986618,"event":{"mods":["AchievementEnabler","BaseMod","Bestiary","Better Altar","Better Sensory Stone","Better Third Choice","ChefMod","Colored Map","Colored Powertips","Conspire","Downfall","Hermit","Hubris","Infinite Spire","Minty Spire (QoL Compilation)","Quick Restart","Rare Cards Sparkle","Relic Stats","Reliquary","Replay The Spire","Robot Space Explorer","Spicy Shops","StSLib","The Blackbeard","The Florist","The Gatherer","The Hayseed","TheWitcher"],"gold_per_floor":[116,136,136,156,169,169,169,169],"floor_reached":7,"language":"DUT","playtime":845,"items_purged":[],"score":43,"play_id":"099b2a7b-7bba-4a92-8ffe-fe21c81a946c","local_time":"20210210205018","is_ascension_mode":false,"campfire_choices":[{"data":"chefmod:SushiPlatter","floor":6,"key":"SMITH"}],"circlet_count":0,"master_deck":["chefmod:Strike","chefmod:Strike","chefmod:Strike","chefmod:Strike","chefmod:QuickThaw","chefmod:Defend","chefmod:Defend","chefmod:Defend","chefmod:Defend","chefmod:TodaysSpecial","chefmod:IcePick","chefmod:ColdSteel","chefmod:SushiPlatter+1","chefmod:ZaruSoba"],"relics":["chefmod:TrustyPot"],"acts_visited":["Exordium"],"potions_floor_usage":[5],"damage_taken":[{"damage":0,"enemies":"Cultist","floor":1,"turns":4},{"damage":7,"enemies":"Jaw Worm","floor":2,"turns":5},{"damage":0,"enemies":"Small Slimes","floor":4,"turns":4},{"damage":0,"enemies":"Looter","floor":5,"turns":4},{"damage":21,"enemies":"3 Sentries","floor":7,"turns":6}],"seed_played":"-3532231630125205402","potions_obtained":[{"floor":3,"key":"hexamod:SoulburnPotion"},{"floor":3,"key":"DistilledChaos"},{"floor":3,"key":"FearPotion"},{"floor":5,"key":"SpeedPotion"}],"is_trial":false,"path_per_floor":["M","M","?","M","M","R","E"],"character_chosen":"THE_CHEF","items_purchased":[],"campfire_rested":0,"item_purchase_floors":[],"current_hp_per_floor":[83,76,76,76,76,76,55,55],"gold":169,"neow_bonus":"TEN_PERCENT_HP_BONUS","is_daily":false,"chose_seed":false,"campfire_upgraded":1,"win_rate":0.0,"timestamp":1612986618,"path_taken":["M","?","?","M","?","R","E"],"items_purchased_type":[],"build_version":"2020-12-22","purchased_purges":0,"victory":false,"max_hp_per_floor":[83,83,83,83,83,83,83,83],"relic_stats":{"counters":[5,23],"obtain_stats":[{"chefmod:TrustyPot":0},{"chefmod:TrustyPot":0},{"chefmod:TrustyPot":0}]},"card_choices":[{"not_picked":["chefmod:FryPan","chefmod:SaveForLater"],"picked":"chefmod:IcePick","floor":1},{"not_picked":["chefmod:Sorbet","chefmod:FarmersMarket"],"picked":"chefmod:ColdSteel","floor":2},{"not_picked":["chefmod:Gelato","chefmod:HotSoup"],"picked":"chefmod:SushiPlatter","floor":4},{"not_picked":["chefmod:Granita","chefmod:Fillet"],"picked":"chefmod:ZaruSoba","floor":5}],"player_experience":401989,"relics_obtained":[],"event_choices":[{"damage_healed":0,"gold_gain":0,"player_choice":"Got Potions","damage_taken":0,"max_hp_gain":0,"max_hp_loss":0,"event_name":"Lab","floor":3,"gold_loss":0}],"is_beta":false,"boss_relics":[],"items_purged_floors":[],"is_endless":false,"potions_floor_spawned":[5],"killed_by":"3 Sentries","ascension_level":0}}