{"host":"fc5kl670efuhtomy","time":1612922164,"event":{"mods":["AchievementEnabler","BaseMod","Colored Powertips","Downfall","Marisa（F雨　魔理沙）","Minty Spire (QoL Compilation)","Quick Restart","Rare Cards Sparkle","Relic Stats","Replay The Spire","StSLib","The Bug Knight","The Construct","The Cursed","The Necromancer","The Servant 0.9.4","WarShipGirlsR/战舰少女R mod"],"gold_per_floor":[99,115,115,115,131,167,167,42,59,85,185,195,195,228,244,244,244,244],"floor_reached":16,"language":"ZHS","playtime":784,"items_purged":[],"score":112,"play_id":"49743f4d-e78e-4d0d-a3b3-b77725f2470e","local_time":"20210210095604","is_ascension_mode":false,"campfire_choices":[{"data":"sneckomod:Unknown","floor":1,"key":"SMITH"}],"circlet_count":0,"master_deck":["sneckomod:Strike","sneckomod:Strike","sneckomod:Defend","sneckomod:Defend","sneckomod:Defend","sneckomod:TailWhip","sneckomod:SnekBite","sneckomod:Unknown+1","sneckomod:Unknown","sneckomod:Unknown1Cost+1","sneckomod:DiceBoulder","sneckomod:CheapStock","sneckomod:UnknownX","TheCursedMod:Dregs","sneckomod:UnknownRareAttack","sneckomod:WideSting","CurseOfTheBell","CurseOfTheBell","Replay:Hysterical Blindness","sneckomod:UnknownVulnerable+1","sneckomod:UnknownBlock+1","sneckomod:UnknownX+1"],"relics":["bronze:MakeshiftBattery","ReplayTheSpireMod:CursedCoin","Replay:Bottled Snecko","HollowMod:PaleOreRelic","downfall:ExtraCursedBell","Nunchaku","Sundial","sneckomod:UnknownEgg","Matryoshka"],"acts_visited":["Exordium"],"potions_floor_usage":[10,10,16],"damage_taken":[{"damage":1,"enemies":"Jaw Worm","floor":2,"turns":4},{"damage":0,"enemies":"Small Slimes","floor":5,"turns":3},{"damage":0,"enemies":"Cultist","floor":6,"turns":3},{"damage":0,"enemies":"downfall:FleeingMerchant","floor":8,"turns":4},{"damage":15,"enemies":"Exordium Thugs","floor":9,"turns":5},{"damage":21,"enemies":"3 Sentries","floor":10,"turns":7},{"damage":9,"enemies":"Red Slaver","floor":12,"turns":4},{"damage":10,"enemies":"Gremlin Nob","floor":14,"turns":3},{"damage":7,"enemies":"Blue Slaver","floor":15,"turns":3},{"damage":86,"enemies":"IC_STATUS_ARCHETYPE","floor":16,"turns":10}],"seed_played":"4691559174951111333","potions_obtained":[{"floor":2,"key":"PowerPotion"},{"floor":4,"key":"Toxic Potion"},{"floor":4,"key":"DistilledChaos"},{"floor":5,"key":"FairyPotion"},{"floor":12,"key":"sneckomod:DiceRollPotion"}],"is_trial":false,"path_per_floor":["R","M","?","?","M","M","T","$","M","E","?","M","?","E","M","B"],"character_chosen":"THE_SNECKO","items_purchased":["ReplayTheSpireMod:CursedCoin","Replay:Bottled Snecko"],"campfire_rested":0,"item_purchase_floors":[8,8],"current_hp_per_floor":[90,89,89,89,89,89,89,89,74,53,53,44,44,34,27,0,0,0],"gold":244,"neow_bonus":"BOSS_RELIC","is_daily":false,"chose_seed":false,"campfire_upgraded":1,"win_rate":0.0,"timestamp":1612922164,"path_taken":["R","M","?","?","?","M","T","?","?","E","?","M","?","E","M","BOSS"],"items_purchased_type":["Relic","Relic"],"build_version":"2020-12-22","purchased_purges":0,"victory":false,"max_hp_per_floor":[90,90,90,90,90,90,90,90,90,90,90,90,90,90,90,90,90,90],"relic_stats":{"Nunchaku":[3],"counters":[10,46],"Sundial":[0],"obtain_stats":[{"Nunchaku":11,"Matryoshka":14,"ReplayTheSpireMod:CursedCoin":8,"Sundial":11,"sneckomod:UnknownEgg":11,"Replay:Bottled Snecko":8,"HollowMod:PaleOreRelic":10,"downfall:ExtraCursedBell":11,"sneckomod:SneckoSoul":0,"bronze:MakeshiftBattery":0},{"Nunchaku":6,"Matryoshka":8,"ReplayTheSpireMod:CursedCoin":4,"Sundial":6,"sneckomod:UnknownEgg":6,"Replay:Bottled Snecko":4,"HollowMod:PaleOreRelic":6,"downfall:ExtraCursedBell":6,"sneckomod:SneckoSoul":0,"bronze:MakeshiftBattery":0},{"Nunchaku":26,"Matryoshka":33,"ReplayTheSpireMod:CursedCoin":14,"Sundial":26,"sneckomod:UnknownEgg":26,"Replay:Bottled Snecko":14,"HollowMod:PaleOreRelic":26,"downfall:ExtraCursedBell":26,"sneckomod:SneckoSoul":0,"bronze:MakeshiftBattery":0}]},"card_choices":[{"not_picked":["sneckomod:Nope","sneckomod:QuickMove"],"picked":"sneckomod:Unknown1Cost","floor":2},{"not_picked":["sneckomod:UnknownExhaust","sneckomod:Unknown1Cost"],"picked":"sneckomod:DiceBoulder","floor":5},{"not_picked":["sneckomod:Nope","sneckomod:DiceCrush"],"picked":"sneckomod:CheapStock","floor":6},{"not_picked":["sneckomod:SoulRoll","sneckomod:RainOfDice"],"picked":"sneckomod:UnknownX","floor":8},{"not_picked":["sneckomod:UnknownX","sneckomod:Nope"],"picked":"sneckomod:UnknownRareAttack","floor":9},{"not_picked":["sneckomod:UnknownCommonSkill","sneckomod:UnknownWeak"],"picked":"sneckomod:WideSting","floor":10},{"not_picked":["sneckomod:IronFang","sneckomod:WideSting"],"picked":"sneckomod:UnknownVulnerable+1","floor":12},{"not_picked":["sneckomod:UnendingSupply","sneckomod:DiceBlock"],"picked":"sneckomod:UnknownBlock+1","floor":14},{"not_picked":["sneckomod:DiceBoulder","sneckomod:DiceCrush"],"picked":"sneckomod:UnknownX+1","floor":15}],"player_experience":195752,"relics_obtained":[{"floor":10,"key":"HollowMod:PaleOreRelic"},{"floor":11,"key":"Nunchaku"},{"floor":11,"key":"Sundial"},{"floor":11,"key":"sneckomod:UnknownEgg"},{"floor":14,"key":"Matryoshka"}],"event_choices":[{"damage_healed":0,"gold_gain":0,"player_choice":"Got Potions","damage_taken":0,"max_hp_gain":0,"max_hp_loss":0,"event_name":"Lab","floor":4,"gold_loss":0}],"is_beta":false,"boss_relics":[],"items_purged_floors":[],"is_endless":false,"potions_floor_spawned":[2,5,9,12],"killed_by":"IC_STATUS_ARCHETYPE","ascension_level":0}}