{"host":"i2ntsfwoh5q5m216","time":1612992187,"event":{"mods":["BaseMod","Colored Map","Downfall","Minty Spire (QoL Compilation)","StSLib"],"gold_per_floor":[99,116,116,116,133,133,159,159,179,89,102,133,133,146,158,262,262,262,273,273,291,303,303,303,314,214,39,64,79,93,124,135,239,239,239,259,259,270,270,282,282,311,14,14,31,50,62,97,108,108],"floor_reached":51,"language":"ENG","playtime":2511,"items_purged":["Pain"],"score":942,"play_id":"907ac2ca-6706-4b10-8693-80abe21f8d73","local_time":"20210210152307","is_ascension_mode":true,"campfire_choices":[{"data":"Slimebound:Split","floor":1.0,"key":"SMITH"},{"data":"Slimebound:Schlurp","floor":6.0,"key":"SMITH"},{"data":"Slimebound:LeechEnergy","floor":13.0,"key":"SMITH"},{"floor":18.0,"key":"RECALL"},{"data":"Slimebound:Repurpose","floor":26.0,"key":"SMITH"},{"data":"Slimebound:SplitSpecialist","floor":35,"key":"SMITH"},{"floor":44,"key":"REST"}],"circlet_count":0,"master_deck":["Slimebound:Strike_Slimebound","Slimebound:Strike_Slimebound+1","Slimebound:Tackle+1","Slimebound:Defend_Slimebound","Slimebound:Defend_Slimebound","Slimebound:Defend_Slimebound","Slimebound:Defend_Slimebound+1","Slimebound:Split+1","Slimebound:CorrosiveSpit+1","Slimebound:LeechEnergy+1","Slimebound:Schlurp+1","Slimebound:RejuvenatingLick","Slimebound:GoopSpray","Slimebound:LivingWall","Slimebound:Replication","Slimebound:Prepare","Slimebound:TongueLash+1","Slimebound:Replication","Slimebound:Repurpose+1","Slimebound:LeechingTouch+1","Slimebound:Gluttony","Slimebound:RejuvenatingLick","Slimebound:SplitSpecialist+1","Slimebound:FormOfPuddle","Slimebound:MegaLick+1","Slimebound:Prepare","Parasite","Slimebound:RejuvenatingLick+1","Slimebound:Nibble"],"relics":["Philosopher\u0027s Stone","Calipers","War Paint","WarpedTongs","Slimebound:AggressiveSlimeRelic","Calling Bell","Strawberry","Matryoshka","TungstenRod","HornCleat","Whetstone","downfall:HeartBlessingRed","Smiling Mask","Torii","SlaversCollar","MawBank","Lizard Tail","Dead Branch","Prayer Wheel"],"acts_visited":["Exordium","TheCity","TheBeyond"],"potions_floor_usage":[33,33,36,42,46,48,50],"damage_taken":[{"damage":0.0,"enemies":"2 Louse","floor":2.0,"turns":3.0},{"damage":0.0,"enemies":"Jaw Worm","floor":5.0,"turns":3.0},{"damage":1.0,"enemies":"Cultist","floor":9.0,"turns":3.0},{"damage":7.0,"enemies":"downfall:FleeingMerchant","floor":10.0,"turns":4.0},{"damage":0.0,"enemies":"Large Slime","floor":11.0,"turns":5.0},{"damage":5.0,"enemies":"Gremlin Nob","floor":12.0,"turns":3.0},{"damage":0.0,"enemies":"Gremlin Gang","floor":14.0,"turns":3.0},{"damage":7.0,"enemies":"Exordium Thugs","floor":15.0,"turns":3.0},{"damage":7.0,"enemies":"DF_ARCHETYPE_STREAMLINE","floor":16.0,"turns":8.0},{"damage":0.0,"enemies":"Shell Parasite","floor":19.0,"turns":4.0},{"damage":5.0,"enemies":"3 Byrds","floor":21.0,"turns":4.0},{"damage":0.0,"enemies":"Snecko","floor":22.0,"turns":5.0},{"damage":0.0,"enemies":"Shelled Parasite and Fungi","floor":25.0,"turns":4.0},{"damage":0.0,"enemies":"downfall:FleeingMerchant","floor":27.0,"turns":4.0},{"damage":19.0,"enemies":"Slavers","floor":28.0,"turns":5.0},{"damage":0,"enemies":"Snake Plant","floor":29,"turns":4},{"damage":0,"enemies":"Sentry and Sphere","floor":30,"turns":3},{"damage":0,"enemies":"Book of Stabbing","floor":31,"turns":5},{"damage":12,"enemies":"Shelled Parasite and Fungi","floor":32,"turns":4},{"damage":0,"enemies":"IC_MUSHROOM_ARCHETYPE","floor":33,"turns":6},{"damage":15,"enemies":"Orb Walker","floor":36,"turns":4},{"damage":5,"enemies":"3 Shapes","floor":38,"turns":4},{"damage":0,"enemies":"3 Darklings","floor":40,"turns":5},{"damage":17,"enemies":"Jaw Worm Horde","floor":42,"turns":4},{"damage":0,"enemies":"downfall:FleeingMerchant","floor":43,"turns":4},{"damage":0,"enemies":"Transient","floor":45,"turns":5},{"damage":0,"enemies":"Writhing Mass","floor":46,"turns":5},{"damage":0,"enemies":"3 Darklings","floor":47,"turns":4},{"damage":2,"enemies":"Reptomancer","floor":48,"turns":4},{"damage":0,"enemies":"Sphere and 2 Shapes","floor":49,"turns":4},{"damage":7,"enemies":"SI_POISON_ARCHETYPE","floor":50,"turns":7}],"seed_played":"3213971422823003120","potions_obtained":[{"floor":2.0,"key":"Block Potion"},{"floor":11.0,"key":"champ:CounterPotion"},{"floor":21.0,"key":"Slimebound:SlimyTonguePotion"},{"floor":22.0,"key":"Strength Potion"},{"floor":25.0,"key":"SpeedPotion"},{"floor":31,"key":"EntropicBrew"},{"floor":38,"key":"bronze:BurnAndBuffPotion"},{"floor":40,"key":"Block Potion"},{"floor":42,"key":"champ:CounterPotion"},{"floor":45,"key":"AttackPotion"},{"floor":48,"key":"SpeedPotion"}],"is_trial":false,"path_per_floor":["R","M","?","?","M","R","T","?","M","$","M","E","R","M","M","B",null,"R","M","?","M","M","?","T","M","R","$","E","M","M","E","M","B",null,"R","M","?","M","?","M","T","M","$","R","M","M","M","E","M","B",null],"character_chosen":"SLIMEBOUND","items_purchased":["Slimebound:Gluttony","Slimebound:RejuvenatingLick","Dead Branch"],"campfire_rested":1,"item_purchase_floors":[27,27,43],"current_hp_per_floor":[65,65,65,62,62,62,62,62,61,54,54,49,49,49,42,35,72,72,72,72,67,67,67,67,67,67,67,48,48,48,48,36,36,72,72,57,57,52,52,52,52,35,35,56,56,56,56,54,54,47],"gold":108,"neow_bonus":"BOSS_RELIC","is_daily":false,"chose_seed":false,"campfire_upgraded":5,"win_rate":0.0,"timestamp":1612992187,"path_taken":["R","M","?","?","M","R","T","?","M","$","M","E","R","?","M","BOSS","R","M","?","?","M","?","T","M","R","?","E","M","M","E","M","BOSS","R","M","?","M","?","M","T","M","$","R","?","M","M","E","M","BOSS"],"items_purchased_type":["Card","Card","Relic"],"build_version":"2020-12-22","purchased_purges":1,"victory":true,"max_hp_per_floor":[65,65,65,65,65,65,65,65,65,65,65,65,65,65,65,65,72,72,72,72,72,72,72,72,72,72,72,72,72,72,72,72,72,72,72,72,72,72,72,72,72,72,72,72,72,72,72,72,72,72],"card_choices":[{"not_picked":["Slimebound:HungryTackle","Slimebound:AcidTongue"],"picked":"Slimebound:LeechEnergy","floor":2.0},{"not_picked":["Slimebound:MegaLick","Slimebound:LeechingTouch"],"picked":"Slimebound:Schlurp","floor":5.0},{"not_picked":["Slimebound:ForwardTackle","Slimebound:Nibble"],"picked":"Slimebound:RejuvenatingLick","floor":9.0},{"not_picked":["Slimebound:SplitMire","Slimebound:GrowthPunch"],"picked":"Slimebound:SlimeSpikes","floor":10.0},{"not_picked":["Slimebound:LivingWall","Slimebound:AcidTongue"],"picked":"Slimebound:GoopSpray","floor":11.0},{"not_picked":["Slimebound:SlimeSpikes","Slimebound:LeechEnergy"],"picked":"Slimebound:LivingWall","floor":12.0},{"not_picked":["Slimebound:SlimeSpikes","Slimebound:SplitAcid"],"picked":"Slimebound:Replication","floor":14.0},{"not_picked":["Slimebound:LeechingTouch","Slimebound:SplitSpecialist"],"picked":"Slimebound:Prepare","floor":15.0},{"not_picked":["Slimebound:SplitMire+1","Slimebound:PressTheAttack"],"picked":"Slimebound:TongueLash+1","floor":19.0},{"not_picked":["Slimebound:LivingWall","Slimebound:HauntingLick+1"],"picked":"Slimebound:Repurpose","floor":21.0},{"not_picked":["Slimebound:RollThrough","Slimebound:DivideAndConquer+1","Slimebound:CheckThePlaybook"],"picked":"SKIP","floor":22.0},{"not_picked":["Slimebound:ProtectTheBoss","Slimebound:HauntingLick"],"picked":"Slimebound:LeechingTouch+1","floor":25.0},{"not_picked":["Slimebound:Schlurp","Slimebound:HauntingLick","Slimebound:FinishingTackle"],"picked":"SKIP","floor":27.0},{"not_picked":["Slimebound:SamplingLick+1","Slimebound:PressTheAttack"],"picked":"Slimebound:SplitSpecialist","floor":28},{"not_picked":["Slimebound:FlameTackle+1","Slimebound:SlimeSpikes","Slimebound:SlimeBarrage+1"],"picked":"SKIP","floor":29},{"not_picked":["Slimebound:GoopSpray","Slimebound:ServeAndProtect","Slimebound:FinishingTackle+1"],"picked":"SKIP","floor":30},{"not_picked":["Slimebound:RainOfGoop","Slimebound:SamplingLick+1"],"picked":"Slimebound:FormOfPuddle","floor":31},{"not_picked":["Slimebound:GoopTackle+1","Slimebound:ItLooksTasty+1","Slimebound:MassFeed"],"picked":"SKIP","floor":32},{"not_picked":["Slimebound:FormOfPuddle","Slimebound:ForwardTackle","Slimebound:PressTheAttack+1"],"picked":"SKIP","floor":36},{"not_picked":["Slimebound:LevelUp","Slimebound:SlimeTap+1"],"picked":"Slimebound:MegaLick+1","floor":38},{"not_picked":["Slimebound:Prepare+1","Slimebound:SamplingLick+1","Slimebound:FlameTackle"],"picked":"SKIP","floor":40},{"not_picked":["Slimebound:SplitLeeching+1","Slimebound:SpikyOuterGoop","Slimebound:SlimeBrawl+1"],"picked":"SKIP","floor":42},{"not_picked":["Slimebound:Gluttony+1","Slimebound:LeechingTouch+1","Slimebound:Prepare+1"],"picked":"SKIP","floor":43},{"not_picked":["Slimebound:GoopTackle+1","Slimebound:ItLooksTasty"],"picked":"Slimebound:Prepare","floor":45},{"not_picked":["Slimebound:SlimeTap+1","Slimebound:ItLooksTasty","Slimebound:ComboTackle+1"],"picked":"SKIP","floor":46},{"not_picked":["Slimebound:SplitAcid","Slimebound:GrowthPunch"],"picked":"Slimebound:RejuvenatingLick+1","floor":47},{"not_picked":["Slimebound:Schlurp","Slimebound:SplitMire+1","Slimebound:LeechLife"],"picked":"SKIP","floor":48},{"not_picked":["Slimebound:FlameTackle","Slimebound:Schlurp"],"picked":"Slimebound:Nibble","floor":49},{"not_picked":["Slimebound:HauntingLick","Slimebound:LeadByExample+1","Slimebound:Schlurp+1"],"picked":"SKIP","floor":49}],"player_experience":66807,"relics_obtained":[{"floor":7.0,"key":"War Paint"},{"floor":12.0,"key":"Slimebound:AggressiveSlimeRelic"},{"floor":17.0,"key":"Strawberry"},{"floor":17.0,"key":"Matryoshka"},{"floor":17.0,"key":"TungstenRod"},{"floor":24.0,"key":"HornCleat"},{"floor":24.0,"key":"Whetstone"},{"floor":28,"key":"Smiling Mask"},{"floor":31,"key":"Torii"},{"floor":41,"key":"MawBank"},{"floor":41,"key":"Lizard Tail"},{"floor":48,"key":"Prayer Wheel"}],"event_choices":[{"damage_healed":0.0,"max_hp_gain":0.0,"max_hp_loss":0.0,"gold_gain":0.0,"event_name":"Scrap Ooze","player_choice":"Success","floor":4.0,"gold_loss":0.0,"damage_taken":3.0,"relics_obtained":["Calipers"]},{"damage_healed":0.0,"max_hp_gain":0.0,"max_hp_loss":0.0,"gold_gain":0.0,"event_name":"Accursed Blacksmith","player_choice":"Rummage","floor":8.0,"gold_loss":0.0,"damage_taken":0.0,"relics_obtained":["WarpedTongs"],"cards_obtained":["Pain"]},{"cards_removed":["Slimebound:Strike_Slimebound"],"damage_healed":0.0,"max_hp_gain":0.0,"max_hp_loss":0.0,"gold_gain":0.0,"event_name":"Bonfire Elementals","player_choice":"Offered Basic","floor":23.0,"gold_loss":0.0,"damage_taken":0.0},{"cards_removed":["Slimebound:SlimeSpikes"],"damage_healed":0,"gold_gain":0,"player_choice":"Removed Skill","damage_taken":0,"max_hp_gain":0,"max_hp_loss":0,"event_name":"Falling","floor":37,"gold_loss":0}],"is_beta":false,"boss_relics":[{"not_picked":["Tiny House","Astrolabe"],"picked":"Calling Bell"},{"not_picked":["Slimebound:TarBlob","Runic Pyramid"],"picked":"SlaversCollar"}],"items_purged_floors":[10],"is_endless":false,"potions_floor_spawned":[2,11,21,22,25,30,31,32,38,40,42,45,48],"ascension_level":1}}