{"host":"hk6dyp3pgs92n0l4","time":1612932236,"event":{"mods":["AchievementEnabler","BaseMod","Colored Powertips","GifTheSpireLib","Infinite Spire","Minty Spire (QoL Compilation)","Random Character Mod","StSLib","The Bug Knight","The Construct","The Cursed","The Disciple","The Hierophant","The Runesmith"],"gold_per_floor":[113,125,138,156,174,174,174,188,188,188,203,203,232,232,232,232],"floor_reached":14,"language":"ENG","playtime":383,"items_purged":[],"score":103,"play_id":"90ea3e65-cfa0-4190-9d71-609cd6a139f1","local_time":"20210209204356","is_ascension_mode":true,"campfire_choices":[{"data":"Coolheaded","floor":6,"key":"SMITH"},{"data":"Blizzard","floor":8,"key":"SMITH"},{"data":"Zap","floor":11,"key":"SMITH"},{"floor":13,"key":"REST"}],"circlet_count":0,"master_deck":["Strike_B","Strike_B","Strike_B","Strike_B","Defend_B","Defend_B","Defend_B","Defend_B","Zap+1","Dualcast","Coolheaded+1","Barrage","Blizzard+1","Storm"],"relics":["Cracked Core","NeowsBlessing","infinitespire:SolderingIron","HollowMod:StagPassRelic"],"acts_visited":["Exordium"],"potions_floor_usage":[12,14,14],"damage_taken":[{"damage":0.0,"enemies":"Cultist","floor":1.0,"turns":1.0},{"damage":0.0,"enemies":"Small Slimes","floor":2.0,"turns":1.0},{"damage":0.0,"enemies":"2 Louse","floor":3.0,"turns":1.0},{"damage":10.0,"enemies":"2 Fungi Beasts","floor":4.0,"turns":4.0},{"damage":20.0,"enemies":"Exordium Wildlife","floor":5.0,"turns":5.0},{"damage":8,"enemies":"Large Slime","floor":7,"turns":5},{"damage":3,"enemies":"Blue Slaver","floor":10,"turns":5},{"damage":32,"enemies":"Lagavulin","floor":12,"turns":7},{"damage":19,"enemies":"Gremlin Nob","floor":14,"turns":4}],"seed_played":"3913351157100466800","potions_obtained":[{"floor":3.0,"key":"BlessingOfTheForge"},{"floor":7,"key":"Explosive Potion"},{"floor":12,"key":"Dexterity Potion"}],"is_trial":false,"path_per_floor":["M","M","M","M","M","R","M","R","T","M","R","E","R","E"],"character_chosen":"DEFECT","items_purchased":[],"campfire_rested":1,"item_purchase_floors":[],"current_hp_per_floor":[75,75,75,65,45,45,45,37,37,37,34,34,2,24,5,5],"gold":232,"neow_bonus":"THREE_ENEMY_KILL","is_daily":false,"chose_seed":false,"campfire_upgraded":3,"win_rate":0.0,"timestamp":1612932236,"path_taken":["M","M","M","M","M","R","M","R","T","M","R","E","R","E"],"items_purchased_type":[],"build_version":"2020-12-22","purchased_purges":0,"victory":false,"max_hp_per_floor":[75,75,75,75,75,75,75,75,75,75,75,75,75,75,75,75],"card_choices":[{"not_picked":["Genetic Algorithm","Barrage"],"picked":"Coolheaded","floor":1.0},{"not_picked":["Conserve Battery","Stack","Hologram"],"picked":"SKIP","floor":2.0},{"not_picked":["Gash","Sunder"],"picked":"Barrage","floor":3.0},{"not_picked":["Sweeping Beam","Beam Cell","Barrage"],"picked":"SKIP","floor":4.0},{"not_picked":["Consume","Seek"],"picked":"Blizzard","floor":7},{"not_picked":["Hologram","Go for the Eyes"],"picked":"Storm","floor":10},{"not_picked":["FTL","Turbo","Undo"],"picked":"SKIP","floor":12}],"player_experience":128654,"relics_obtained":[{"floor":9,"key":"infinitespire:SolderingIron"},{"floor":12,"key":"HollowMod:StagPassRelic"}],"event_choices":[],"is_beta":false,"boss_relics":[],"items_purged_floors":[],"is_endless":false,"potions_floor_spawned":[3,7,12],"killed_by":"Gremlin Nob","ascension_level":2}}