{"host":"1bzbl1adcbkdzqlf","time":1612929433,"event":{"mods":["BaseMod","Minty Spire (QoL Compilation)","Slay the Relics Exporter"],"gold_per_floor":[113,132,82,42,54,84,84,114,164,164,211,242,254,290,302,428,512,544,574,606,645,702,751,763,811,823,524,524,220,257,57,57,161,161,172,1189,1204,1204,83,83,123,132,159,197,16,33,42,77,77,77],"floor_reached":51,"language":"ENG","playtime":9244,"items_purged":["Heavy Blade","Normality","Normality"],"score":1286,"play_id":"77d5c210-fce3-4d59-80ff-c77a8b989527","local_time":"20210209215713","is_ascension_mode":true,"campfire_choices":[{"floor":7,"key":"REST"},{"floor":13,"key":"REST"},{"floor":15,"key":"REST"},{"floor":24,"key":"REST"},{"floor":32,"key":"REST"},{"floor":40,"key":"RECALL"},{"floor":42,"key":"REST"},{"floor":47,"key":"REST"},{"floor":49,"key":"REST"}],"circlet_count":0,"master_deck":["AscendersBane","Bash","Carnage","Shockwave","Double Tap","Battle Trance","Thunderclap","Battle Trance+1","Clothesline","Reaper","Sword Boomerang","Double Tap","Intimidate","Sword Boomerang","Thunderclap","Reaper","Combust+1","Power Through","Second Wind","Flex","Cleave","Bite","Bite","Bite","Bite","Bite","Rupture","Iron Wave","Shrug It Off+1","Immolate","Feed","Bludgeon+1","Pommel Strike+1","Dropkick+1","Whirlwind+1","Flex+1"],"relics":["Fusion Hammer","White Beast Statue","Boot","Ancient Tea Set","MawBank","CeramicFish","Pandora\u0027s Box","Blood Vial","Thread and Needle","Regal Pillow","Red Skull","Sling","Singing Bowl","Membership Card","Juzu Bracelet","Art of War","The Courier","Lantern","Self Forming Clay","Black Star","Prayer Wheel","FossilizedHelix","Omamori","Question Card","Anchor","Oddly Smooth Stone","Vajra","Sundial","Mango","Du-Vu Doll","Happy Flower","Molten Egg 2","Blue Candle","Dream Catcher","Potion Belt","Bag of Marbles","War Paint","OrangePellets","Centennial Puzzle","Toy Ornithopter","Darkstone Periapt"],"acts_visited":["Exordium","TheCity","TheBeyond"],"potions_floor_usage":[6,12,16,21,21,23,25,25,30,41,44,50,50,50,50],"damage_taken":[{"damage":2,"enemies":"Jaw Worm","floor":1,"turns":3},{"damage":10,"enemies":"2 Louse","floor":2,"turns":4},{"damage":0,"enemies":"Cultist","floor":5,"turns":3},{"damage":10,"enemies":"Lagavulin","floor":6,"turns":5},{"damage":40,"enemies":"3 Sentries","floor":8,"turns":8},{"damage":15,"enemies":"Lagavulin","floor":11,"turns":4},{"damage":0,"enemies":"2 Fungi Beasts","floor":12,"turns":2},{"damage":0,"enemies":"Exordium Wildlife","floor":14,"turns":2},{"damage":11,"enemies":"Hexaghost","floor":16,"turns":8},{"damage":0,"enemies":"3 Byrds","floor":18,"turns":3},{"damage":19,"enemies":"2 Thieves","floor":20,"turns":3},{"damage":18,"enemies":"Snecko","floor":21,"turns":3},{"damage":41,"enemies":"Slavers","floor":23,"turns":4},{"damage":54,"enemies":"Book of Stabbing","floor":25,"turns":6},{"damage":7,"enemies":"Gremlin Leader","floor":30,"turns":4},{"damage":83,"enemies":"Champ","floor":33,"turns":9},{"damage":11,"enemies":"Orb Walker","floor":35,"turns":3},{"damage":0,"enemies":"3 Shapes","floor":37,"turns":1},{"damage":21,"enemies":"Reptomancer","floor":41,"turns":4},{"damage":51,"enemies":"Giant Head","floor":44,"turns":7},{"damage":14,"enemies":"Sphere and 2 Shapes","floor":46,"turns":3},{"damage":12,"enemies":"Nemesis","floor":48,"turns":4},{"damage":21,"enemies":"Donu and Deca","floor":50,"turns":4}],"seed_played":"-1325585088374501317","potions_obtained":[{"floor":1,"key":"SkillPotion"},{"floor":8,"key":"Energy Potion"},{"floor":11,"key":"Strength Potion"},{"floor":12,"key":"ElixirPotion"},{"floor":14,"key":"BlessingOfTheForge"},{"floor":16,"key":"PowerPotion"},{"floor":18,"key":"SpeedPotion"},{"floor":20,"key":"DuplicationPotion"},{"floor":21,"key":"Swift Potion"},{"floor":23,"key":"BloodPotion"},{"floor":25,"key":"SteroidPotion"},{"floor":30,"key":"ElixirPotion"},{"floor":33,"key":"LiquidMemories"},{"floor":35,"key":"Regen Potion"},{"floor":37,"key":"AttackPotion"},{"floor":41,"key":"Block Potion"},{"floor":44,"key":"Weak Potion"},{"floor":46,"key":"ColorlessPotion"},{"floor":48,"key":"DuplicationPotion"}],"is_trial":false,"path_per_floor":["M","M","?","$","M","E","R","E","T","?","E","M","R","M","R","B",null,"M","?","M","M","?","E","R","E","T","$","T","$","E","$","R","B",null,"M","?","M","?","$","R","E","R","T","E","$","M","R","E","R","B",null],"character_chosen":"IRONCLAD","items_purchased":["Shockwave","Red Skull","Sling","Shrug It Off","Membership Card","Juzu Bracelet","Art of War","Lantern","Self Forming Clay","Prayer Wheel","FossilizedHelix","Omamori","Question Card","Anchor","Oddly Smooth Stone","Vajra","Sundial","Mango","Du-Vu Doll","Happy Flower","Molten Egg 2","OrangePellets","Centennial Puzzle"],"campfire_rested":8,"item_purchase_floors":[4,27,27,27,29,29,29,31,31,39,39,39,39,39,39,39,39,39,39,39,39,45,45],"current_hp_per_floor":[70,60,60,60,60,50,74,34,34,34,19,19,43,43,67,56,74,80,80,73,75,56,23,39,18,18,18,18,18,48,48,56,8,44,45,45,49,49,63,63,53,74,74,36,36,34,73,69,83,74],"gold":77,"neow_bonus":"BOSS_RELIC","is_daily":false,"chose_seed":false,"campfire_upgraded":0,"win_rate":0.0,"timestamp":1612929433,"path_taken":["M","M","?","$","M","E","R","E","T","?","E","?","R","M","R","BOSS","M","?","M","M","?","E","R","E","T","?","?","$","E","?","R","BOSS","M","?","M","?","$","R","E","R","T","E","$","M","R","E","R","BOSS"],"items_purchased_type":["Card","Relic","Relic","Card","Relic","Relic","Relic","Relic","Relic","Relic","Relic","Relic","Relic","Relic","Relic","Relic","Relic","Relic","Relic","Relic","Relic","Relic","Relic"],"build_version":"2020-12-22","purchased_purges":3,"victory":true,"max_hp_per_floor":[80,80,80,80,80,80,80,80,80,80,80,80,80,80,80,80,80,80,80,80,80,56,56,56,56,56,56,56,56,56,56,56,56,56,58,58,60,57,71,71,74,74,74,77,77,81,81,81,83,83],"card_choices":[{"not_picked":["Perfected Strike","Wild Strike"],"picked":"Burning Pact","floor":1},{"not_picked":["Seeing Red","Warcry"],"picked":"Carnage","floor":2},{"not_picked":["True Grit","Body Slam","Anger"],"picked":"SKIP","floor":5},{"not_picked":["Flex","Iron Wave"],"picked":"Double Tap","floor":6},{"not_picked":["Shockwave","Seeing Red"],"picked":"Battle Trance","floor":8},{"not_picked":["Whirlwind","Metallicize"],"picked":"Thunderclap","floor":11},{"not_picked":["Anger","Clash"],"picked":"Battle Trance","floor":12},{"not_picked":["Anger","Body Slam"],"picked":"Clothesline","floor":14},{"not_picked":["Demon Form","Immolate"],"picked":"Reaper","floor":16},{"not_picked":["Thunderclap","Ghostly Armor"],"picked":"Combust+1","floor":18},{"not_picked":["Twin Strike","Entrench"],"picked":"Flex","floor":20},{"not_picked":["Heavy Blade","Anger"],"picked":"Cleave","floor":21},{"not_picked":["Body Slam","Berserk"],"picked":"Rupture","floor":23},{"not_picked":["Shockwave","Searing Blow"],"picked":"Iron Wave","floor":25},{"not_picked":["Infernal Blade","Clothesline"],"picked":"Immolate","floor":30},{"not_picked":["Barricade","Corruption"],"picked":"Feed","floor":33},{"not_picked":["Evolve","Thunderclap","Pommel Strike"],"picked":"Singing Bowl","floor":35},{"not_picked":["True Grit","Perfected Strike+1","Twin Strike+1"],"picked":"Singing Bowl","floor":37},{"not_picked":["Perfected Strike+1","Combust+1","Exhume"],"picked":"Bludgeon+1","floor":41},{"not_picked":["Cleave+1","Rampage+1","Clothesline+1"],"picked":"Pommel Strike+1","floor":42},{"not_picked":["Clothesline+1","Rupture","Anger+1"],"picked":"Dropkick+1","floor":44},{"not_picked":["Brutality","Twin Strike+1","Iron Wave+1","Warcry+1"],"picked":"Singing Bowl","floor":46},{"not_picked":["Shrug It Off+1","Battle Trance","Havoc+1","Warcry+1"],"picked":"Singing Bowl","floor":46},{"not_picked":["Shrug It Off+1","Flame Barrier","Wild Strike+1"],"picked":"Whirlwind+1","floor":47},{"not_picked":["Corruption","Heavy Blade+1","Infernal Blade"],"picked":"Flex+1","floor":48},{"not_picked":["Twin Strike+1","Heavy Blade+1","Rupture","Shrug It Off+1"],"picked":"Singing Bowl","floor":49}],"player_experience":400476,"relics_obtained":[{"floor":6,"key":"White Beast Statue"},{"floor":8,"key":"Boot"},{"floor":9,"key":"Ancient Tea Set"},{"floor":11,"key":"CeramicFish"},{"floor":23,"key":"Blood Vial"},{"floor":25,"key":"Thread and Needle"},{"floor":26,"key":"Regal Pillow"},{"floor":28,"key":"Singing Bowl"},{"floor":30,"key":"The Courier"},{"floor":41,"key":"Blue Candle"},{"floor":41,"key":"Dream Catcher"},{"floor":43,"key":"Potion Belt"},{"floor":44,"key":"Bag of Marbles"},{"floor":44,"key":"War Paint"},{"floor":48,"key":"Toy Ornithopter"},{"floor":48,"key":"Darkstone Periapt"}],"event_choices":[{"cards_removed":["Strike_R"],"damage_healed":0,"gold_gain":0,"player_choice":"Card Removal","damage_taken":0,"max_hp_gain":0,"max_hp_loss":0,"event_name":"The Cleric","floor":3,"gold_loss":50},{"damage_healed":0,"gold_gain":0,"player_choice":"Gave Potion","damage_taken":0,"relics_obtained":["MawBank"],"max_hp_gain":0,"max_hp_loss":0,"event_name":"WeMeetAgain","floor":10,"gold_loss":0},{"damage_healed":0,"gold_gain":0,"cards_transformed":["Reckless Charge","Burning Pact"],"player_choice":"Became Test Subject","damage_taken":0,"max_hp_gain":0,"max_hp_loss":0,"event_name":"Drug Dealer","floor":19,"gold_loss":0,"cards_obtained":["Power Through","Second Wind"]},{"damage_healed":0,"gold_gain":0,"player_choice":"Became a vampire","damage_taken":0,"max_hp_gain":0,"max_hp_loss":24,"event_name":"Vampires","floor":22,"gold_loss":0,"cards_obtained":["Bite","Bite","Bite","Bite","Bite"]},{"damage_healed":0,"gold_gain":999,"player_choice":"Gold","damage_taken":0,"max_hp_gain":0,"max_hp_loss":0,"event_name":"MindBloom","floor":36,"gold_loss":0,"cards_obtained":["Normality","Normality"]},{"damage_healed":0,"gold_gain":0,"player_choice":"Max HP","damage_taken":0,"max_hp_gain":0,"max_hp_loss":3,"event_name":"Winding Halls","floor":38,"gold_loss":0}],"is_beta":false,"boss_relics":[{"not_picked":["Sozu","Runic Pyramid"],"picked":"Pandora\u0027s Box"},{"not_picked":["Busted Crown","Runic Cube"],"picked":"Black Star"}],"items_purged_floors":[31,39,45],"is_endless":false,"potions_floor_spawned":[1,8,11,12,14,16,18,20,21,23,25,30,33,35,37,41,44,46,48],"ascension_level":10}}