{"host":"q6ff4ns2kep02ti6","time":1612990583,"event":{"mods":["AchievementEnabler","BaseMod","Minty Spire (QoL Compilation)","Relic Stats","StSLib","Unceasing Turn Reminder"],"gold_per_floor":[111,129,129,143,158,158,193,193,261,277,310,323,11,31,31,117,117,130,30,30,49,76,76,76,76],"floor_reached":24,"language":"ENG","playtime":1790,"items_purged":["Strike_R","Strike_R"],"score":420,"play_id":"6186db0f-9192-4b13-825b-57c63857c984","local_time":"20210210215623","is_ascension_mode":true,"campfire_choices":[{"data":"Armaments","floor":6,"key":"SMITH"},{"floor":8,"key":"REST"},{"floor":15,"key":"REST"},{"data":"Berserk","floor":23,"key":"SMITH"}],"circlet_count":0,"master_deck":["AscendersBane","Strike_R","Strike_R","Strike_R","Defend_R","Defend_R","Defend_R","Bash","Berserk+1","Clothesline","Shrug It Off","Sword Boomerang","Armaments+1","Shockwave","Battle Trance","Whirlwind","Reaper","Ghostly Armor"],"relics":["Burning Blood","Champion Belt","Matryoshka","CeramicFish","Pen Nib","Sozu"],"acts_visited":["Exordium","TheCity"],"potions_floor_usage":[7,7,11,16,22],"damage_taken":[{"damage":5,"enemies":"2 Louse","floor":1,"turns":4},{"damage":0,"enemies":"Cultist","floor":2,"turns":3},{"damage":12,"enemies":"Small Slimes","floor":4,"turns":3},{"damage":57,"enemies":"Gremlin Gang","floor":5,"turns":10},{"damage":19,"enemies":"3 Sentries","floor":7,"turns":7},{"damage":6,"enemies":"Blue Slaver","floor":10,"turns":4},{"damage":7,"enemies":"Lagavulin","floor":11,"turns":7},{"damage":23,"enemies":"Exordium Thugs","floor":12,"turns":7},{"damage":22,"enemies":"Lots of Slimes","floor":14,"turns":7},{"damage":4,"enemies":"Hexaghost","floor":16,"turns":6},{"damage":1,"enemies":"3 Byrds","floor":18,"turns":5},{"damage":8,"enemies":"Shell Parasite","floor":21,"turns":7},{"damage":48,"enemies":"Snake Plant","floor":22,"turns":5},{"damage":51,"enemies":"Slavers","floor":24,"turns":4}],"seed_played":"-301886462307309708","potions_obtained":[{"floor":4,"key":"Fruit Juice"},{"floor":5,"key":"AttackPotion"},{"floor":7,"key":"Regen Potion"},{"floor":14,"key":"SneckoOil"},{"floor":16,"key":"SneckoOil"}],"is_trial":false,"path_per_floor":["M","M","?","M","M","R","E","R","T","M","E","M","$","M","R","B",null,"M","$","?","M","M","R","E"],"character_chosen":"IRONCLAD","items_purchased":["Pen Nib","Battle Trance"],"campfire_rested":2,"item_purchase_floors":[13,13],"current_hp_per_floor":[69,75,75,69,18,18,10,34,34,34,48,31,31,15,39,41,70,80,80,80,80,50,50,0,0],"gold":76,"neow_bonus":"ONE_RANDOM_RARE_CARD","is_daily":false,"chose_seed":false,"campfire_upgraded":2,"win_rate":0.0,"timestamp":1612990583,"path_taken":["M","M","?","?","M","R","E","R","T","M","E","M","$","M","R","BOSS","M","$","?","M","M","R","E"],"items_purchased_type":["Relic","Card"],"build_version":"2020-12-22","purchased_purges":2,"victory":false,"max_hp_per_floor":[75,75,75,75,75,75,80,80,80,80,80,80,80,80,80,80,80,80,80,80,80,80,80,80,80],"relic_stats":{"Sozu":1,"counters":[14,79],"CeramicFish":36,"Pen Nib":[5],"Champion Belt":[24],"obtain_stats":[{"Sozu":17,"Matryoshka":9,"CeramicFish":11,"Pen Nib":13,"Champion Belt":7,"Burning Blood":0},{"Sozu":10,"Matryoshka":5,"CeramicFish":7,"Pen Nib":8,"Champion Belt":5,"Burning Blood":0},{"Sozu":58,"Matryoshka":27,"CeramicFish":38,"Pen Nib":45,"Champion Belt":27,"Burning Blood":0}],"Burning Blood":67},"card_choices":[{"not_picked":["Dark Embrace","Headbutt"],"picked":"Clothesline","floor":1},{"not_picked":["Rupture","True Grit"],"picked":"Shrug It Off","floor":2},{"not_picked":["Feel No Pain","Wild Strike"],"picked":"Sword Boomerang","floor":4},{"not_picked":["Iron Wave","True Grit"],"picked":"Armaments","floor":5},{"not_picked":["Flex","Ghostly Armor"],"picked":"Shockwave","floor":7},{"not_picked":["Pommel Strike","Clash","True Grit"],"picked":"SKIP","floor":10},{"not_picked":["Reckless Charge","Headbutt","Rupture"],"picked":"SKIP","floor":11},{"not_picked":["Headbutt","Cleave","Twin Strike"],"picked":"SKIP","floor":12},{"not_picked":["Second Wind","Cleave"],"picked":"Whirlwind","floor":14},{"not_picked":["Double Tap","Exhume"],"picked":"Reaper","floor":16},{"not_picked":["Cleave","Evolve","Entrench"],"picked":"SKIP","floor":18},{"not_picked":["Heavy Blade","Wild Strike","Body Slam"],"picked":"SKIP","floor":21},{"not_picked":["Perfected Strike","Sentinel"],"picked":"Ghostly Armor","floor":22}],"player_experience":1053539,"relics_obtained":[{"floor":7,"key":"Champion Belt"},{"floor":9,"key":"Matryoshka"},{"floor":11,"key":"CeramicFish"}],"event_choices":[{"cards_removed":["Defend_R"],"damage_healed":0,"gold_gain":0,"player_choice":"Offered Basic","damage_taken":0,"max_hp_gain":0,"max_hp_loss":0,"event_name":"Bonfire Elementals","floor":3,"gold_loss":0},{"damage_healed":0,"gold_gain":0,"player_choice":"Ignored","damage_taken":0,"max_hp_gain":0,"max_hp_loss":0,"event_name":"Vampires","floor":20,"gold_loss":0}],"is_beta":false,"boss_relics":[{"not_picked":["Mark of Pain","Busted Crown"],"picked":"Sozu"}],"items_purged_floors":[13,19],"is_endless":false,"potions_floor_spawned":[4,5,7,14,16,22],"killed_by":"Slavers","ascension_level":20}}