{"host":"jx3f6ezc0g3s9edc","time":1612990270,"event":{"mods":["AchievementEnabler","BaseMod","Bestiary","Colored Map","Highlight Path","Minty Spire (QoL Compilation)","StSLib"],"gold_per_floor":[110,110,126,136,146,146,165,193,229,241,271,63,96,107,107,205,205,205,205,205,205,205,205,205,205,205,205,205,205,56,56,56,56,56,56,56,4,4,4,4,4,4,4,4,4,4,4,4,4,4,4,4,4,4,4],"floor_reached":56,"language":"ENG","playtime":5541,"items_purged":["Strike_G"],"score":1186,"play_id":"f05a844b-97cf-4a61-8f1c-fc6238ef76e9","local_time":"20210210155110","is_ascension_mode":false,"campfire_choices":[{"data":"Neutralize","floor":6,"key":"SMITH"},{"data":"Blade Dance","floor":10,"key":"SMITH"},{"floor":15,"key":"REST"},{"data":"Finisher","floor":24,"key":"SMITH"},{"data":"Infinite Blades","floor":27,"key":"SMITH"},{"floor":32,"key":"REST"},{"data":"Blade Dance","floor":40,"key":"SMITH"},{"data":"Cloak And Dagger","floor":42,"key":"SMITH"},{"floor":49,"key":"RECALL"},{"data":"Malaise","floor":52,"key":"SMITH"}],"circlet_count":0,"master_deck":["Strike_G","Strike_G","Strike_G","Strike_G","Defend_G","Defend_G","Defend_G","Defend_G","Defend_G","Survivor","Neutralize+1","Finisher+1","Corpse Explosion","Accuracy","Slice","Blade Dance+1","PiercingWail","Accuracy","Acrobatics","Well Laid Plans","Tools of the Trade","Cloak And Dagger+1","Expertise","Calculated Gamble+1","Cloak And Dagger+1","Infinite Blades+1","PiercingWail+1","Blade Dance+1","Acrobatics","Blur","Malaise+1","Cloak And Dagger+1","Reflex+1","Accuracy","Slice+1","Blur","Blade Dance+1","Slice"],"relics":["Ring of the Serpent","NeowsBlessing","MawBank","Nunchaku","Anchor","Lantern","Ectoplasm","Happy Flower","InkBottle","Centennial Puzzle","Gambling Chip","Kunai"],"acts_visited":["Exordium","TheCity","TheBeyond","TheEnding"],"potions_floor_usage":[13,33,55,55],"damage_taken":[{"damage":0,"enemies":"Jaw Worm","floor":1,"turns":1},{"damage":0,"enemies":"Cultist","floor":3,"turns":1},{"damage":0,"enemies":"Small Slimes","floor":4,"turns":1},{"damage":7,"enemies":"Blue Slaver","floor":5,"turns":5},{"damage":5,"enemies":"Lots of Slimes","floor":7,"turns":2},{"damage":18,"enemies":"Gremlin Nob","floor":8,"turns":5},{"damage":2,"enemies":"Looter","floor":11,"turns":2},{"damage":5,"enemies":"Lagavulin","floor":13,"turns":5},{"damage":1,"enemies":"Exordium Thugs","floor":14,"turns":5},{"damage":41,"enemies":"The Guardian","floor":16,"turns":9},{"damage":16,"enemies":"3 Byrds","floor":18,"turns":3},{"damage":0,"enemies":"Chosen","floor":20,"turns":3},{"damage":12,"enemies":"Snake Plant","floor":22,"turns":5},{"damage":6,"enemies":"Gremlin Leader","floor":23,"turns":4},{"damage":1,"enemies":"Chosen and Byrds","floor":25,"turns":5},{"damage":0,"enemies":"Cultist and Chosen","floor":29,"turns":4},{"damage":0,"enemies":"Shelled Parasite and Fungi","floor":31,"turns":4},{"damage":7,"enemies":"Collector","floor":33,"turns":5},{"damage":4,"enemies":"3 Shapes","floor":35,"turns":5},{"damage":0,"enemies":"Orb Walker","floor":36,"turns":1},{"damage":0,"enemies":"Sphere and 2 Shapes","floor":39,"turns":3},{"damage":2,"enemies":"Giant Head","floor":41,"turns":5},{"damage":16,"enemies":"Jaw Worm Horde","floor":44,"turns":3},{"damage":0,"enemies":"Maw","floor":45,"turns":4},{"damage":19,"enemies":"Awakened One","floor":50,"turns":9},{"damage":12,"enemies":"Shield and Spear","floor":54,"turns":4},{"damage":76,"enemies":"The Heart","floor":55,"turns":8}],"seed_played":"3031188878636655932","potions_obtained":[{"floor":4,"key":"Ancient Potion"},{"floor":5,"key":"PowerPotion"},{"floor":14,"key":"SmokeBomb"},{"floor":16,"key":"FairyPotion"},{"floor":20,"key":"Ancient Potion"},{"floor":23,"key":"EssenceOfSteel"},{"floor":44,"key":"Energy Potion"}],"is_trial":false,"path_per_floor":["M","?","M","M","M","R","M","E","T","R","M","$","E","M","R","B",null,"M","$","M","?","M","E","R","M","T","R","?","M","$","M","R","B",null,"M","M","$","?","M","R","E","R","T","M","M","?","$","$","R","B",null,"R","$","E","B",null],"character_chosen":"THE_SILENT","items_purchased":["Anchor","Accuracy","Blade Dance","Acrobatics","Dexterity Potion"],"campfire_rested":2,"item_purchase_floors":[12,12,30,30,37],"current_hp_per_floor":[70,70,70,70,63,63,58,40,40,40,38,38,33,32,53,12,70,54,54,54,54,42,36,36,35,35,35,35,35,35,35,56,49,70,66,66,66,66,66,66,64,64,64,48,48,48,48,48,48,29,70,70,70,58,17],"gold":4,"neow_bonus":"THREE_ENEMY_KILL","is_daily":false,"chose_seed":false,"campfire_upgraded":7,"win_rate":0.0,"timestamp":1612990270,"path_taken":["M","?","?","M","M","R","M","E","T","R","M","$","E","M","R","BOSS","M","$","M","?","M","E","R","M","T","R","?","?","$","M","R","BOSS","M","M","$","?","M","R","E","R","T","?","M","?","?","$","R","BOSS","R","$","E","BOSS"],"items_purchased_type":["Relic","Card","Card","Card","Potion"],"build_version":"2020-12-22","purchased_purges":1,"victory":true,"max_hp_per_floor":[70,70,70,70,70,70,70,70,70,70,70,70,70,70,70,70,70,70,70,70,70,70,70,70,70,70,70,70,70,70,70,70,70,70,70,70,70,70,70,70,70,70,70,70,70,70,70,70,70,70,70,70,70,70,70],"card_choices":[{"not_picked":["Cloak And Dagger","Flying Knee"],"picked":"Finisher","floor":1},{"not_picked":["Expertise","Setup"],"picked":"Dagger Throw","floor":3},{"not_picked":["Poisoned Stab","Cloak And Dagger"],"picked":"Corpse Explosion","floor":4},{"not_picked":["Acrobatics","Caltrops"],"picked":"Accuracy","floor":5},{"not_picked":["Acrobatics","Dagger Throw"],"picked":"Slice","floor":7},{"not_picked":["Blur","Footwork"],"picked":"Blade Dance","floor":8},{"not_picked":["Flying Knee","Leg Sweep"],"picked":"PiercingWail","floor":11},{"not_picked":["Flying Knee","Flechettes"],"picked":"Acrobatics","floor":13},{"not_picked":["Poisoned Stab","Sucker Punch"],"picked":"Well Laid Plans","floor":14},{"not_picked":["Unload","Burst"],"picked":"Tools of the Trade","floor":16},{"not_picked":["Dodge and Roll","Backflip"],"picked":"Cloak And Dagger","floor":18},{"not_picked":["Deadly Poison","Dodge and Roll+1"],"picked":"Expertise","floor":20},{"not_picked":["Underhanded Strike","Choke+1"],"picked":"Calculated Gamble+1","floor":22},{"not_picked":["Caltrops","All Out Attack"],"picked":"Cloak And Dagger+1","floor":23},{"not_picked":["PiercingWail","Setup"],"picked":"Infinite Blades","floor":25},{"not_picked":["Sucker Punch","Poisoned Stab"],"picked":"PiercingWail+1","floor":29},{"not_picked":["Flying Knee","Prepared+1"],"picked":"Blur","floor":31},{"not_picked":["Burst","Die Die Die"],"picked":"Malaise","floor":33},{"not_picked":["Caltrops+1","Predator"],"picked":"Cloak And Dagger+1","floor":35},{"not_picked":["Bouncing Flask+1","Acrobatics+1"],"picked":"Reflex+1","floor":36},{"not_picked":["Dagger Spray+1","Acrobatics+1","PiercingWail+1"],"picked":"SKIP","floor":39},{"not_picked":["Setup","Sucker Punch+1"],"picked":"Accuracy","floor":41},{"not_picked":["Outmaneuver","Sucker Punch"],"picked":"Slice+1","floor":44},{"not_picked":["Eviscerate+1","Deflect"],"picked":"Blur","floor":45},{"not_picked":["Dagger Spray+1","Backstab"],"picked":"Slice","floor":54}],"player_experience":840602,"relics_obtained":[{"floor":8,"key":"MawBank"},{"floor":9,"key":"Nunchaku"},{"floor":13,"key":"Lantern"},{"floor":23,"key":"Happy Flower"},{"floor":26,"key":"InkBottle"},{"floor":41,"key":"Gambling Chip"},{"floor":54,"key":"Kunai"}],"event_choices":[{"damage_healed":0,"gold_gain":0,"player_choice":"0 cards matched","damage_taken":0,"max_hp_gain":0,"max_hp_loss":0,"event_name":"Match and Keep!","floor":2,"gold_loss":0,"cards_obtained":[]},{"damage_healed":0,"gold_gain":99,"player_choice":"Stole From Cult","damage_taken":0,"max_hp_gain":0,"max_hp_loss":0,"event_name":"Nest","floor":21,"gold_loss":0},{"damage_healed":0,"gold_gain":100,"player_choice":"Pray","damage_taken":0,"max_hp_gain":0,"max_hp_loss":0,"event_name":"Golden Shrine","floor":28,"gold_loss":0},{"cards_removed":["Dagger Throw"],"damage_healed":0,"gold_gain":0,"player_choice":"Gave Card","damage_taken":0,"relics_obtained":["Centennial Puzzle"],"max_hp_gain":0,"max_hp_loss":0,"event_name":"WeMeetAgain","floor":38,"gold_loss":0},{"damage_healed":0,"gold_gain":0,"player_choice":"Copied","damage_taken":0,"max_hp_gain":0,"max_hp_loss":0,"event_name":"Duplicator","floor":46,"gold_loss":0,"cards_obtained":["Blade Dance"]}],"is_beta":false,"boss_relics":[{"not_picked":["Tiny House","SacredBark"],"picked":"Ectoplasm"},{"not_picked":["Astrolabe","Runic Pyramid"],"picked":"Ring of the Serpent"}],"items_purged_floors":[30],"is_endless":false,"potions_floor_spawned":[4,5,14,16,20,23,25,41,44,45],"ascension_level":0}}