{"host":"it04jaz8eul1eh3d","time":1612937703,"event":{"mods":["AchievementEnabler","BaseMod","Colored Map","DeckTracker","Keyboard Shortcuts","Minty Spire (QoL Compilation)","SuperFastMode"],"gold_per_floor":[110,210,227,227,227,227,260,260,283,317,328,328,328,174,174,274,274,293,293,293,293,293],"floor_reached":21,"language":"KOR","playtime":489,"items_purged":["Defend_B"],"score":183,"play_id":"70bd1e7f-d718-4252-b6bd-5f48f60e7d78","local_time":"20210210151503","is_ascension_mode":false,"campfire_choices":[{"data":"Sunder","floor":6,"key":"SMITH"},{"data":"Static Discharge","floor":8,"key":"SMITH"},{"floor":15,"key":"REST"}],"circlet_count":0,"master_deck":["Strike_B+1","Strike_B","Strike_B","Defend_B","Defend_B","Defend_B+1","Dualcast","Self Repair","Sunder+1","Sweeping Beam","Static Discharge+1","Loop","Capacitor","Electrodynamics","Tempest"],"relics":["Cracked Core","InkBottle","Blood Vial","Anchor","Lantern","FossilizedHelix","Black Star","Nilry\u0027s Codex","Centennial Puzzle"],"acts_visited":["Exordium","TheCity"],"potions_floor_usage":[16],"damage_taken":[{"damage":1,"enemies":"Jaw Worm","floor":1,"turns":3},{"damage":1,"enemies":"Cultist","floor":3,"turns":3},{"damage":15,"enemies":"Gremlin Nob","floor":7,"turns":4},{"damage":31,"enemies":"Lagavulin","floor":10,"turns":5},{"damage":0,"enemies":"2 Louse","floor":11,"turns":2},{"damage":33,"enemies":"The Guardian","floor":16,"turns":9},{"damage":4,"enemies":"Chosen","floor":18,"turns":6},{"damage":30,"enemies":"Shell Parasite","floor":21,"turns":6}],"seed_played":"8413199618974076094","potions_obtained":[{"floor":7,"key":"LiquidMemories"},{"floor":11,"key":"Fire Potion"},{"floor":16,"key":"Regen Potion"},{"floor":18,"key":"DistilledChaos"}],"is_trial":false,"path_per_floor":["M","?","M","T","?","R","E","R","T","E","M","?","?","$","R","B",null,"M","?","?","M"],"character_chosen":"DEFECT","items_purchased":["Capacitor"],"campfire_rested":1,"item_purchase_floors":[14],"current_hp_per_floor":[75,75,75,75,68,68,53,53,53,31,33,30,15,15,37,6,75,75,59,59,31,31],"gold":293,"neow_bonus":"TRANSFORM_CARD","is_daily":false,"chose_seed":false,"campfire_upgraded":2,"win_rate":0.0,"timestamp":1612937703,"path_taken":["M","?","?","?","?","R","E","R","T","E","M","?","?","?","R","BOSS","M","?","?","M"],"items_purchased_type":["Card"],"build_version":"2020-12-22","purchased_purges":1,"victory":false,"max_hp_per_floor":[75,75,75,75,75,75,75,75,75,75,75,75,75,75,75,75,75,75,75,75,75,75],"card_choices":[{"not_picked":["Rebound","Self Repair"],"picked":"Sunder","floor":1},{"not_picked":["Turbo","Barrage"],"picked":"Sweeping Beam","floor":3},{"not_picked":["Rebound","Ball Lightning"],"picked":"Static Discharge","floor":7},{"not_picked":["Compile Driver","Leap"],"picked":"Loop","floor":10},{"not_picked":["Go for the Eyes","Conserve Battery","Streamline"],"picked":"SKIP","floor":11},{"not_picked":["Seek","Meteor Strike"],"picked":"Electrodynamics","floor":16},{"not_picked":["Stack+1","Barrage"],"picked":"Tempest","floor":18}],"player_experience":153370,"relics_obtained":[{"floor":4,"key":"InkBottle"},{"floor":7,"key":"Blood Vial"},{"floor":9,"key":"Anchor"},{"floor":10,"key":"Lantern"},{"floor":19,"key":"Nilry\u0027s Codex"}],"event_choices":[{"damage_healed":0,"gold_gain":100,"player_choice":"Gold","damage_taken":0,"max_hp_gain":0,"max_hp_loss":0,"event_name":"Wheel of Change","floor":2,"gold_loss":0},{"cards_removed":["Strike_B"],"damage_healed":0,"gold_gain":0,"player_choice":"Card Removal","damage_taken":7,"max_hp_gain":0,"max_hp_loss":0,"event_name":"Golden Wing","floor":5,"gold_loss":0},{"damage_healed":0,"gold_gain":0,"player_choice":"Success","damage_taken":3,"relics_obtained":["FossilizedHelix"],"max_hp_gain":0,"max_hp_loss":0,"event_name":"Scrap Ooze","floor":12,"gold_loss":0},{"damage_healed":0,"gold_gain":0,"player_choice":"Entered Light","damage_taken":15,"max_hp_gain":0,"max_hp_loss":0,"event_name":"Shining Light","floor":13,"gold_loss":0,"cards_upgraded":["Strike_B","Defend_B"]},{"damage_healed":0,"gold_gain":0,"player_choice":"Obtained Book","damage_taken":16,"max_hp_gain":0,"max_hp_loss":0,"event_name":"Cursed Tome","floor":19,"gold_loss":0},{"damage_healed":0,"gold_gain":0,"player_choice":"Opened","damage_taken":0,"relics_obtained":["Centennial Puzzle"],"max_hp_gain":0,"max_hp_loss":0,"event_name":"The Mausoleum","floor":20,"gold_loss":0}],"is_beta":false,"boss_relics":[{"not_picked":["Pandora\u0027s Box","Philosopher\u0027s Stone"],"picked":"Black Star"}],"items_purged_floors":[14],"is_endless":false,"potions_floor_spawned":[7,11,16,18],"killed_by":"Shell Parasite","ascension_level":0}}