{"host":"9op7xyky91xc1g6p","time":1612929831,"event":{"mods":["100% Spire Juice","Act Like it!","Astrologer","Bartender","BaseMod","Beaked The Cultist","Better Altar","Better Note","Better Sensory Stone","Better Skull","Better Third Choice","Better Vampires","Bossed Relics","BshForSts","CapriCore","Energized Spire","Gensokyo","Hallownest","Hermit","HololiveMod","Infinite Spire","Koishi","Magitek Elite","Marisa????????","Minty Spire (QoL Compilation)","Random Character Button","Remilia??????","Retaliation","Robot Space Explorer","Shade Mod","SpireExporter+","StSLib","The Animator","The Disciple","The Dragon Tamer","The Elementalist","The Hierophant","The Immortal","The Marked","The Mystic","The Poker Player","The Problem Sleuth","The Runesmith","The Spell Scribe","TheBandit","Trackpad","Yuyuko","??????REMEMod"],"gold_per_floor":[215,232,564,606,101,152,152,152,179,228,88,136,136,181,181,169,169],"floor_reached":16,"language":"ENG","playtime":1528,"items_purged":[],"score":135,"play_id":"7abcf457-46c8-4f13-8741-1010c12f688a","local_time":"20210209200351","is_ascension_mode":false,"campfire_choices":[{"floor":8,"key":"REST"},{"floor":15,"key":"REST"}],"circlet_count":0,"master_deck":["hierophant:Strike_Hierophant","hierophant:Strike_Hierophant","hierophant:Strike_Hierophant","hierophant:Strike_Hierophant","hierophant:Defend_Hierophant","hierophant:Defend_Hierophant","hierophant:Defend_Hierophant","hierophant:Defend_Hierophant","hierophant:ChurchCoffers","hierophant:RustyCrate","hierophant:Doubloon","hierophant:Doubloon","hierophant:HolyVerse","hierophant:Zeal","hierophant:PassingBell","hierophant:Doubloon","hierophant:OrnateBuckler","hierophant:Doubloon","hierophant:Charity","hierophant:Endure"],"relics":["hierophant:PropheticMaskRelic","REME_ComplimentaryCards","PreservedInsect","Mythril_Glove","infinitespire:Satchel","Strange Spoon","Vajra","Gensokyo:OccultBall","Smiling Mask","Bottled Lightning","Gambling Chip","Happy Flower"],"acts_visited":["Gensokyo:Gensokyo"],"potions_floor_usage":[6,6,16,16],"damage_taken":[{"damage":0,"enemies":"Gensokyo:3_Fairies","floor":1,"turns":2},{"damage":2,"enemies":"Gensokyo:Gryphon","floor":2,"turns":3},{"damage":4,"enemies":"Gensokyo:2_Kodama","floor":4,"turns":2},{"damage":10,"enemies":"Gensokyo:Aya","floor":6,"turns":5},{"damage":4,"enemies":"Gensokyo:Cirno","floor":10,"turns":3},{"damage":0,"enemies":"Gensokyo:5_Fairies","floor":12,"turns":1},{"damage":5,"enemies":"Gensokyo:CorruptedTreant","floor":14,"turns":2},{"damage":72,"enemies":"Gensokyo:Kokoro","floor":16,"turns":14}],"seed_played":"4116545479554755180","potions_obtained":[{"floor":2,"key":"Dexterity Potion"},{"floor":4,"key":"ColorlessPotion"},{"floor":6,"key":"SneckoOil"},{"floor":12,"key":"Energy Potion"},{"floor":14,"key":"AttackPotion"}],"is_trial":false,"path_per_floor":["M","M","?","M","$","E","?","R","T","E","?","M","?","M","R","B"],"character_chosen":"HIEROPHANT","items_purchased":["Mythril_Glove","infinitespire:Satchel","Strange Spoon","hierophant:PassingBell"],"campfire_rested":2,"item_purchase_floors":[5,5,5,5],"current_hp_per_floor":[75,73,30,26,26,16,16,38,38,34,34,34,34,29,51,0,0],"gold":169,"neow_bonus":"HUNDRED_GOLD","is_daily":false,"chose_seed":false,"campfire_upgraded":0,"win_rate":0.0,"timestamp":1612929831,"path_taken":["M","M","?","?","$","E","?","R","T","E","?","M","?","?","R","BOSS"],"items_purchased_type":["Relic","Relic","Relic","Card"],"build_version":"2020-12-22","purchased_purges":0,"victory":false,"max_hp_per_floor":[75,75,75,75,75,75,75,75,75,75,75,75,75,75,75,75,75],"card_choices":[{"not_picked":["hierophant:Mercenaries","hierophant:Prophecy"],"picked":"hierophant:RustyCrate","floor":1},{"not_picked":["hierophant:Chorus","hierophant:AuricShield"],"picked":"hierophant:HolyVerse","floor":2},{"not_picked":["hierophant:Doubloon","hierophant:RustyCrate"],"picked":"hierophant:Zeal","floor":4},{"not_picked":["hierophant:SealAway","hierophant:PristineSoul"],"picked":"hierophant:CursedGold","floor":6},{"not_picked":["hierophant:ArchangelShield","hierophant:ThreeLashes"],"picked":"hierophant:OrnateBuckler","floor":10},{"not_picked":["hierophant:Dazzle","hierophant:TollTheBells"],"picked":"hierophant:Charity","floor":12},{"not_picked":["hierophant:RecallFunds","hierophant:SolarFlare"],"picked":"hierophant:Endure","floor":14}],"player_experience":431949,"relics_obtained":[{"floor":6,"key":"Vajra"},{"floor":9,"key":"Smiling Mask"},{"floor":10,"key":"Bottled Lightning"},{"floor":14,"key":"Gensokyo:OccultBall"}],"event_choices":[{"damage_healed":0,"gold_gain":332,"player_choice":"RE GO GO GO ","damage_taken":48,"relics_obtained":["PreservedInsect"],"max_hp_gain":0,"max_hp_loss":0,"event_name":"betterSkull:BetterSkull","floor":3,"gold_loss":0,"cards_upgraded":[]}],"is_beta":false,"boss_relics":[],"items_purged_floors":[],"is_endless":false,"potions_floor_spawned":[2,4,6,12,14],"killed_by":"Gensokyo:Kokoro","ascension_level":0}}