{"host":"2820e8i2y38gm4bp","time":1612998481,"event":{"mods":["2.2 Compatiblity","Act Like it!","BaseMod","Better Note","BetterRewards","Downfall","Elementarium","Gensokyo","GungeonMod","Hermit","Hubris","Marisa????????","Minty Spire (QoL Compilation)","Rare Cards Sparkle","Replay The Spire","StSLib","The Cursed","The Jungle","The Servant 0.9.4"],"gold_per_floor":[110,129,142,20,20,46,46,65,65,65,93,45,45,62,62,62,62],"floor_reached":16,"language":"ENG","playtime":1355,"items_purged":[],"score":110,"play_id":"900adab4-ad2a-4c28-8115-f3024f5b8cb1","local_time":"20210210180801","is_ascension_mode":false,"campfire_choices":[{"floor":10,"key":"REST"},{"floor":15,"key":"REST"}],"circlet_count":0,"master_deck":["Strike_S","Strike_S","Strike_S","Strike_S","Defend_S","Defend_S","Defend_S","Defend_S","KidneyShot","Exchange","Rearm","FanOfKnives","Snipe","SurpressingFire","TimeWarp","Rewind","Initiator","Solidify","Defy","Languid","ShatteredReality"],"relics":["Uniform","Oddly Smooth Stone","Chameleon Ring","DemoMod:PoisonVial","Calipers","Ring of Peace","Ring of Fangs"],"acts_visited":["Exordium"],"potions_floor_usage":[6,11,14,14],"damage_taken":[{"damage":2,"enemies":"2 Louse","floor":1,"turns":3},{"damage":2,"enemies":"Small Slimes","floor":2,"turns":4},{"damage":2,"enemies":"Jaw Worm","floor":3,"turns":5},{"damage":8,"enemies":"Lagavulin","floor":6,"turns":7},{"damage":13,"enemies":"3 Louse","floor":8,"turns":2},{"damage":12,"enemies":"3 Sentries","floor":11,"turns":5},{"damage":12,"enemies":"Exordium Thugs","floor":14,"turns":5},{"damage":51,"enemies":"Hexaghost","floor":16,"turns":14}],"seed_played":"-2968828291080472235","potions_obtained":[{"floor":2,"key":"Explosive Potion"},{"floor":3,"key":"AttackPotion"},{"floor":7,"key":"SteroidPotion"},{"floor":7,"key":"Cursed Concoction"},{"floor":11,"key":"EntropicBrew"}],"is_trial":false,"path_per_floor":["M","M","M","$","?","E","R","M","T","R","E","$","?","M","R","B"],"character_chosen":"THE_SERVANT","items_purchased":["SurpressingFire","TimeWarp","Defy"],"campfire_rested":2,"item_purchase_floors":[4,4,12],"current_hp_per_floor":[69,67,65,65,53,45,45,32,32,53,41,41,41,29,50,0,0],"gold":62,"neow_bonus":"TEN_PERCENT_HP_BONUS","is_daily":false,"chose_seed":false,"campfire_upgraded":0,"win_rate":0.0,"timestamp":1612998481,"path_taken":["M","M","M","$","?","E","R","M","T","R","E","$","?","M","R","BOSS"],"items_purchased_type":["Card","Card","Card"],"build_version":"2020-12-22","purchased_purges":0,"victory":false,"max_hp_per_floor":[71,71,71,71,71,71,71,71,71,71,71,71,71,71,71,71,71],"card_choices":[{"not_picked":["GearUp","Defy"],"picked":"Rearm","floor":1},{"not_picked":["Foresight","Replace"],"picked":"FanOfKnives","floor":2},{"not_picked":["TimeWarp","Desolation"],"picked":"Snipe","floor":3},{"not_picked":["Starlight","ShatteredReality"],"picked":"Rewind","floor":6},{"not_picked":["Starlight","Contraction"],"picked":"Initiator","floor":8},{"not_picked":["BottledTime","ShiftingGears"],"picked":"Solidify","floor":11},{"not_picked":["Unruled","SpecialFormula"],"picked":"ShatteredReality","floor":14}],"player_experience":559743,"relics_obtained":[{"floor":6,"key":"Chameleon Ring"},{"floor":9,"key":"DemoMod:PoisonVial"},{"floor":11,"key":"Calipers"},{"floor":13,"key":"Ring of Peace"},{"floor":13,"key":"Ring of Fangs"}],"event_choices":[{"damage_healed":0,"gold_gain":0,"player_choice":"Success","damage_taken":12,"relics_obtained":["Oddly Smooth Stone"],"max_hp_gain":0,"max_hp_loss":0,"event_name":"Scrap Ooze","floor":5,"gold_loss":0}],"is_beta":false,"boss_relics":[],"items_purged_floors":[],"is_endless":false,"potions_floor_spawned":[2,3,11],"killed_by":"Hexaghost","ascension_level":0}}