{"host":"mnpd8gh7cwxsn5kh","time":1612990806,"event":{"mods":["BaseMod","Bestiary","Block Reminder","Colored Map","Colored Powertips","Highlight Path","Minty Spire (QoL Compilation)","Relic Sorter","Relic Stats"],"gold_per_floor":[116,130,145,145,164,164,182,215,215,245,245,276,147,165,165,239,239,251,251,269,279,299,329,329,356,379,478,176,61,78,78,78,153,153,169,169,186,186,186,218,236,236,236,261,261,4,19,36,36,36],"floor_reached":51,"language":"ENG","playtime":4794,"items_purged":["Strike_B","Shame"],"score":1241,"play_id":"2882c32a-1d00-4b1e-9f2c-2b22cfb286ed","local_time":"20210210220006","is_ascension_mode":true,"campfire_choices":[{"data":"Sunder","floor":6,"key":"SMITH"},{"data":"Streamline","floor":15,"key":"SMITH"},{"data":"Chill","floor":24,"key":"SMITH"},{"data":"Hologram","floor":32,"key":"SMITH"},{"floor":42,"key":"REST"},{"data":"Heatsinks","floor":49,"key":"SMITH"}],"circlet_count":0,"master_deck":["AscendersBane","Zap+1","Dualcast+1","Leap+1","Ball Lightning+1","Cold Snap+1","Streamline+1","Chill+1","Genetic Algorithm+1","Hello World+1","Coolheaded+1","Rip and Tear+1","Hyperbeam+1","Steam Power+1","Genetic Algorithm+1","Skim+1","Double Energy+1","Core Surge+1","Turbo+1","Glacier+1","Sunder+1","Stack+1","Reinforced Body+1","Biased Cognition+1","Tempest+1","Capacitor+1","Skim+1","Coolheaded+1","Hologram+1","Creative AI+1","Capacitor+1","Coolheaded+1","Secret Weapon+1","Bandage Up+1","Stack+1","Seek+1","Storm+1","Heatsinks+1"],"relics":["Sozu","Vajra","Ornamental Fan","Odd Mushroom","Kunai","Boot","Pandora\u0027s Box","Emotion Chip","Red Mask","Happy Flower","Thread and Needle","Cursed Key","Calipers","Cables","Mango","Mark of the Bloom","TheAbacus"],"acts_visited":["Exordium","TheCity","TheBeyond"],"potions_floor_usage":[],"damage_taken":[{"damage":1,"enemies":"Cultist","floor":1,"turns":4},{"damage":0,"enemies":"Small Slimes","floor":2,"turns":3},{"damage":0,"enemies":"2 Louse","floor":3,"turns":2},{"damage":1,"enemies":"Gremlin Gang","floor":5,"turns":3},{"damage":7,"enemies":"Exordium Wildlife","floor":7,"turns":3},{"damage":16,"enemies":"Gremlin Nob","floor":8,"turns":3},{"damage":12,"enemies":"The Mushroom Lair","floor":10,"turns":3},{"damage":0,"enemies":"3 Sentries","floor":12,"turns":6},{"damage":0,"enemies":"Large Slime","floor":14,"turns":4},{"damage":6,"enemies":"Slime Boss","floor":16,"turns":10},{"damage":0,"enemies":"Spheric Guardian","floor":18,"turns":3},{"damage":1,"enemies":"Shell Parasite","floor":20,"turns":5},{"damage":4,"enemies":"Chosen and Byrds","floor":21,"turns":6},{"damage":3,"enemies":"3 Cultists","floor":22,"turns":6},{"damage":7,"enemies":"Slavers","floor":23,"turns":5},{"damage":3,"enemies":"Masked Bandits","floor":25,"turns":4},{"damage":0,"enemies":"Sentry and Sphere","floor":30,"turns":6},{"damage":20,"enemies":"Automaton","floor":33,"turns":11},{"damage":0,"enemies":"Orb Walker","floor":35,"turns":4},{"damage":4,"enemies":"3 Shapes","floor":37,"turns":4},{"damage":21,"enemies":"Nemesis","floor":40,"turns":9},{"damage":4,"enemies":"Sphere and 2 Shapes","floor":41,"turns":6},{"damage":0,"enemies":"Giant Head","floor":44,"turns":8},{"damage":0,"enemies":"Spire Growth","floor":47,"turns":4},{"damage":0,"enemies":"4 Shapes","floor":48,"turns":3},{"damage":4,"enemies":"Donu and Deca","floor":50,"turns":7}],"seed_played":"-7641372020040589658","potions_obtained":[],"is_trial":false,"path_per_floor":["M","M","M","?","M","R","M","E","T","?","?","E","$","M","R","B",null,"M","?","M","M","M","E","R","?","T","?","$","$","M","?","R","B",null,"M","?","M","?","?","E","M","R","T","E","?","$","M","M","R","B",null],"character_chosen":"DEFECT","items_purchased":["Coolheaded","Thread and Needle","Capacitor","Skim","TheAbacus"],"campfire_rested":1,"item_purchase_floors":[13,28,29,29,46],"current_hp_per_floor":[67,67,67,67,66,66,59,43,43,31,24,24,24,24,24,18,61,61,61,60,56,53,46,46,43,43,43,43,43,43,43,43,23,62,62,62,58,53,53,36,36,57,57,75,75,75,75,75,75,71],"gold":36,"neow_bonus":"BOSS_RELIC","is_daily":false,"chose_seed":false,"campfire_upgraded":5,"win_rate":0.0,"timestamp":1612990806,"path_taken":["M","M","M","?","M","R","?","E","T","?","?","E","$","M","R","BOSS","M","?","?","M","M","E","R","?","T","?","?","$","M","?","R","BOSS","M","?","M","?","?","E","M","R","T","E","?","$","M","M","R","BOSS"],"items_purchased_type":["Card","Relic","Card","Card","Relic"],"build_version":"2020-12-22","purchased_purges":2,"victory":true,"max_hp_per_floor":[75,75,75,75,75,75,75,75,75,75,75,75,75,75,75,75,75,75,75,75,75,75,75,75,75,75,75,75,75,75,75,75,75,75,75,75,75,75,71,71,71,71,71,85,85,85,85,85,85,85],"relic_stats":{"Mark of the Bloom":6,"Happy Flower":[20],"counters":[26,132],"Boot":[32],"Cursed Key":1,"Cables":[22,13,9,0,0],"Sozu":12,"Emotion Chip":[43,19,24,0,0],"TheAbacus":[12],"Ornamental Fan":[60],"Pandora\u0027s Box":["Steam Power","Genetic Algorithm","Skim","Double Energy","Core Surge","Turbo"],"Kunai":[14],"obtain_stats":[{"Mark of the Bloom":45,"Calipers":40,"Happy Flower":26,"Vajra":8,"Thread and Needle":28,"Mango":44,"Odd Mushroom":10,"Boot":12,"Cursed Key":34,"Cables":43,"Sozu":0,"Emotion Chip":23,"TheAbacus":46,"Ornamental Fan":9,"Pandora\u0027s Box":17,"Red Mask":25,"Kunai":11,"Cracked Core":0},{"Mark of the Bloom":23,"Calipers":21,"Happy Flower":16,"Vajra":6,"Thread and Needle":16,"Mango":23,"Odd Mushroom":7,"Boot":8,"Cursed Key":18,"Cables":22,"Sozu":0,"Emotion Chip":15,"TheAbacus":23,"Ornamental Fan":6,"Pandora\u0027s Box":10,"Red Mask":16,"Kunai":7,"Cracked Core":0},{"Mark of the Bloom":118,"Calipers":104,"Happy Flower":70,"Vajra":18,"Thread and Needle":70,"Mango":118,"Odd Mushroom":21,"Boot":27,"Cursed Key":87,"Cables":110,"Sozu":0,"Emotion Chip":66,"TheAbacus":118,"Ornamental Fan":18,"Pandora\u0027s Box":41,"Red Mask":70,"Kunai":21,"Cracked Core":0}]},"card_choices":[{"not_picked":["Loop","Aggregate"],"picked":"Leap","floor":1},{"not_picked":["Recycle","Darkness"],"picked":"Ball Lightning","floor":2},{"not_picked":["Chaos","Rebound"],"picked":"Sunder","floor":3},{"not_picked":["White Noise","Tempest"],"picked":"Cold Snap","floor":5},{"not_picked":["Rip and Tear","Turbo"],"picked":"Streamline","floor":7},{"not_picked":["Gash","Sweeping Beam"],"picked":"Chill","floor":8},{"not_picked":["Tempest","Go for the Eyes"],"picked":"Genetic Algorithm","floor":10},{"not_picked":["Go for the Eyes","Scrape"],"picked":"Hello World","floor":12},{"not_picked":["Streamline","Steam"],"picked":"Rip and Tear","floor":14},{"not_picked":["Amplify","Reboot"],"picked":"Hyperbeam","floor":16},{"not_picked":["Redo","Lockon+1"],"picked":"Glacier+1","floor":18},{"not_picked":["Rip and Tear","Streamline","Cold Snap"],"picked":"SKIP","floor":20},{"not_picked":["Fusion","Gash+1"],"picked":"Stack","floor":21},{"not_picked":["Steam Power","Scrape+1"],"picked":"Reinforced Body","floor":22},{"not_picked":["Turbo+1","Fusion"],"picked":"Biased Cognition","floor":23},{"not_picked":["Heatsinks","Gash"],"picked":"Tempest","floor":25},{"not_picked":["Beam Cell","Cold Snap"],"picked":"Coolheaded","floor":30},{"not_picked":["Multi-Cast","Rainbow"],"picked":"Creative AI","floor":33},{"not_picked":["Go for the Eyes","Static Discharge"],"picked":"Capacitor","floor":35},{"not_picked":["Melter","Redo+1"],"picked":"Coolheaded","floor":37},{"not_picked":["Jack Of All Trades","Chrysalis"],"picked":"Secret Weapon","floor":38},{"not_picked":["Enlightenment","Impatience"],"picked":"Bandage Up","floor":38},{"not_picked":["Ball Lightning","Compile Driver+1"],"picked":"Stack+1","floor":40},{"not_picked":["Barrage","Turbo"],"picked":"Seek","floor":41},{"not_picked":["Rebound","Chill+1"],"picked":"Storm+1","floor":44},{"not_picked":["Self Repair","Hologram"],"picked":"Heatsinks","floor":47},{"not_picked":["Ball Lightning+1","Barrage","Streamline+1"],"picked":"SKIP","floor":48}],"player_experience":438642,"relics_obtained":[{"floor":8,"key":"Vajra"},{"floor":9,"key":"Ornamental Fan"},{"floor":10,"key":"Odd Mushroom"},{"floor":12,"key":"Boot"},{"floor":23,"key":"Emotion Chip"},{"floor":25,"key":"Red Mask"},{"floor":26,"key":"Happy Flower"},{"floor":40,"key":"Calipers"},{"floor":43,"key":"Cables"},{"floor":44,"key":"Mango"}],"event_choices":[{"cards_removed":["Strike_B"],"damage_healed":0,"gold_gain":0,"player_choice":"Purged","damage_taken":0,"max_hp_gain":0,"max_hp_loss":0,"event_name":"Purifier","floor":4,"gold_loss":0},{"damage_healed":0,"gold_gain":0,"player_choice":"Fought Mushrooms","damage_taken":0,"max_hp_gain":0,"max_hp_loss":0,"event_name":"Mushrooms","floor":10,"gold_loss":0},{"damage_healed":0,"gold_gain":0,"player_choice":"Success","damage_taken":7,"relics_obtained":["Kunai"],"max_hp_gain":0,"max_hp_loss":0,"event_name":"Scrap Ooze","floor":11,"gold_loss":0},{"damage_healed":0,"gold_gain":0,"player_choice":"Copied","damage_taken":0,"max_hp_gain":0,"max_hp_loss":0,"event_name":"Duplicator","floor":19,"gold_loss":0,"cards_obtained":["Sunder"]},{"damage_healed":0,"gold_gain":0,"player_choice":"Fought Bandits","damage_taken":0,"max_hp_gain":0,"max_hp_loss":0,"event_name":"Masked Bandits","floor":25,"gold_loss":0},{"damage_healed":0,"gold_gain":99,"player_choice":"Stole From Cult","damage_taken":0,"max_hp_gain":0,"max_hp_loss":0,"event_name":"Nest","floor":27,"gold_loss":0},{"damage_healed":0,"gold_gain":0,"player_choice":"Read","damage_taken":0,"max_hp_gain":0,"max_hp_loss":0,"event_name":"The Library","floor":31,"gold_loss":0,"cards_obtained":["Hologram"]},{"cards_removed":["Sunder"],"damage_healed":0,"gold_gain":0,"player_choice":"Removed Attack","damage_taken":0,"max_hp_gain":0,"max_hp_loss":0,"event_name":"Falling","floor":36,"gold_loss":0},{"damage_healed":0,"gold_gain":0,"player_choice":"Memory 2","damage_taken":5,"max_hp_gain":0,"max_hp_loss":0,"event_name":"SensoryStone","floor":38,"gold_loss":0},{"damage_healed":0,"gold_gain":0,"player_choice":"Max HP","damage_taken":0,"max_hp_gain":0,"max_hp_loss":4,"event_name":"Winding Halls","floor":39,"gold_loss":0},{"damage_healed":0,"gold_gain":0,"player_choice":"Upgrade","damage_taken":0,"relics_obtained":["Mark of the Bloom"],"max_hp_gain":0,"max_hp_loss":0,"event_name":"MindBloom","floor":45,"gold_loss":0,"cards_upgraded":["Zap","Dualcast","Leap","Ball Lightning","Cold Snap","Genetic Algorithm","Hello World","Coolheaded","Rip and Tear","Hyperbeam","Steam Power","Genetic Algorithm","Skim","Double Energy","Core Surge","Turbo","Stack","Reinforced Body","Biased Cognition","Tempest","Capacitor","Skim","Coolheaded","Creative AI","Capacitor","Coolheaded","Secret Weapon","Bandage Up","Seek"]}],"is_beta":false,"boss_relics":[{"not_picked":["Calling Bell","Runic Dome"],"picked":"Pandora\u0027s Box"},{"not_picked":["Coffee Dripper","Black Star"],"picked":"Cursed Key"}],"items_purged_floors":[13,46],"is_endless":false,"potions_floor_spawned":[3,7,10,14,16,20,21,23,30,40,44,48],"ascension_level":13}}