{"host":"2pkirg8lp2j2yw4c","time":1612998420,"event":{"mods":["AchievementEnabler","BaseMod","BetterRewards","Colored Map","Colored Powertips","Curses Come First","Googly Eyes","Hubris","Infinite Spire","Minty Spire (QoL Compilation)","Quick Restart","Reliquary","StSLib","slay the spire mod where everything is the same but ironclad has a cowboy hat"],"gold_per_floor":[129,159,212,262,262,315,350,64,64,64,64,64,64,163,163,293,356,390,400,600,634,221,256,111,111,159,217,217,275,314,353,353,484,484,497,530,530,863,917,947,947,979,979,1002,1042,1095,1107,1134,1146,1261,1273,1285,1295,1307,1319,465,465,465,465,492,515,597,597,633,653,653,750,750,767,767,767,767,766,785,785,795,795,832,859,859,881,863,863],"floor_reached":82,"language":"ENG","playtime":4289,"items_purged":["Strike_G","Injury"],"score":1539,"play_id":"340d0070-00df-43d5-8723-f17ee440ddd1","local_time":"20210210180700","is_ascension_mode":true,"campfire_choices":[{"data":"infinitespire:Fortify","floor":13,"key":"SMITH"},{"floor":15,"key":"REST"},{"data":"infinitespire:Execution","floor":28,"key":"SMITH"},{"floor":32,"key":"REST"},{"data":"Calculated Gamble","floor":32,"key":"SMITH"},{"floor":47,"key":"REST"},{"floor":47,"key":"RECALL"},{"floor":49,"key":"REST"},{"data":"Noxious Fumes","floor":49,"key":"SMITH"},{"data":"Secret Technique","floor":57,"key":"SMITH"},{"data":"Adrenaline","floor":59,"key":"SMITH"},{"data":"infinitespire:Collect","floor":63,"key":"SMITH"},{"data":"Noxious Fumes","floor":66,"key":"SMITH"},{"data":"infinitespire:FutureSight","floor":75,"key":"SMITH"}],"circlet_count":0,"master_deck":["Strike_G","Strike_G","Strike_G","Strike_G","Defend_G","Defend_G","Defend_G","Defend_G","Defend_G","Survivor+1","Neutralize","HandOfGreed","Noxious Fumes+1","Caltrops","Quick Slash","Backflip","Dodge and Roll","infinitespire:Fortify+1","Venomology","Well Laid Plans","Riddle With Holes","Noxious Fumes+1","Bane","infinitespire:Execution+1","infinitespire:Collect+1","Poisoned Stab","PiercingWail","Terror","Calculated Gamble+1","Acrobatics+1","Deadly Poison+1","Adrenaline+1","CurseOfTheBell","Secret Technique+1","Noxious Fumes","A Thousand Cuts+1","infinitespire:FutureSight+1","Blur+1"],"relics":["Ring of the Snake","hubris:GlazedTorus","reliquary:WeakTea","MealTicket","InkBottle","The Specimen","infinitespire:WardingShard","infinitespire:Joker Card","Tiny House","reliquary:PartyBalloon","Anchor","reliquary:NewFriend","Strange Spoon","Bag of Preparation","reliquary:RadioactivePellet","infinitespire:Magic Flask","Art of War","Busted Crown","Matryoshka","hubris:CuriousFeather","hubris:ToyBattleship","MawBank","Toy Ornithopter","Calling Bell","Tiny Chest","Meat on the Bone","reliquary:KillPill","hubris:Towel","Golden Idol","Medical Kit","hubris:MedicalManual","reliquary:FerryPass","infinitespire:Lucky Rock","hubris:SlimyHat","Gremlin Horn","reliquary:PrincelyHelmet","Runic Pyramid","reliquary:TridentHead","White Beast Statue","CaptainsWheel","reliquary:QuartzCube","Smiling Mask","reliquary:Knoch","HornCleat"],"acts_visited":["Exordium","TheCity","TheBeyond","Exordium","TheCity"],"potions_floor_usage":[6,19,21,21,23,23,27,30,31,33,35,35,40,46,50,73,82,82],"damage_taken":[{"damage":0.0,"enemies":"Jaw Worm","floor":1.0,"turns":2.0},{"damage":0.0,"enemies":"Cultist","floor":2.0,"turns":4.0},{"damage":0.0,"enemies":"2 Louse","floor":3.0,"turns":3.0},{"damage":1.0,"enemies":"Exordium Thugs","floor":4.0,"turns":5.0},{"damage":7,"enemies":"Gremlin Nob","floor":6,"turns":3},{"damage":0,"enemies":"Blue Slaver","floor":7,"turns":3},{"damage":21,"enemies":"3 Sentries","floor":14,"turns":7},{"damage":10,"enemies":"Hexaghost","floor":16,"turns":10},{"damage":7,"enemies":"Chosen","floor":18,"turns":7},{"damage":3,"enemies":"2 Thieves","floor":19,"turns":4},{"damage":0,"enemies":"Cultist and Chosen","floor":21,"turns":4},{"damage":14,"enemies":"Slavers","floor":23,"turns":6},{"damage":9,"enemies":"Book of Stabbing","floor":27,"turns":5},{"damage":23,"enemies":"Nightmare","floor":29,"turns":6},{"damage":23,"enemies":"Centurion and Healer","floor":30,"turns":6},{"damage":0,"enemies":"Snecko","floor":31,"turns":4},{"damage":22,"enemies":"Collector","floor":33,"turns":6},{"damage":0,"enemies":"3 Darklings","floor":35,"turns":5},{"damage":10,"enemies":"Orb Walker","floor":36,"turns":3},{"damage":8,"enemies":"Sphere and 2 Shapes","floor":39,"turns":4},{"damage":6,"enemies":"Giant Head","floor":40,"turns":6},{"damage":28,"enemies":"Nemesis","floor":42,"turns":9},{"damage":0,"enemies":"3 Darklings","floor":44,"turns":4},{"damage":38,"enemies":"Reptomancer","floor":45,"turns":6},{"damage":0,"enemies":"Maw","floor":46,"turns":5},{"damage":0,"enemies":"Transient","floor":48,"turns":5},{"damage":24,"enemies":"infinitespire:MassOfShapes","floor":50,"turns":5},{"damage":0,"enemies":"Cultist","floor":52,"turns":2},{"damage":0,"enemies":"Jaw Worm","floor":53,"turns":3},{"damage":0,"enemies":"2 Louse","floor":61,"turns":2},{"damage":0,"enemies":"3 Sentries","floor":64,"turns":4},{"damage":0,"enemies":"Exordium Thugs","floor":65,"turns":3},{"damage":10,"enemies":"The Guardian","floor":67,"turns":3},{"damage":2,"enemies":"2 Thieves","floor":69,"turns":3},{"damage":0,"enemies":"Chosen","floor":70,"turns":3},{"damage":0,"enemies":"Centurion and Healer","floor":73,"turns":3},{"damage":0,"enemies":"Book of Stabbing","floor":74,"turns":2},{"damage":0,"enemies":"Slavers","floor":76,"turns":3},{"damage":0,"enemies":"Gremlin Leader","floor":78,"turns":3},{"damage":0,"enemies":"Shelled Parasite and Fungi","floor":81,"turns":1},{"damage":81,"enemies":"Nightmare","floor":82,"turns":4}],"seed_played":"7323848699160490539","potions_obtained":[{"floor":2.0,"key":"Strength Potion"},{"floor":14,"key":"Weak Potion"},{"floor":17,"key":"Dexterity Potion"},{"floor":23,"key":"Energy Potion"},{"floor":29,"key":"Weak Potion"},{"floor":31,"key":"DuplicationPotion"},{"floor":44,"key":"Energy Potion"},{"floor":50,"key":"Weak Potion"}],"is_trial":false,"path_per_floor":["M","M","M","M","?","E","M","$","T","?","$","?","R","E","R","B",null,"M","M","?","M","$","E","$","AVR","T","E","R","NM","M","M","R","B",null,"M","M","?","?","M","E","AVR","E","T","M","E","M","R","M","R","B",null,"M","M","?","?","$","R","?","R","T","M","T","R","E","M","R","B",null,"M","M","?","?","M","E","R","E","T","E","T","AVR","M","NM"],"character_chosen":"THE_SILENT","items_purchased":["HandOfGreed","reliquary:WeakTea","MealTicket","Noxious Fumes","The Specimen","Bane","reliquary:PartyBalloon","Anchor","Strange Spoon","Medical Kit","hubris:MedicalManual","Secret Technique","reliquary:FerryPass","Fruit Juice"],"campfire_rested":4,"item_purchase_floors":[0,0,0,0,8,22,22,22,24,56,56,56,56,56],"current_hp_per_floor":[38,38,38,37,37,30,30,45,45,27,42,42,42,21,42,32,75,68,65,65,65,75,61,75,75,75,66,66,43,20,20,42,20,75,75,65,65,65,57,51,51,23,23,23,21,26,47,47,68,47,71,71,71,71,54,69,69,69,69,69,69,69,69,69,69,69,59,71,69,69,69,69,71,71,71,71,71,71,71,71,71,0,0],"gold":863,"neow_bonus":"","is_daily":false,"chose_seed":false,"campfire_upgraded":9,"win_rate":0.0,"timestamp":1612998420,"path_taken":["M","M","M","M","?","E","M","$","T","?","$","?","R","E","R","BOSS","M","M","?","M","$","E","?","AVR","T","E","R","NM","M","M","R","BOSS","M","M","?","?","M","E","AVR","E","T","M","E","M","R","M","R","BOSS","M","M","?","?","$","R","?","R","T","M","?","R","E","M","R","BOSS","M","M","?","?","?","E","R","E","T","E","?","AVR","M","NM"],"items_purchased_type":["Card","Relic","Relic","Card","Relic","Card","Relic","Relic","Relic","Relic","Relic","Card","Relic","Potion"],"build_version":"2020-12-22","purchased_purges":2,"victory":false,"max_hp_per_floor":[70,70,70,70,70,70,70,70,70,70,70,70,70,70,70,70,75,75,75,75,75,75,75,75,75,75,75,75,75,75,75,75,75,75,75,75,71,71,71,71,71,71,71,71,71,71,71,71,71,71,71,71,71,71,71,71,71,71,71,71,71,71,71,71,71,71,71,71,71,71,71,71,71,71,71,71,71,71,71,71,71,76,76],"card_choices":[{"not_picked":["Sucker Punch","Crippling Poison"],"picked":"Caltrops","floor":1.0},{"not_picked":["hubris:SlightOfHand","Dagger Spray"],"picked":"Quick Slash","floor":2.0},{"not_picked":["Quick Slash","Deflect","Slice"],"picked":"SKIP","floor":3.0},{"not_picked":["Quick Slash","Deflect"],"picked":"Backflip","floor":4.0},{"not_picked":["Finisher","hubris:Counter","Dagger Throw"],"picked":"SKIP","floor":6},{"not_picked":["Flying Knee","hubris:Sniper"],"picked":"Dodge and Roll","floor":7},{"not_picked":["infinitespire:Gouge","hubris:Rewind"],"picked":"infinitespire:Fortify","floor":10},{"not_picked":["Poisoned Stab","Sucker Punch","Reflex"],"picked":"SKIP","floor":14},{"not_picked":["Doppelganger","Grand Finale"],"picked":"Venomology","floor":16},{"not_picked":["Cloak And Dagger","Dagger Throw"],"picked":"Well Laid Plans","floor":18},{"not_picked":["Poisoned Stab","Accuracy"],"picked":"Riddle With Holes","floor":19},{"not_picked":["Outmaneuver","Deflect+1"],"picked":"Noxious Fumes","floor":21},{"not_picked":["Terror","Tactician+1","Venomology"],"picked":"SKIP","floor":23},{"not_picked":["Terror","Tactician+1","Venomology"],"picked":"SKIP","floor":23},{"not_picked":["Caltrops","Slice"],"picked":"Poisoned Stab","floor":27},{"not_picked":["Cloak And Dagger+1","Quick Slash+1"],"picked":"PiercingWail","floor":29},{"not_picked":["PiercingWail","Quick Slash+1"],"picked":"Terror","floor":30},{"not_picked":["Backflip","Tactician"],"picked":"Calculated Gamble","floor":31},{"not_picked":["Accuracy+1"],"picked":"SKIP","floor":35},{"not_picked":[],"picked":"Prepared","floor":36},{"not_picked":["Quick Slash"],"picked":"SKIP","floor":39},{"not_picked":[],"picked":"Acrobatics+1","floor":40},{"not_picked":["Flying Knee+1"],"picked":"SKIP","floor":42},{"not_picked":["Eviscerate"],"picked":"SKIP","floor":44},{"not_picked":["Cloak And Dagger"],"picked":"SKIP","floor":45},{"not_picked":["Dagger Throw+1"],"picked":"SKIP","floor":46},{"not_picked":[],"picked":"Deadly Poison+1","floor":48},{"not_picked":[],"picked":"Adrenaline","floor":50},{"not_picked":["Backstab"],"picked":"SKIP","floor":52},{"not_picked":["Poisoned Stab"],"picked":"SKIP","floor":53},{"not_picked":["PiercingWail"],"picked":"SKIP","floor":61},{"not_picked":[],"picked":"Noxious Fumes","floor":64},{"not_picked":["Masterful Stab"],"picked":"SKIP","floor":65},{"not_picked":[],"picked":"A Thousand Cuts","floor":67},{"not_picked":["infinitespire:Oblivion","hubris:Rewind"],"picked":"infinitespire:FutureSight","floor":68},{"not_picked":["Prepared+1"],"picked":"SKIP","floor":69},{"not_picked":["Cloak And Dagger"],"picked":"SKIP","floor":70},{"not_picked":["Flying Knee"],"picked":"SKIP","floor":73},{"not_picked":["Eviscerate+1"],"picked":"SKIP","floor":74},{"not_picked":[],"picked":"Blur+1","floor":76},{"not_picked":["hubris:SlightOfHand"],"picked":"SKIP","floor":78},{"not_picked":["Poisoned Stab"],"picked":"SKIP","floor":81},{"not_picked":["Poisoned Stab"],"picked":"SKIP","floor":81}],"player_experience":158227,"relics_obtained":[{"floor":6,"key":"InkBottle"},{"floor":9,"key":"infinitespire:WardingShard"},{"floor":14,"key":"infinitespire:Joker Card"},{"floor":23,"key":"reliquary:NewFriend"},{"floor":26,"key":"reliquary:RadioactivePellet"},{"floor":27,"key":"infinitespire:Magic Flask"},{"floor":29,"key":"Art of War"},{"floor":40,"key":"Matryoshka"},{"floor":42,"key":"hubris:ToyBattleship"},{"floor":43,"key":"MawBank"},{"floor":45,"key":"Toy Ornithopter"},{"floor":51,"key":"Tiny Chest"},{"floor":51,"key":"Meat on the Bone"},{"floor":51,"key":"reliquary:KillPill"},{"floor":60,"key":"infinitespire:Lucky Rock"},{"floor":60,"key":"hubris:SlimyHat"},{"floor":62,"key":"Gremlin Horn"},{"floor":64,"key":"reliquary:PrincelyHelmet"},{"floor":74,"key":"White Beast Statue"},{"floor":76,"key":"CaptainsWheel"},{"floor":77,"key":"reliquary:QuartzCube"},{"floor":78,"key":"Smiling Mask"},{"floor":79,"key":"reliquary:Knoch"}],"event_choices":[{"damage_healed":0,"gold_gain":0,"player_choice":"Take Wound","damage_taken":0,"relics_obtained":["Golden Idol"],"max_hp_gain":0,"max_hp_loss":0,"event_name":"Golden Idol","floor":12,"gold_loss":0,"cards_obtained":["Injury"]},{"damage_healed":0,"gold_gain":250,"player_choice":"Bet on Owner","damage_taken":0,"max_hp_gain":0,"max_hp_loss":0,"event_name":"The Joust","floor":20,"gold_loss":50},{"damage_healed":0,"gold_gain":0,"player_choice":"Max HP","damage_taken":0,"max_hp_gain":0,"max_hp_loss":4,"event_name":"Winding Halls","floor":37,"gold_loss":0},{"damage_healed":0,"gold_gain":333,"player_choice":"Gave Idol","damage_taken":0,"max_hp_gain":0,"max_hp_loss":0,"event_name":"The Moai Head","floor":38,"relics_lost":["Golden Idol"],"gold_loss":0},{"damage_healed":0,"gold_gain":0,"player_choice":"Take Damage","damage_taken":17,"relics_obtained":["Golden Idol"],"max_hp_gain":0,"max_hp_loss":0,"event_name":"Golden Idol","floor":55,"gold_loss":0},{"cards_removed":["HandOfGreed"],"damage_healed":0,"gold_gain":0,"player_choice":"Purged","damage_taken":0,"max_hp_gain":0,"max_hp_loss":0,"event_name":"Purifier","floor":58,"gold_loss":0},{"cards_removed":["Prepared"],"damage_healed":0,"gold_gain":0,"player_choice":"Gave Card","damage_taken":0,"relics_obtained":["reliquary:TridentHead"],"max_hp_gain":0,"max_hp_loss":0,"event_name":"WeMeetAgain","floor":72,"gold_loss":0}],"is_beta":false,"boss_relics":[{"not_picked":["Coffee Dripper","infinitespire:Cupcake"],"picked":"Tiny House"},{"not_picked":["reliquary:WritOfMandamus","hubris:CrackedHourglass"],"picked":"Busted Crown"},{"not_picked":["HoveringKite","hubris:BlackHole"],"picked":"Calling Bell"},{"not_picked":["Velvet Choker","reliquary:Craggleroot"],"picked":"Runic Pyramid"}],"items_purged_floors":[0,22],"is_endless":true,"potions_floor_spawned":[2,14,19,23,29,31,36,42,44,50,61,64,65,70,74,76,78,81],"killed_by":"Nightmare","ascension_level":1}}