{"host":"9bcvatsnbq1a3xq4","time":1612972822,"event":{"mods":["BaseMod","Bestiary","Block Reminder","Highlight Path","Minty Spire (QoL Compilation)","Relic Stats"],"gold_per_floor":[361,361,32,49,60,60,74,74,74,99,99,115,128,154,154,228,228,242,242,167,187,187,222,239,251,276,303,314,349,3,32,32,104,104,115,115,115,140,153,153,188,208,235,235,251,286,306,107,107,107,107,107],"floor_reached":51,"language":"ENG","playtime":5020,"items_purged":["Strike_B","Strike_B","Strike_B"],"score":1819,"play_id":"b852aab2-79c5-43b0-adbc-2d9d65c3df75","local_time":"20210210170022","is_ascension_mode":true,"campfire_choices":[{"data":"Apotheosis","floor":6.0,"key":"SMITH"},{"data":"Chill","floor":8.0,"key":"SMITH"},{"data":"Creative AI","floor":11.0,"key":"SMITH"},{"data":"Capacitor","floor":15.0,"key":"SMITH"},{"data":"Defragment","floor":32,"key":"SMITH"},{"data":"Ghostly","floor":40,"key":"SMITH"},{"floor":49,"key":"RECALL"}],"circlet_count":0,"master_deck":["AscendersBane","Defend_B","Defend_B","Defend_B","Zap","Dualcast","Clumsy","Beam Cell+1","Apotheosis+1","Sweeping Beam","Creative AI+1","Streamline","Chill+1","Doom and Gloom","Electrodynamics","Capacitor+1","White Noise","Amplify","RitualDagger","Cold Snap","Ghostly+1","Ghostly+1","Ghostly","Heatsinks","Core Surge","Defragment+1","Steam Power","Loop","Fission","Echo Form","Hologram","Hologram","Glacier","Rainbow"],"relics":["Cracked Core","Eternal Feather","CaptainsWheel","Oddly Smooth Stone","Nuclear Battery","Gremlin Horn","Bag of Marbles","DataDisk","Ancient Tea Set","OrangePellets","InkBottle","Busted Crown","Thread and Needle","Anchor","Sundial"],"acts_visited":["Exordium","TheCity","TheBeyond"],"potions_floor_usage":[18,18,23,27,29,29],"damage_taken":[{"damage":9.0,"enemies":"Small Slimes","floor":1.0,"turns":3.0},{"damage":0.0,"enemies":"Cultist","floor":4.0,"turns":3.0},{"damage":0.0,"enemies":"2 Louse","floor":5.0,"turns":3.0},{"damage":6.0,"enemies":"Exordium Wildlife","floor":7.0,"turns":3.0},{"damage":4.0,"enemies":"3 Sentries","floor":10.0,"turns":6.0},{"damage":8.0,"enemies":"2 Fungi Beasts","floor":12.0,"turns":3.0},{"damage":10.0,"enemies":"Large Slime","floor":13.0,"turns":4.0},{"damage":9.0,"enemies":"Gremlin Nob","floor":14.0,"turns":4.0},{"damage":23.0,"enemies":"Hexaghost","floor":16.0,"turns":7.0},{"damage":10,"enemies":"Shell Parasite","floor":18,"turns":4},{"damage":9,"enemies":"2 Thieves","floor":21,"turns":4},{"damage":4,"enemies":"Book of Stabbing","floor":23,"turns":6},{"damage":4,"enemies":"3 Cultists","floor":24,"turns":5},{"damage":0,"enemies":"Snecko","floor":25,"turns":7},{"damage":0,"enemies":"Slavers","floor":27,"turns":5},{"damage":8,"enemies":"Centurion and Healer","floor":28,"turns":9},{"damage":5,"enemies":"Book of Stabbing","floor":29,"turns":5},{"damage":3,"enemies":"Gremlin Leader","floor":31,"turns":7},{"damage":1,"enemies":"Collector","floor":33,"turns":8},{"damage":0,"enemies":"3 Shapes","floor":35,"turns":2},{"damage":18,"enemies":"Mind Bloom Boss Battle","floor":38,"turns":6},{"damage":1,"enemies":"3 Darklings","floor":39,"turns":4},{"damage":0,"enemies":"Giant Head","floor":41,"turns":8},{"damage":0,"enemies":"Maw","floor":42,"turns":8},{"damage":0,"enemies":"Sphere and 2 Shapes","floor":45,"turns":1},{"damage":0,"enemies":"Nemesis","floor":46,"turns":7},{"damage":0,"enemies":"3 Darklings","floor":47,"turns":4},{"damage":0,"enemies":"Donu and Deca","floor":50,"turns":13},{"damage":39,"enemies":"Awakened One","floor":51,"turns":8}],"seed_played":"7589966475780613579","potions_obtained":[{"floor":4.0,"key":"BlessingOfTheForge"},{"floor":7.0,"key":"Explosive Potion"},{"floor":13.0,"key":"AttackPotion"},{"floor":16.0,"key":"ColorlessPotion"},{"floor":18,"key":"Weak Potion"},{"floor":24,"key":"FocusPotion"},{"floor":25,"key":"Fire Potion"},{"floor":28,"key":"PowerPotion"},{"floor":39,"key":"Regen Potion"},{"floor":45,"key":"Fire Potion"}],"is_trial":false,"path_per_floor":["M","?","$","M","M","R","M","R","T","E","R","M","M","E","R","B",null,"M","?","?","M","?","E","M","M","T","E","M","E","$","E","R","B",null,"M","?","?","?","M","R","E","M","T","?","M","E","M","$","R","B","B"],"character_chosen":"DEFECT","items_purchased":["Apotheosis","Sweeping Beam","OrangePellets","Loop","Rainbow"],"campfire_rested":0,"item_purchase_floors":[3,3,30,30,48],"current_hp_per_floor":[55,55,55,55,55,55,49,49,49,45,54,46,36,27,39,16,57,47,41,41,32,32,28,24,24,24,24,16,11,11,8,26,25,33,33,33,33,15,14,32,32,32,32,32,32,32,32,32,33,33,0,0],"gold":107,"neow_bonus":"TWO_FIFTY_GOLD","is_daily":false,"chose_seed":false,"campfire_upgraded":6,"win_rate":0.0,"timestamp":1612972822,"path_taken":["M","?","$","M","M","R","?","R","T","E","R","M","M","E","R","BOSS","M","?","?","M","?","E","M","M","T","E","M","E","$","E","R","BOSS","M","?","?","?","M","R","E","M","T","?","?","E","M","$","R","BOSS","BOSS"],"items_purchased_type":["Card","Card","Relic","Card","Card"],"build_version":"2020-12-22","purchased_purges":3,"victory":false,"max_hp_per_floor":[71,71,71,71,71,71,71,71,71,71,71,71,71,71,71,71,71,71,71,71,71,35,35,35,35,35,35,35,35,35,35,35,35,35,35,33,33,33,33,33,33,33,33,33,33,33,33,33,33,33,33,33],"relic_stats":{"OrangePellets":[9],"Busted Crown":16,"Gremlin Horn":[22,23],"counters":[29,157],"Sundial":[4],"Eternal Feather":58,"obtain_stats":[{"Gremlin Horn":23,"Oddly Smooth Stone":14,"Eternal Feather":9,"Thread and Needle":38,"Ancient Tea Set":29,"Nuclear Battery":17,"OrangePellets":30,"CaptainsWheel":10,"DataDisk":27,"Anchor":41,"Busted Crown":34,"Sundial":46,"Bag of Marbles":26,"Cracked Core":0,"InkBottle":31},{"Gremlin Horn":12,"Oddly Smooth Stone":8,"Eternal Feather":4,"Thread and Needle":21,"Ancient Tea Set":17,"Nuclear Battery":9,"OrangePellets":17,"CaptainsWheel":5,"DataDisk":15,"Anchor":23,"Busted Crown":19,"Sundial":26,"Bag of Marbles":14,"Cracked Core":0,"InkBottle":18},{"Gremlin Horn":50,"Oddly Smooth Stone":29,"Eternal Feather":12,"Thread and Needle":104,"Ancient Tea Set":81,"Nuclear Battery":36,"OrangePellets":81,"CaptainsWheel":18,"DataDisk":67,"Anchor":116,"Busted Crown":96,"Sundial":132,"Bag of Marbles":62,"Cracked Core":0,"InkBottle":88}],"InkBottle":[35]},"card_choices":[{"not_picked":["Chill","Barrage"],"picked":"Beam Cell","floor":1.0},{"not_picked":["Stack","Redo"],"picked":"Creative AI","floor":4.0},{"not_picked":["Scrape","Gash"],"picked":"Streamline","floor":5.0},{"not_picked":["Skim","Turbo"],"picked":"Chill","floor":7.0},{"not_picked":["Barrage","Redo"],"picked":"Doom and Gloom","floor":10.0},{"not_picked":["Go for the Eyes","Gash"],"picked":"Electrodynamics","floor":12.0},{"not_picked":["Rebound","Cold Snap"],"picked":"Capacitor","floor":13.0},{"not_picked":["Streamline","Sweeping Beam"],"picked":"White Noise","floor":14.0},{"not_picked":["Multi-Cast","Electrodynamics"],"picked":"Amplify","floor":16.0},{"not_picked":["Redo","Streamline+1","Beam Cell"],"picked":"SKIP","floor":18},{"not_picked":["Static Discharge","Ball Lightning"],"picked":"Cold Snap","floor":21},{"not_picked":["Stack+1","Beam Cell"],"picked":"Heatsinks","floor":23},{"not_picked":["Gash","Rebound"],"picked":"Core Surge","floor":24},{"not_picked":["Redo","Conserve Battery"],"picked":"Defragment","floor":25},{"not_picked":["Creative AI","Conserve Battery","Self Repair"],"picked":"SKIP","floor":27},{"not_picked":["Conserve Battery+1","Ball Lightning"],"picked":"Steam Power","floor":28},{"not_picked":["Streamline","Conserve Battery","Scrape"],"picked":"SKIP","floor":29},{"not_picked":["White Noise","Scrape"],"picked":"Fission","floor":31},{"not_picked":["Creative AI","Multi-Cast"],"picked":"Echo Form","floor":33},{"not_picked":["Sweeping Beam"],"picked":"SKIP","floor":35},{"not_picked":[],"picked":"Hologram","floor":38},{"not_picked":[],"picked":"Hologram","floor":39},{"not_picked":["Beam Cell"],"picked":"SKIP","floor":41},{"not_picked":["Hologram+1"],"picked":"SKIP","floor":42},{"not_picked":[],"picked":"Glacier","floor":45},{"not_picked":["Sweeping Beam+1"],"picked":"SKIP","floor":46},{"not_picked":["FTL+1"],"picked":"SKIP","floor":47}],"player_experience":823059,"relics_obtained":[{"floor":9.0,"key":"Eternal Feather"},{"floor":10.0,"key":"CaptainsWheel"},{"floor":14.0,"key":"Oddly Smooth Stone"},{"floor":23,"key":"Gremlin Horn"},{"floor":26,"key":"Bag of Marbles"},{"floor":27,"key":"DataDisk"},{"floor":29,"key":"Ancient Tea Set"},{"floor":31,"key":"InkBottle"},{"floor":38,"key":"Thread and Needle"},{"floor":41,"key":"Anchor"},{"floor":46,"key":"Sundial"}],"event_choices":[{"damage_healed":0.0,"max_hp_gain":0.0,"max_hp_loss":0.0,"gold_gain":0.0,"event_name":"Upgrade Shrine","player_choice":"Upgraded","floor":2.0,"gold_loss":0.0,"damage_taken":0.0,"cards_upgraded":["Beam Cell"]},{"damage_healed":0,"gold_gain":0,"player_choice":"Joined the Cult","damage_taken":6,"max_hp_gain":0,"max_hp_loss":0,"event_name":"Nest","floor":19,"gold_loss":0,"cards_obtained":["RitualDagger"]},{"cards_removed":["Strike_B"],"damage_healed":0,"gold_gain":0,"player_choice":"Gave Gold","damage_taken":0,"max_hp_gain":0,"max_hp_loss":0,"event_name":"Beggar","floor":20,"gold_loss":75},{"damage_healed":0,"gold_gain":0,"player_choice":"Became a Ghost","damage_taken":0,"max_hp_gain":0,"max_hp_loss":36,"event_name":"Ghosts","floor":22,"gold_loss":0,"cards_obtained":["Ghostly","Ghostly","Ghostly"]},{"damage_healed":0,"gold_gain":0,"player_choice":"Max HP","damage_taken":0,"max_hp_gain":0,"max_hp_loss":2,"event_name":"Winding Halls","floor":36,"gold_loss":0},{"cards_removed":["Defend_B"],"damage_healed":0,"gold_gain":0,"player_choice":"Removed Skill","damage_taken":0,"max_hp_gain":0,"max_hp_loss":0,"event_name":"Falling","floor":37,"gold_loss":0},{"damage_healed":0,"gold_gain":0,"player_choice":"Fight","damage_taken":0,"max_hp_gain":0,"max_hp_loss":0,"event_name":"MindBloom","floor":38,"gold_loss":0},{"damage_healed":0,"gold_gain":0,"player_choice":"Upgraded","damage_taken":0,"max_hp_gain":0,"max_hp_loss":0,"event_name":"Upgrade Shrine","floor":44,"gold_loss":0,"cards_upgraded":["Ghostly"]}],"is_beta":false,"boss_relics":[{"not_picked":["Velvet Choker","Tiny House"],"picked":"Nuclear Battery"},{"not_picked":["Runic Pyramid","FrozenCore"],"picked":"Busted Crown"}],"items_purged_floors":[3,30,48],"is_endless":false,"potions_floor_spawned":[4,7,13,16,18,24,25,28,39,45,47],"killed_by":"Awakened One","ascension_level":20}}