{"host":"c97twqu0op5dg8i4","time":1612986058,"event":{"mods":["AchievementEnabler","BaseMod","Colored Map","Minty Spire (QoL Compilation)","Permanent Neow"],"gold_per_floor":[361,135,145,155,55,85,102,102,102,102,102,102,130,130,130,130,130],"floor_reached":16,"language":"ENG","playtime":335,"items_purged":["Regret","Strike_R"],"score":167,"play_id":"43e8682f-091a-4586-b798-1634458923ca","local_time":"20210210144058","is_ascension_mode":true,"campfire_choices":[{"floor":8.0,"key":"REST"},{"data":"Combust","floor":10.0,"key":"SMITH"},{"data":"Bash","floor":12.0,"key":"SMITH"},{"floor":15.0,"key":"REST"}],"circlet_count":0,"master_deck":["AscendersBane","Strike_R","Strike_R","Strike_R","Strike_R","Defend_R","Defend_R","Defend_R","Defend_R","Bash+1","Pommel Strike","Cleave","Combust+1","Rampage"],"relics":["Burning Blood","Oddly Smooth Stone","The Courier","Mummified Hand","Ancient Tea Set"],"acts_visited":["Exordium"],"potions_floor_usage":[],"damage_taken":[{"damage":17.0,"enemies":"Small Slimes","floor":1.0,"turns":3.0},{"damage":7.0,"enemies":"2 Louse","floor":3.0,"turns":3.0},{"damage":0.0,"enemies":"Cultist","floor":4.0,"turns":3.0},{"damage":36.0,"enemies":"3 Sentries","floor":6.0,"turns":10.0},{"damage":28.0,"enemies":"Exordium Thugs","floor":7.0,"turns":4.0},{"damage":37.0,"enemies":"Lagavulin","floor":13.0,"turns":5.0},{"damage":0,"enemies":"The Guardian","floor":16,"turns":1}],"seed_played":"-5615621571161109418","potions_obtained":[{"floor":1.0,"key":"GamblersBrew"},{"floor":4.0,"key":"BloodPotion"},{"floor":14.0,"key":"Fruit Juice"},{"floor":14.0,"key":"Swift Potion"}],"is_trial":false,"path_per_floor":["M","$","M","M","$","E","M","R","T","R","?","R","E","?","R","B"],"character_chosen":"IRONCLAD","items_purchased":["Oddly Smooth Stone"],"campfire_rested":2,"item_purchase_floors":[2],"current_hp_per_floor":[61,61,60,66,66,36,30,54,54,54,59,59,28,33,60,60,60],"gold":130,"neow_bonus":"TWO_FIFTY_GOLD","is_daily":false,"chose_seed":false,"campfire_upgraded":2,"win_rate":0.0,"timestamp":1612986058,"path_taken":["M","$","M","M","$","E","M","R","T","R","?","R","E","?","R","BOSS"],"items_purchased_type":["Relic"],"build_version":"2020-12-22","purchased_purges":2,"victory":false,"max_hp_per_floor":[80,80,80,80,80,80,80,80,80,80,85,85,85,90,90,90,90],"card_choices":[{"not_picked":["Havoc","Thunderclap"],"picked":"Pommel Strike","floor":1.0},{"not_picked":["Heavy Blade","Rupture"],"picked":"Cleave","floor":3.0},{"not_picked":["Clash","Sentinel","Pommel Strike"],"picked":"SKIP","floor":4.0},{"not_picked":["Sword Boomerang","Twin Strike"],"picked":"Combust","floor":6.0},{"not_picked":["Bloodletting","Pommel Strike","Twin Strike"],"picked":"SKIP","floor":7.0},{"not_picked":["Reckless Charge","Blood for Blood"],"picked":"Rampage","floor":13.0}],"player_experience":365105,"relics_obtained":[{"floor":6.0,"key":"The Courier"},{"floor":9.0,"key":"Mummified Hand"},{"floor":13.0,"key":"Ancient Tea Set"}],"event_choices":[{"damage_healed":0.0,"max_hp_gain":5.0,"max_hp_loss":0.0,"gold_gain":0.0,"event_name":"Big Fish","player_choice":"Donut","floor":11.0,"gold_loss":0.0,"damage_taken":0.0},{"damage_healed":0.0,"max_hp_gain":0.0,"max_hp_loss":0.0,"gold_gain":0.0,"event_name":"Lab","player_choice":"Got Potions","floor":14.0,"gold_loss":0.0,"damage_taken":0.0}],"is_beta":false,"boss_relics":[],"items_purged_floors":[2,5],"is_endless":false,"potions_floor_spawned":[1,4,6],"killed_by":"The Guardian","ascension_level":11}}