{"host":"av29givzkpzpqtbm","time":1612928617,"event":{"mods":["Aspiration","BaseMod","CapriCore","Luminous","Minty Spire (QoL Compilation)","MostiFishMod","Quick Restart","Relic Filter Mod","Replay The Spire","Robot Space Explorer","Spicy Shops","StSLib","TestMod","óô»ðÖ¸ÄÏ"],"gold_per_floor":[110,285,300,313,313,313,313],"floor_reached":6,"language":"ZHS","playtime":277,"items_purged":[],"score":52,"play_id":"a5bb808b-cf7c-4871-b32d-fb190b548dcc","local_time":"20210210114337","is_ascension_mode":true,"campfire_choices":[],"circlet_count":0,"master_deck":["Luminous:Light_Flash_Shower","Luminous:Light_Flash_Shower","Luminous:Light_Flash_Shower","Luminous:Dark_Abyssal_Drop","Luminous:Dark_Abyssal_Drop","Luminous:Dark_Abyssal_Drop","Luminous:Defend_Luminous","Luminous:Defend_Luminous","Luminous:Defend_Luminous","Luminous:Switch_Luminous","MostiFishMod:SephirahHod","Doubt","Luminous:Dark_Extract+1"],"relics":["Luminous:MirrorRelic","DaveBox","testmod-TestBox","MostiFishMod:Hod","testmod-TimeTraveler","SynthV:TestCard"],"acts_visited":["Exordium"],"potions_floor_usage":[],"damage_taken":[{"damage":3.0,"enemies":"Small Slimes","floor":1.0,"turns":2.0},{"damage":2.0,"enemies":"2 Louse","floor":3.0,"turns":3.0},{"damage":5.0,"enemies":"Cultist","floor":4.0,"turns":4.0},{"damage":58,"enemies":"Lagavulin","floor":6,"turns":6}],"seed_played":"-605114668110550252","potions_obtained":[{"floor":1.0,"key":"SpeedPotion"}],"is_trial":false,"path_per_floor":["M","?","M","M","?","E"],"character_chosen":"LuminousClass","items_purchased":[],"campfire_rested":0,"item_purchase_floors":[],"current_hp_per_floor":[65,65,63,58,58,0,0],"gold":313,"neow_bonus":"REMOVE_CARD","is_daily":false,"chose_seed":false,"campfire_upgraded":0,"win_rate":0.0,"timestamp":1612928617,"path_taken":["M","?","M","M","?","E"],"items_purchased_type":[],"build_version":"2020-12-22","purchased_purges":0,"victory":false,"max_hp_per_floor":[75,75,75,75,75,75,75],"card_choices":[{"not_picked":["Luminous:Blinding_Pillar_Luminous","Luminous:Concentrate_Luminous"],"picked":"Luminous:Mana_Well_Luminous","floor":1.0},{"not_picked":["Luminous:Sympathy_Luminous","Luminous:Light_Wash_Luminous","Luminous:Light_Gather","Luminous:Dark_Morning_Star","Luminous:Blinding_Pillar_Luminous"],"picked":"SKIP","floor":3.0},{"not_picked":["Luminous:Concentrate_Luminous","Luminous:Blinding_Pillar_Luminous","Luminous:Light_Sylvan_Lance","Luminous:Light_Glare","Luminous:Balance_Death_Scythe"],"picked":"SKIP","floor":4.0}],"player_experience":352299,"relics_obtained":[{"floor":1.0,"key":"SynthV:TestCard"}],"event_choices":[{"damage_healed":0.0,"max_hp_gain":0.0,"max_hp_loss":0.0,"gold_gain":175.0,"event_name":"Liars Game","player_choice":"AGREE","floor":2.0,"gold_loss":0.0,"damage_taken":0.0,"cards_obtained":["Doubt"]}],"is_beta":false,"boss_relics":[],"items_purged_floors":[],"is_endless":false,"potions_floor_spawned":[1],"killed_by":"Lagavulin","ascension_level":9}}