{"host":"coame8l8goqx0svj","time":1612954414,"event":{"mods":["BaseMod","Downfall","Minty Spire (QoL Compilation)","StSLib"],"gold_per_floor":[99,99,274,338,338,338,338,338,238,266,266,281,281,298,315,315,315,315],"floor_reached":16,"language":"ENG","playtime":782,"items_purged":[],"score":127,"play_id":"4623493c-1bb2-4b99-b908-65a2cb0516fc","local_time":"20210210115334","is_ascension_mode":true,"campfire_choices":[{"data":"bronze:Replicate","floor":1,"key":"SMITH"},{"data":"bronze:Goto","floor":9,"key":"SMITH"},{"floor":11,"key":"REST"},{"data":"bronze:ClassDefault","floor":13,"key":"SMITH"}],"circlet_count":0,"master_deck":["bronze:Strike","bronze:Strike","bronze:Strike","bronze:Strike","bronze:Defend","bronze:Defend","bronze:Defend","bronze:Defend","bronze:Replicate+1","bronze:Goto+1","bronze:Safeguard","Doubt","bronze:Backtrace","bronze:ClassDefault+1","bronze:BurnOut","bronze:BuggyMess","bronze:ChildClass"],"relics":["bronze:BronzeCore","downfall:HeartsMalice","Akabeko","downfall:HeartBlessingBlue","Ornamental Fan"],"acts_visited":["Exordium"],"potions_floor_usage":[8,8,15,15,16],"damage_taken":[{"damage":0,"enemies":"Jaw Worm","floor":2,"turns":1},{"damage":0,"enemies":"3 Sentries","floor":4,"turns":1},{"damage":0,"enemies":"Small Slimes","floor":6,"turns":1},{"damage":20,"enemies":"Lagavulin","floor":8,"turns":6},{"damage":25,"enemies":"3 Sentries","floor":10,"turns":12},{"damage":4,"enemies":"Cultist","floor":12,"turns":4},{"damage":4,"enemies":"2 Fungi Beasts","floor":14,"turns":4},{"damage":12,"enemies":"Large Slime","floor":15,"turns":7},{"damage":54,"enemies":"SI_SHIV_ARCHETYPE","floor":16,"turns":9}],"seed_played":"-7939130124016873608","potions_obtained":[{"floor":5,"key":"Swift Potion"},{"floor":5,"key":"FearPotion"},{"floor":5,"key":"SmokeBomb"},{"floor":14,"key":"Regen Potion"},{"floor":15,"key":"Strength Potion"}],"is_trial":false,"path_per_floor":["R","M","?","?","?","M","T","E","R","E","R","M","R","M","M","B"],"character_chosen":"THE_AUTOMATON","items_purchased":[],"campfire_rested":1,"item_purchase_floors":[],"current_hp_per_floor":[70,70,70,70,70,70,70,50,60,35,59,55,55,51,54,0,0,0],"gold":315,"neow_bonus":"THREE_ENEMY_KILL","is_daily":false,"chose_seed":false,"campfire_upgraded":3,"win_rate":0.0,"timestamp":1612954414,"path_taken":["R","M","?","?","?","M","T","E","R","E","R","M","R","?","M","BOSS"],"items_purchased_type":[],"build_version":"2020-12-22","purchased_purges":0,"victory":false,"max_hp_per_floor":[70,70,70,70,70,70,70,70,80,80,80,80,80,80,80,80,80,80],"card_choices":[{"not_picked":["bronze:Separator","bronze:Branch"],"picked":"bronze:Safeguard","floor":2},{"not_picked":["bronze:ForLoop","bronze:WhirlingStrike"],"picked":"bronze:Backtrace","floor":6},{"not_picked":["bronze:BuggyMess","bronze:CutThrough"],"picked":"bronze:ClassDefault","floor":10},{"not_picked":["bronze:WildBeam","bronze:DelayedSlice"],"picked":"bronze:BurnOut","floor":12},{"not_picked":["bronze:Flail","bronze:GetLatest"],"picked":"bronze:BuggyMess","floor":14},{"not_picked":["bronze:Separator","bronze:BitShift"],"picked":"bronze:ChildClass","floor":15}],"player_experience":1781597,"relics_obtained":[{"floor":4,"key":"Akabeko"},{"floor":10,"key":"Ornamental Fan"}],"event_choices":[{"damage_healed":0,"gold_gain":0,"player_choice":"Got Potions","damage_taken":0,"max_hp_gain":0,"max_hp_loss":0,"event_name":"Lab","floor":5,"gold_loss":0}],"is_beta":false,"boss_relics":[],"items_purged_floors":[],"is_endless":false,"potions_floor_spawned":[8,14,15],"killed_by":"SI_SHIV_ARCHETYPE","ascension_level":4}}