{"host":"5uuadjc5gi6cs0xs","time":1612966852,"event":{"mods":["2.2 Compatiblity","Abigail Mod","AchievementEnabler","Act Like it!","BaseMod","BetterRewards","Chen","FTL Soundtrack","Friendly Minions","Hero for Fun","KinomotoSakuraMod(????)","Kiyohime????","Koishi","Marisa????????","Minty Spire (QoL Compilation)","Onozuka Komachi Mod","Permanent Neow","Prisma Mod","Quick Restart","Railgun Mod","Rare Cards Sparkle","Relic Stats","Remilia??????","StSLib","The Administrix","The Animator","The Exalted","The Gatherer","TheSwordswoman","Waifu the Spire","WarShipGirlsR/????R mod","Yohane!","Yuri Mod","Yuyuko"],"gold_per_floor":[119,52,69,87,87,112,112,142,167,167,202,202,212,43,43,143,193,208,226,106,119,137,137,137,137],"floor_reached":24,"language":"DEU","playtime":1502,"items_purged":[],"score":248,"play_id":"6d9551ba-3ad1-425e-849f-12cd16139ca1","local_time":"20210210152052","is_ascension_mode":true,"campfire_choices":[{"floor":7,"key":"REST"},{"floor":12,"key":"REST"},{"floor":15,"key":"REST"},{"data":"Sadistic Nature","floor":23,"key":"SMITH"}],"circlet_count":0,"master_deck":["Strike_G","Strike_G","Strike_G","Strike_G","Strike_G","Defend_G","Defend_G","Defend_G+1","Defend_G","Defend_G","Survivor","Neutralize+1","Die Die Die","Bouncing Flask+1","Distraction","Poisoned Stab","Flying Knee","Sucker Punch","Bane","Infinite Blades","Bouncing Flask","Sadistic Nature+1","A Thousand Cuts","Sucker Punch","Dagger Spray+1","Bouncing Flask","Leg Sweep+1","Dodge and Roll"],"relics":["Ring of the Snake","Bag of Marbles","Toy Ornithopter","Orichalcum","Anchor","Tiny House"],"acts_visited":["Exordium","TheCity"],"potions_floor_usage":[8,16,16],"damage_taken":[{"damage":0,"enemies":"Small Slimes","floor":1,"turns":3},{"damage":0,"enemies":"2 Louse","floor":3,"turns":2},{"damage":0,"enemies":"Cultist","floor":4,"turns":4},{"damage":22,"enemies":"Lagavulin","floor":6,"turns":5},{"damage":24,"enemies":"3 Sentries","floor":8,"turns":6},{"damage":17,"enemies":"Lagavulin","floor":11,"turns":5},{"damage":0,"enemies":"Looter","floor":13,"turns":3},{"damage":3,"enemies":"The Guardian","floor":16,"turns":5},{"damage":11,"enemies":"Shell Parasite","floor":18,"turns":4},{"damage":2,"enemies":"Chosen","floor":19,"turns":3},{"damage":13,"enemies":"Sentry and Sphere","floor":21,"turns":4},{"damage":2,"enemies":"Cultist and Chosen","floor":22,"turns":4},{"damage":40,"enemies":"Book of Stabbing","floor":24,"turns":4}],"seed_played":"-1247572532078704421","potions_obtained":[{"floor":4,"key":"GamblersBrew"},{"floor":6,"key":"DistilledChaos"},{"floor":8,"key":"BlessingOfTheForge"},{"floor":10,"key":"Dexterity Potion"},{"floor":10,"key":"FearPotion"},{"floor":17,"key":"SteroidPotion"},{"floor":21,"key":"GamblersBrew"}],"is_trial":false,"path_per_floor":["M","$","M","M","?","E","R","E","T","?","E","R","M","$","R","B",null,"M","M","?","M","M","R","E"],"character_chosen":"THE_SILENT","items_purchased":["Distraction","Sadistic Nature"],"campfire_rested":3,"item_purchase_floors":[2,14],"current_hp_per_floor":[63,63,63,63,50,28,46,22,22,22,5,23,23,23,41,48,68,57,55,55,42,40,40,0,0],"gold":137,"neow_bonus":"THREE_RARE_CARDS","is_daily":false,"chose_seed":false,"campfire_upgraded":1,"win_rate":0.0,"timestamp":1612966852,"path_taken":["M","$","M","M","?","E","R","E","T","?","E","R","?","$","R","BOSS","M","M","?","M","M","R","E"],"items_purchased_type":["Card","Card"],"build_version":"2020-12-22","purchased_purges":0,"victory":false,"max_hp_per_floor":[63,63,63,63,63,63,63,63,63,63,63,63,63,63,63,63,68,68,68,68,68,68,68,68,68],"relic_stats":{"counters":[13,52],"Orichalcum":[78],"obtain_stats":[{"Anchor":11,"Tiny House":17,"Bag of Marbles":6,"Orichalcum":9,"Toy Ornithopter":8,"Ring of the Snake":0},{"Anchor":6,"Tiny House":8,"Bag of Marbles":4,"Orichalcum":5,"Toy Ornithopter":5,"Ring of the Snake":0},{"Anchor":25,"Tiny House":33,"Bag of Marbles":14,"Orichalcum":20,"Toy Ornithopter":20,"Ring of the Snake":0}],"Toy Ornithopter":5,"Ring of the Snake":[26]},"card_choices":[{"not_picked":["Corpse Explosion","Adrenaline"],"picked":"Die Die Die","floor":0},{"not_picked":["Dodge and Roll","Cloak And Dagger"],"picked":"Bouncing Flask","floor":1},{"not_picked":["Reflex","Finisher"],"picked":"Poisoned Stab","floor":3},{"not_picked":["Finisher","Blade Dance"],"picked":"Flying Knee","floor":4},{"not_picked":["Quick Slash","Acrobatics"],"picked":"Sucker Punch","floor":6},{"not_picked":["Dodge and Roll","Deflect"],"picked":"Bane","floor":8},{"not_picked":["Unload","Underhanded Strike"],"picked":"Infinite Blades","floor":11},{"not_picked":["Dagger Spray","Quick Slash"],"picked":"Bouncing Flask","floor":13},{"not_picked":["Phantasmal Killer","Glass Knife"],"picked":"A Thousand Cuts","floor":16},{"not_picked":["Slice","Escape Plan"],"picked":"Sucker Punch","floor":17},{"not_picked":["Underhanded Strike","Blade Dance"],"picked":"Dagger Spray+1","floor":18},{"not_picked":["Quick Slash+1","Underhanded Strike"],"picked":"Bouncing Flask","floor":19},{"not_picked":["Quick Slash","Glass Knife"],"picked":"Leg Sweep+1","floor":21},{"not_picked":["Bouncing Flask","Escape Plan"],"picked":"Dodge and Roll","floor":22}],"player_experience":402203,"relics_obtained":[{"floor":6,"key":"Bag of Marbles"},{"floor":8,"key":"Toy Ornithopter"},{"floor":9,"key":"Orichalcum"},{"floor":11,"key":"Anchor"}],"event_choices":[{"damage_healed":0,"gold_gain":0,"player_choice":"Entered Light","damage_taken":13,"max_hp_gain":0,"max_hp_loss":0,"event_name":"Shining Light","floor":5,"gold_loss":0,"cards_upgraded":["Neutralize","Defend_G"]},{"damage_healed":0,"gold_gain":0,"player_choice":"Got Potions","damage_taken":0,"max_hp_gain":0,"max_hp_loss":0,"event_name":"Lab","floor":10,"gold_loss":0}],"is_beta":false,"boss_relics":[{"not_picked":["Busted Crown","Bromod:ArcaneGrace"],"picked":"Tiny House"}],"items_purged_floors":[],"is_endless":false,"potions_floor_spawned":[4,6,8,21],"killed_by":"Book of Stabbing","ascension_level":3}}