{"host":"9kesdg97wkrx2bva","time":1612940870,"event":{"mods":["AchievementEnabler","BaseMod","Colored Map","GifTheSpireLib","Infinite Spire","Minty Spire (QoL Compilation)","Replay The Spire","StSLib"],"gold_per_floor":[116,116,41,41,56,56,86,86,86,98,42,42,54,65,65,139,139,154,154,154],"floor_reached":19,"language":"ENG","playtime":566,"items_purged":["Defend_B"],"score":365,"play_id":"254c904f-d9c6-442e-a7a6-507ae71e4b0e","local_time":"20210210010750","is_ascension_mode":true,"campfire_choices":[{"data":"Gash","floor":6.0,"key":"SMITH"},{"data":"ReplayTheSpireMod:Calculation Training","floor":8.0,"key":"SMITH"},{"data":"Dualcast","floor":15.0,"key":"SMITH"}],"circlet_count":0,"master_deck":["AscendersBane","Strike_B","Strike_B","Strike_B","Defend_B+1","Defend_B","Defend_B","Zap+1","Dualcast+1","Gash+1","Static Discharge","ReplayTheSpireMod:Calculation Training+1","ReplayTheSpireMod:System Scan","ReplayGash","ReplayGash","Heatsinks","FTL","Reboot","Rebound"],"relics":["Cracked Core","NeowsBlessing","War Paint","infinitespire:Satchel","Blue Doll","Busted Crown"],"acts_visited":["Exordium","TheCity"],"potions_floor_usage":[],"damage_taken":[{"damage":0.0,"enemies":"2 Louse","floor":1.0,"turns":1.0},{"damage":0.0,"enemies":"Jaw Worm","floor":5.0,"turns":1.0},{"damage":0.0,"enemies":"Lagavulin","floor":7.0,"turns":1.0},{"damage":0.0,"enemies":"Small Slimes","floor":10.0,"turns":3.0},{"damage":1.0,"enemies":"Exordium Thugs","floor":13.0,"turns":3.0},{"damage":7.0,"enemies":"Red Slaver","floor":14.0,"turns":3.0},{"damage":46.0,"enemies":"Fading Forest","floor":16.0,"turns":11.0},{"damage":37.0,"enemies":"2 Thieves","floor":18.0,"turns":5.0},{"damage":0,"enemies":"3 Byrds","floor":19,"turns":1}],"seed_played":"7802413449445203342","potions_obtained":[{"floor":1.0,"key":"Cursed Concoction"},{"floor":7.0,"key":"EntropicBrew"},{"floor":16.0,"key":"LifebloodPotion"}],"is_trial":false,"path_per_floor":["M","?","$","?","M","R","E","R","T","M","$","?","M","M","R","B",null,"M","M"],"character_chosen":"DEFECT","items_purchased":["ReplayGash"],"campfire_rested":0,"item_purchase_floors":[11],"current_hp_per_floor":[64,57,57,57,57,57,57,57,57,57,57,57,56,49,49,3,54,17,17,17],"gold":154,"neow_bonus":"THREE_ENEMY_KILL","is_daily":false,"chose_seed":false,"campfire_upgraded":3,"win_rate":0.0,"timestamp":1612940870,"path_taken":["M","?","$","?","M","R","E","R","T","M","$","?","?","M","R","BOSS","M","M"],"items_purchased_type":["Card"],"build_version":"2020-12-22","purchased_purges":1,"victory":false,"max_hp_per_floor":[71,71,71,71,71,71,71,71,71,71,71,71,71,71,71,71,71,71,71,71],"card_choices":[{"not_picked":["Steam","ReplayTheSpireMod:Reroute Power"],"picked":"Gash","floor":1.0},{"not_picked":["Redo","Turbo"],"picked":"Static Discharge","floor":5.0},{"not_picked":["Reprogram","Redo"],"picked":"ReplayTheSpireMod:Calculation Training","floor":7.0},{"not_picked":["ReplaySort","Cold Snap"],"picked":"ReplayTheSpireMod:System Scan","floor":10.0},{"not_picked":["Rainbow","Auto Shields"],"picked":"Heatsinks","floor":13.0},{"not_picked":["Ball Lightning","Blizzard"],"picked":"FTL","floor":14.0},{"not_picked":["Hyperbeam","Mirror Shield"],"picked":"Reboot","floor":16.0},{"not_picked":[],"picked":"Rebound","floor":18.0}],"player_experience":1022497,"relics_obtained":[{"floor":7.0,"key":"War Paint"},{"floor":9.0,"key":"infinitespire:Satchel"},{"floor":12.0,"key":"Blue Doll"}],"event_choices":[{"cards_removed":["Strike_B"],"damage_healed":0.0,"max_hp_gain":0.0,"max_hp_loss":0.0,"gold_gain":0.0,"event_name":"Golden Wing","player_choice":"Card Removal","floor":2.0,"gold_loss":0.0,"damage_taken":7.0},{"damage_healed":0.0,"max_hp_gain":0.0,"max_hp_loss":0.0,"gold_gain":0.0,"event_name":"Liars Game","player_choice":"Ignored","floor":4.0,"gold_loss":0.0,"damage_taken":0.0},{"damage_healed":0.0,"max_hp_gain":0.0,"max_hp_loss":0.0,"gold_gain":0.0,"event_name":"Wheel of Change","player_choice":"Relic","floor":12.0,"gold_loss":0.0,"damage_taken":0.0}],"is_beta":false,"boss_relics":[{"not_picked":["Coffee Dripper","Ectoplasm"],"picked":"Busted Crown"}],"items_purged_floors":[3],"is_endless":false,"potions_floor_spawned":[1,7,13,16],"killed_by":"3 Byrds","ascension_level":18}}