{"host":"5f8yr5jxnqok2jdo","time":1612963129,"event":{"mods":["AchievementEnabler","BaseMod","Better Altar","Better Match","Better Note","Better Skull","Better Third Choice","Block Reminder","Colored Map","Colored Powertips","DeckTracker","Displayed Cursed Tome","Filter the Spire","Googly Eyes","Highlight Path","Key Reminder","Minty Spire (QoL Compilation)","Quick Restart","Rare Cards Sparkle","Relic Sorter","Relic Stats","ShortenTheSpire","Spire Arcade","Spire Birthday Party","StSLib","Steal the Spire","SuperFastMode","Uncapped","Unceasing Turn Reminder","everything is the same but u backflip on backflip","slay the spire mod where everything is the same but ironclad has a cowboy hat"],"gold_per_floor":[211,225,47,63,63,97,97,128,128,128,128],"floor_reached":10,"language":"ENG","playtime":243,"items_purged":[],"score":95,"play_id":"46381896-d824-4a9c-b33f-d43832174a41","local_time":"20210210141849","is_ascension_mode":true,"campfire_choices":[{"floor":7,"key":"REST"}],"circlet_count":0,"master_deck":["Strike_P","Strike_P","Strike_P","Strike_P","Defend_P","Defend_P","Defend_P","Defend_P","Eruption","Vigilance","SandsOfTime","Prostrate","WheelKick"],"relics":["PureWater","PrismaticShard","Shovel","Sundial","Bird Faced Urn"],"acts_visited":["Exordium"],"potions_floor_usage":[],"damage_taken":[{"damage":0,"enemies":"Cultist","floor":1,"turns":2},{"damage":3,"enemies":"Small Slimes","floor":2,"turns":4},{"damage":7,"enemies":"Jaw Worm","floor":4,"turns":3},{"damage":39,"enemies":"Lagavulin","floor":6,"turns":8},{"damage":36,"enemies":"Gremlin Nob","floor":8,"turns":5},{"damage":40,"enemies":"Lagavulin","floor":10,"turns":4}],"seed_played":"6628957495246573831","potions_obtained":[{"floor":2,"key":"ColorlessPotion"},{"floor":4,"key":"Weak Potion"},{"floor":5,"key":"Explosive Potion"}],"is_trial":false,"path_per_floor":["M","M","$","M","?","E","R","E","T","E"],"character_chosen":"WATCHER","items_purchased":["WheelKick","PrismaticShard"],"campfire_rested":1,"item_purchase_floors":[3,3],"current_hp_per_floor":[72,69,69,62,62,23,44,8,8,0,0],"gold":128,"neow_bonus":"HUNDRED_GOLD","is_daily":false,"chose_seed":false,"campfire_upgraded":0,"win_rate":0.0,"timestamp":1612963129,"path_taken":["M","M","$","?","?","E","R","E","T","E"],"items_purchased_type":["Card","Relic"],"build_version":"2020-12-22","purchased_purges":0,"victory":false,"max_hp_per_floor":[72,72,72,72,72,72,72,72,72,72,72],"relic_stats":{"Shovel":0,"counters":[6,26],"Sundial":[0],"Bird Faced Urn":[0],"obtain_stats":[{"Shovel":6,"Sundial":8,"Bird Faced Urn":9,"PureWater":0,"PrismaticShard":3},{"Shovel":4,"Sundial":5,"Bird Faced Urn":5,"PureWater":0,"PrismaticShard":2},{"Shovel":17,"Sundial":22,"Bird Faced Urn":22,"PureWater":0,"PrismaticShard":6}]},"card_choices":[{"not_picked":["CutThroughFate","Nirvana"],"picked":"SandsOfTime","floor":1},{"not_picked":["SashWhip","Study"],"picked":"Prostrate","floor":2},{"not_picked":["CrushJoints","Deflect","Skim"],"picked":"SKIP","floor":4},{"not_picked":["Sword Boomerang","Uppercut","Ghostly Armor"],"picked":"SKIP","floor":6},{"not_picked":["MasterReality","Stack","Dagger Spray"],"picked":"SKIP","floor":8}],"player_experience":367591,"relics_obtained":[{"floor":6,"key":"Shovel"},{"floor":8,"key":"Sundial"},{"floor":9,"key":"Bird Faced Urn"}],"event_choices":[{"damage_healed":0,"gold_gain":0,"player_choice":"Got Potions","damage_taken":0,"max_hp_gain":0,"max_hp_loss":0,"event_name":"Lab","floor":5,"gold_loss":0}],"is_beta":false,"boss_relics":[],"items_purged_floors":[],"is_endless":false,"potions_floor_spawned":[2,4],"killed_by":"Lagavulin","ascension_level":5}}