{"host":"uv5ws9rdk87e8i5k","time":1612979948,"event":{"mods":["AchievementEnabler","BaseMod","Colored Map","Minty Spire (QoL Compilation)","Permanent Neow","Quick Restart","StSLib","SuperFastMode","The Necromancer"],"gold_per_floor":[119,130,145,156,174,199,199,199,199,232,232,251,56,70,70,168,168,148,148,7,7,7,34,34,48,72,1,27,39,39,58,58,162,162,178,196,196,196,213,248,248,248,248,265,280,310,324,354,354,354,354,354,17,17,17],"floor_reached":54,"language":"ENG","playtime":2005,"items_purged":["Strike_R","Sever Soul"],"score":1401,"play_id":"ddc6c5a6-b6b2-420c-b389-04aab8bae7e1","local_time":"20210210115908","is_ascension_mode":true,"campfire_choices":[{"data":"Whirlwind","floor":7.0,"key":"SMITH"},{"data":"Entrench","floor":11.0,"key":"SMITH"},{"floor":15.0,"key":"REST"},{"data":"Entrench","floor":24.0,"key":"SMITH"},{"data":"Body Slam","floor":30.0,"key":"SMITH"},{"data":"Exhume","floor":32.0,"key":"SMITH"},{"data":"Impervious","floor":42.0,"key":"SMITH"},{"floor":49.0,"key":"RECALL"},{"data":"Demon Form","floor":52.0,"key":"SMITH"}],"circlet_count":0,"master_deck":["AscendersBane","Bash","Second Wind","Body Slam+1","Sword Boomerang","Pommel Strike","Whirlwind+1","Shrug It Off","Entrench+1","Havoc","Havoc","True Grit","Shrug It Off","Exhume+1","Rampage","Impervious+1","Dark Embrace","Rage","Burning Pact","Battle Trance","Body Slam+1","Impervious","Entrench+1","Shockwave+1","Feel No Pain","Exhume","Enlightenment","Dual Wield+1","Demon Form+1","Flame Barrier"],"relics":["Burning Blood","Calipers","Letter Opener","Kunai","Ancient Tea Set","Pandora\u0027s Box","Nilry\u0027s Codex","Torii","MealTicket","HornCleat","Snecko Eye","Vajra","Sundial","Lantern","Pen Nib"],"acts_visited":["Exordium","TheCity","TheBeyond","TheEnding"],"potions_floor_usage":[],"damage_taken":[{"damage":7.0,"enemies":"Jaw Worm","floor":1.0,"turns":3.0},{"damage":9.0,"enemies":"Cultist","floor":2.0,"turns":5.0},{"damage":1.0,"enemies":"Small Slimes","floor":3.0,"turns":5.0},{"damage":17.0,"enemies":"3 Louse","floor":4.0,"turns":4.0},{"damage":12.0,"enemies":"2 Fungi Beasts","floor":5.0,"turns":4.0},{"damage":40.0,"enemies":"Gremlin Nob","floor":6.0,"turns":5.0},{"damage":20.0,"enemies":"Lagavulin","floor":10.0,"turns":6.0},{"damage":9.0,"enemies":"Exordium Thugs","floor":12.0,"turns":4.0},{"damage":12.0,"enemies":"Large Slime","floor":14.0,"turns":5.0},{"damage":11.0,"enemies":"The Guardian","floor":16.0,"turns":8.0},{"damage":0.0,"enemies":"2 Thieves","floor":18.0,"turns":4.0},{"damage":30.0,"enemies":"Book of Stabbing","floor":23.0,"turns":5.0},{"damage":0.0,"enemies":"3 Byrds","floor":25.0,"turns":3.0},{"damage":29.0,"enemies":"Slavers","floor":28.0,"turns":9.0},{"damage":0.0,"enemies":"Centurion and Healer","floor":29.0,"turns":5.0},{"damage":0.0,"enemies":"Snake Plant","floor":31.0,"turns":5.0},{"damage":0.0,"enemies":"Automaton","floor":33.0,"turns":8.0},{"damage":0.0,"enemies":"3 Shapes","floor":35.0,"turns":6.0},{"damage":0.0,"enemies":"Orb Walker","floor":36.0,"turns":2.0},{"damage":0.0,"enemies":"Spire Growth","floor":39.0,"turns":6.0},{"damage":10.0,"enemies":"Giant Head","floor":40.0,"turns":5.0},{"damage":0.0,"enemies":"Sphere and 2 Shapes","floor":44.0,"turns":3.0},{"damage":0.0,"enemies":"Jaw Worm Horde","floor":45.0,"turns":5.0},{"damage":0.0,"enemies":"Nemesis","floor":46.0,"turns":3.0},{"damage":1.0,"enemies":"4 Shapes","floor":47.0,"turns":3.0},{"damage":1.0,"enemies":"Giant Head","floor":48.0,"turns":7.0},{"damage":0.0,"enemies":"Awakened One","floor":50.0,"turns":7.0},{"damage":102,"enemies":"Shield and Spear","floor":54,"turns":8}],"seed_played":"7843518993107675806","potions_obtained":[{"floor":1.0,"key":"SteroidPotion"},{"floor":5.0,"key":"Regen Potion"},{"floor":6.0,"key":"DuplicationPotion"},{"floor":12.0,"key":"FearPotion"},{"floor":16.0,"key":"CultistPotion"},{"floor":18.0,"key":"SpeedPotion"},{"floor":29.0,"key":"Regen Potion"},{"floor":33.0,"key":"LiquidMemories"},{"floor":36.0,"key":"Block Potion"},{"floor":44.0,"key":"Energy Potion"},{"floor":45.0,"key":"FairyPotion"},{"floor":47.0,"key":"PowerPotion"}],"is_trial":false,"path_per_floor":["M","M","M","M","M","E","R","?","T","E","R","M","$","M","R","B",null,"M","?","$","?","$","E","R","M","T","$","E","M","R","M","R","B",null,"M","M","?","?","M","E","?","R","T","M","M","E","M","E","R","B",null,"R","$","E"],"character_chosen":"IRONCLAD","items_purchased":["Havoc","True Grit","PowerPotion","Impervious","Feel No Pain","Flame Barrier","Pen Nib"],"campfire_rested":1,"item_purchase_floors":[13,13,13,20,27,53,53],"current_hp_per_floor":[71,68,72,61,55,35,35,35,35,21,21,18,18,12,33,28,61,67,51,51,51,51,27,27,33,33,48,25,31,31,37,37,58,69,72,72,68,68,68,64,64,64,64,68,68,68,68,68,68,68,68,68,68,0,0],"gold":17,"neow_bonus":"ONE_RARE_RELIC","is_daily":false,"chose_seed":false,"campfire_upgraded":7,"win_rate":0.0,"timestamp":1612979948,"path_taken":["M","M","M","M","M","E","R","?","T","E","R","?","$","M","R","BOSS","M","?","?","?","$","E","R","M","T","$","E","M","R","M","R","BOSS","M","M","?","?","M","E","?","R","T","M","M","E","M","E","R","BOSS","R","$","E"],"items_purchased_type":["Card","Card","Potion","Card","Card","Card","Relic"],"build_version":"2020-12-22","purchased_purges":2,"victory":false,"max_hp_per_floor":[72,72,72,72,72,72,72,72,72,72,72,72,72,72,72,72,72,72,72,72,72,72,72,72,72,72,72,72,72,72,72,72,72,72,72,72,68,68,68,68,68,68,68,68,68,68,68,68,68,68,68,68,68,68,68],"card_choices":[{"not_picked":["Carnage","Clash"],"picked":"Second Wind","floor":1.0},{"not_picked":["Warcry","Spot Weakness"],"picked":"Body Slam","floor":2.0},{"not_picked":["Warcry","Rupture"],"picked":"Sword Boomerang","floor":3.0},{"not_picked":["Warcry","Iron Wave"],"picked":"Pommel Strike","floor":4.0},{"not_picked":["Thunderclap","Perfected Strike"],"picked":"Whirlwind","floor":5.0},{"not_picked":["Barricade","Uppercut"],"picked":"Shrug It Off","floor":6.0},{"not_picked":["Sword Boomerang","Whirlwind"],"picked":"Entrench","floor":10.0},{"not_picked":["Flex","Juggernaut"],"picked":"Havoc","floor":12.0},{"not_picked":["Wild Strike","Flex"],"picked":"Shrug It Off","floor":14.0},{"not_picked":["Bludgeon","Brutality"],"picked":"Exhume","floor":16.0},{"not_picked":["Sword Boomerang+1","Heavy Blade","Pommel Strike+1"],"picked":"SKIP","floor":18.0},{"not_picked":["Cleave","Dual Wield"],"picked":"Shrug It Off","floor":23.0},{"not_picked":["True Grit","Pommel Strike"],"picked":"Shockwave+1","floor":25.0},{"not_picked":["Dark Embrace","Cleave","Heavy Blade+1"],"picked":"SKIP","floor":28.0},{"not_picked":["Pommel Strike+1","Heavy Blade","Spot Weakness"],"picked":"SKIP","floor":29.0},{"not_picked":["Cleave+1","Feed","Heavy Blade"],"picked":"SKIP","floor":31.0},{"not_picked":["Immolate","Barricade"],"picked":"Exhume","floor":33.0},{"not_picked":["Infernal Blade","Twin Strike","Battle Trance+1"],"picked":"SKIP","floor":35.0},{"not_picked":["Inflame+1","Clothesline+1","Headbutt+1"],"picked":"SKIP","floor":36.0},{"not_picked":["Warcry","Disarm+1","Battle Trance+1"],"picked":"SKIP","floor":39.0},{"not_picked":["Dropkick+1","Brutality","Second Wind+1"],"picked":"SKIP","floor":40.0},{"not_picked":["Impatience","Sadistic Nature"],"picked":"Enlightenment","floor":41.0},{"not_picked":["Armaments","Iron Wave+1","Searing Blow"],"picked":"SKIP","floor":44.0},{"not_picked":["Blood for Blood+1","Thunderclap"],"picked":"Dual Wield+1","floor":45.0},{"not_picked":["Wild Strike+1","Iron Wave+1","Clash+1"],"picked":"SKIP","floor":46.0},{"not_picked":["Shockwave+1","Wild Strike","Bloodletting+1"],"picked":"SKIP","floor":47.0},{"not_picked":["Seeing Red","Disarm+1"],"picked":"Demon Form","floor":48.0}],"player_experience":164339,"relics_obtained":[{"floor":6.0,"key":"Letter Opener"},{"floor":9.0,"key":"Kunai"},{"floor":10.0,"key":"Ancient Tea Set"},{"floor":19.0,"key":"Nilry\u0027s Codex"},{"floor":23.0,"key":"Torii"},{"floor":26.0,"key":"MealTicket"},{"floor":28.0,"key":"HornCleat"},{"floor":40.0,"key":"Vajra"},{"floor":46.0,"key":"Sundial"},{"floor":48.0,"key":"Lantern"}],"event_choices":[{"damage_healed":0.0,"max_hp_gain":0.0,"max_hp_loss":0.0,"gold_gain":0.0,"event_name":"Upgrade Shrine","player_choice":"Upgraded","floor":8.0,"gold_loss":0.0,"damage_taken":0.0,"cards_upgraded":["Body Slam"]},{"damage_healed":0.0,"max_hp_gain":0.0,"max_hp_loss":0.0,"gold_gain":0.0,"event_name":"Cursed Tome","player_choice":"Obtained Book","floor":19.0,"gold_loss":0.0,"damage_taken":16.0},{"damage_healed":0.0,"max_hp_gain":0.0,"max_hp_loss":0.0,"gold_gain":0.0,"event_name":"The Library","player_choice":"Read","floor":21.0,"gold_loss":0.0,"damage_taken":0.0,"cards_obtained":["Entrench"]},{"damage_healed":0.0,"max_hp_gain":0.0,"max_hp_loss":4.0,"gold_gain":0.0,"event_name":"Winding Halls","player_choice":"Max HP","floor":37.0,"gold_loss":0.0,"damage_taken":0.0},{"cards_removed":["Shrug It Off"],"damage_healed":0.0,"max_hp_gain":0.0,"max_hp_loss":0.0,"gold_gain":0.0,"event_name":"Falling","player_choice":"Removed Skill","floor":38.0,"gold_loss":0.0,"damage_taken":0.0},{"damage_healed":0.0,"max_hp_gain":0.0,"max_hp_loss":0.0,"gold_gain":0.0,"event_name":"SensoryStone","player_choice":"Memory 1","floor":41.0,"gold_loss":0.0,"damage_taken":0.0}],"is_beta":false,"boss_relics":[{"not_picked":["Philosopher\u0027s Stone","Black Blood"],"picked":"Pandora\u0027s Box"},{"not_picked":["Busted Crown","Runic Dome"],"picked":"Snecko Eye"}],"items_purged_floors":[13,53],"is_endless":false,"potions_floor_spawned":[1,5,6,12,16,18,29,33,36,44,45,47,48],"killed_by":"Shield and Spear","ascension_level":11}}