{"host":"Alvar","time":1612973041,"event":{"mods":["AchievementEnabler","BaseMod","Minty Spire (QoL Compilation)","StSLib"],"gold_per_floor":[119,44,119,136,136,168,168,185,185,185,203,229,242,268,268,344,344,360,360,378,118,136,136,170,185,238,269,283,316,241,269,269,348,348,364,380,397,417,128,163,163,173,173,198,215,248,263,263,263,263,263],"floor_reached":50,"language":"ENG","playtime":2747,"items_purged":["Strike_R","Strike_R+1","Strike_R+1"],"score":1328,"play_id":"6464cd8f-f6f2-4852-9e52-ea0876784247","local_time":"20210210230401","is_ascension_mode":true,"campfire_choices":[{"data":"Bash","floor":7.0,"key":"SMITH"},{"data":"Disarm","floor":15.0,"key":"SMITH"},{"data":"Feed","floor":23.0,"key":"SMITH"},{"data":"Rupture","floor":32.0,"key":"SMITH"},{"data":"Uppercut","floor":41.0,"key":"SMITH"},{"floor":49.0,"key":"RECALL"}],"circlet_count":0,"master_deck":["AscendersBane","Strike_R+1","Defend_R+1","Defend_R+1","Defend_R+1","Defend_R+1","Bash+1","Cleave","Whirlwind+1","Reaper","Flame Barrier+1","Sword Boomerang","Disarm+1","Fire Breathing","Feed+1","Brutality","Rupture+1","Uppercut+1","Entrench","Shockwave+1","Disarm","Carnage","Impervious+1","Impervious","Reaper","Dark Embrace","Shrug It Off+1","Juggernaut","Evolve"],"relics":["Burning Blood","NeowsBlessing","Question Card","HornCleat","Red Skull","Mummified Hand","Juzu Bracelet","Snecko Eye","Lantern","Boot","Ancient Tea Set","Bird Faced Urn","Red Mask","War Paint","Coffee Dripper","OrangePellets","InkBottle","Akabeko","Strawberry"],"acts_visited":["Exordium","TheCity","TheBeyond"],"potions_floor_usage":[],"damage_taken":[{"damage":0.0,"enemies":"Small Slimes","floor":1.0,"turns":1.0},{"damage":0.0,"enemies":"2 Louse","floor":4.0,"turns":1.0},{"damage":0.0,"enemies":"Lagavulin","floor":6.0,"turns":1.0},{"damage":12.0,"enemies":"Jaw Worm","floor":8.0,"turns":2.0},{"damage":19.0,"enemies":"Exordium Wildlife","floor":11.0,"turns":5.0},{"damage":10.0,"enemies":"3 Sentries","floor":12.0,"turns":3.0},{"damage":1.0,"enemies":"Exordium Thugs","floor":13.0,"turns":3.0},{"damage":21.0,"enemies":"Gremlin Nob","floor":14.0,"turns":4.0},{"damage":40.0,"enemies":"Hexaghost","floor":16.0,"turns":11.0},{"damage":0.0,"enemies":"Chosen","floor":18.0,"turns":3.0},{"damage":17.0,"enemies":"Spheric Guardian","floor":20.0,"turns":4.0},{"damage":4.0,"enemies":"Centurion and Healer","floor":22.0,"turns":5.0},{"damage":26.0,"enemies":"Book of Stabbing","floor":24.0,"turns":6.0},{"damage":18.0,"enemies":"Sentry and Sphere","floor":25.0,"turns":5.0},{"damage":30.0,"enemies":"Slavers","floor":27.0,"turns":5.0},{"damage":5.0,"enemies":"Cultist and Chosen","floor":28.0,"turns":5.0},{"damage":8.0,"enemies":"Masked Bandits","floor":29.0,"turns":4.0},{"damage":12.0,"enemies":"Book of Stabbing","floor":31.0,"turns":5.0},{"damage":54.0,"enemies":"Collector","floor":33.0,"turns":10.0},{"damage":8.0,"enemies":"Orb Walker","floor":35.0,"turns":4.0},{"damage":26.0,"enemies":"3 Darklings","floor":36.0,"turns":5.0},{"damage":5.0,"enemies":"Writhing Mass","floor":37.0,"turns":7.0},{"damage":35.0,"enemies":"4 Shapes","floor":38.0,"turns":7.0},{"damage":69.0,"enemies":"Giant Head","floor":40.0,"turns":10.0},{"damage":24.0,"enemies":"3 Darklings","floor":42.0,"turns":7.0},{"damage":36.0,"enemies":"Nemesis","floor":44.0,"turns":9.0},{"damage":28.0,"enemies":"Jaw Worm Horde","floor":45.0,"turns":5.0},{"damage":56.0,"enemies":"Giant Head","floor":46.0,"turns":10.0},{"damage":14.0,"enemies":"Spire Growth","floor":47.0,"turns":6.0},{"damage":184,"enemies":"Donu and Deca","floor":50,"turns":12}],"seed_played":"-7365361580295278170","potions_obtained":[{"floor":1.0,"key":"Fire Potion"},{"floor":8.0,"key":"Dexterity Potion"},{"floor":11.0,"key":"Explosive Potion"},{"floor":13.0,"key":"BlessingOfTheForge"},{"floor":16.0,"key":"FearPotion"},{"floor":18.0,"key":"SteroidPotion"},{"floor":22.0,"key":"Regen Potion"},{"floor":25.0,"key":"HeartOfIron"},{"floor":29.0,"key":"SteroidPotion"},{"floor":31.0,"key":"Ancient Potion"},{"floor":38.0,"key":"Energy Potion"},{"floor":46.0,"key":"SpeedPotion"},{"floor":48.0,"key":"LiquidMemories"}],"is_trial":false,"path_per_floor":["M","$","?","M","?","E","R","M","T","?","M","E","M","E","R","B",null,"M","?","M","$","M","R","E","M","T","E","M","?","?","E","R","B",null,"M","M","M","M","$","E","R","M","T","E","M","E","M","?","R","B"],"character_chosen":"IRONCLAD","items_purchased":["Lantern","OrangePellets"],"campfire_rested":0,"item_purchase_floors":[21,39],"current_hp_per_floor":[74,74,63,69,69,75,75,69,69,69,56,60,73,60,60,32,64,78,78,70,70,82,82,68,60,60,40,45,73,73,78,78,71,97,103,109,113,102,102,84,84,107,107,96,97,92,115,115,115,0,0],"gold":263,"neow_bonus":"THREE_ENEMY_KILL","is_daily":false,"chose_seed":false,"campfire_upgraded":5,"win_rate":0.0,"timestamp":1612973041,"path_taken":["M","$","?","M","?","E","R","M","T","?","M","E","M","E","R","BOSS","M","?","M","$","M","R","E","M","T","E","M","?","?","E","R","BOSS","M","M","M","M","$","E","R","M","T","E","M","E","M","?","R","BOSS"],"items_purchased_type":["Relic","Relic"],"build_version":"2020-12-18","purchased_purges":3,"victory":false,"max_hp_per_floor":[75,75,75,75,75,75,75,75,75,75,75,75,75,75,75,75,75,79,79,82,82,85,85,85,89,89,93,97,97,97,101,101,105,105,109,109,113,117,117,117,117,117,117,117,121,128,128,128,128,128,128],"card_choices":[{"not_picked":["Battle Trance","Sword Boomerang"],"picked":"Cleave","floor":1.0},{"not_picked":["Shrug It Off","Havoc"],"picked":"Whirlwind","floor":4.0},{"not_picked":["Sword Boomerang","Infernal Blade"],"picked":"Reaper","floor":6.0},{"not_picked":["Havoc","Searing Blow","Evolve"],"picked":"Flame Barrier","floor":8.0},{"not_picked":["Warcry","Body Slam","Anger"],"picked":"Sword Boomerang","floor":11.0},{"not_picked":["Heavy Blade","Warcry","Pommel Strike"],"picked":"Disarm","floor":12.0},{"not_picked":["Clothesline","Sword Boomerang","Ghostly Armor"],"picked":"Fire Breathing","floor":13.0},{"not_picked":["Warcry","Limit Break","Spot Weakness"],"picked":"Feed","floor":14.0},{"not_picked":["Berserk","Bludgeon","Immolate"],"picked":"Brutality","floor":16.0},{"not_picked":["Twin Strike","Heavy Blade","Burning Pact"],"picked":"Rupture","floor":18.0},{"not_picked":["Havoc+1","Warcry+1","Clash"],"picked":"Uppercut","floor":20.0},{"not_picked":["Clash","Rampage+1","Shrug It Off"],"picked":"Entrench","floor":22.0},{"not_picked":["Combust","Thunderclap+1","Intimidate"],"picked":"Shockwave+1","floor":24.0},{"not_picked":["Flex","Pommel Strike","Warcry","Sword Boomerang"],"picked":"SKIP","floor":25.0},{"not_picked":["Offering","Blood for Blood","Clash"],"picked":"Disarm","floor":27.0},{"not_picked":["Thunderclap","Combust","Burning Pact"],"picked":"Carnage","floor":28.0},{"not_picked":["Armaments","Carnage+1","Flex"],"picked":"Impervious","floor":31.0},{"not_picked":["Immolate","Offering","Double Tap"],"picked":"Impervious","floor":33.0},{"not_picked":["Clash","Shrug It Off","Clothesline"],"picked":"Reaper","floor":35.0},{"not_picked":["Hemokinesis","Clash","Twin Strike","Warcry"],"picked":"SKIP","floor":36.0},{"not_picked":["Warcry","Searing Blow","Clash"],"picked":"Dark Embrace","floor":37.0},{"not_picked":["Cleave","Clash","Iron Wave+1"],"picked":"Shrug It Off+1","floor":38.0},{"not_picked":["Whirlwind","Iron Wave","Intimidate","Body Slam+1"],"picked":"SKIP","floor":40.0},{"not_picked":["Iron Wave","Body Slam","Fire Breathing+1"],"picked":"Juggernaut","floor":42.0},{"not_picked":["Warcry","Cleave","Infernal Blade","Perfected Strike"],"picked":"SKIP","floor":44.0},{"not_picked":["Rage","Searing Blow+1","Thunderclap","Iron Wave"],"picked":"SKIP","floor":45.0},{"not_picked":["Hemokinesis","Seeing Red","Pommel Strike+1","Warcry"],"picked":"SKIP","floor":46.0},{"not_picked":["Clothesline","True Grit","Warcry"],"picked":"Evolve","floor":47.0}],"player_experience":807361,"relics_obtained":[{"floor":6.0,"key":"Question Card"},{"floor":9.0,"key":"HornCleat"},{"floor":12.0,"key":"Mummified Hand"},{"floor":14.0,"key":"Juzu Bracelet"},{"floor":24.0,"key":"Boot"},{"floor":26.0,"key":"Ancient Tea Set"},{"floor":27.0,"key":"Bird Faced Urn"},{"floor":29.0,"key":"Red Mask"},{"floor":31.0,"key":"War Paint"},{"floor":40.0,"key":"InkBottle"},{"floor":44.0,"key":"Akabeko"},{"floor":46.0,"key":"Strawberry"}],"event_choices":[{"damage_healed":0.0,"max_hp_gain":0.0,"max_hp_loss":0.0,"gold_gain":75.0,"event_name":"World of Goop","player_choice":"Gather Gold","floor":3.0,"gold_loss":0.0,"damage_taken":11.0},{"damage_healed":0.0,"max_hp_gain":0.0,"max_hp_loss":0.0,"gold_gain":0.0,"event_name":"Living Wall","player_choice":"Grow","floor":5.0,"gold_loss":0.0,"damage_taken":0.0,"cards_upgraded":["Whirlwind"]},{"damage_healed":0.0,"max_hp_gain":0.0,"max_hp_loss":0.0,"gold_gain":0.0,"event_name":"Dead Adventurer","player_choice":"Searched \u00272\u0027 times","floor":10.0,"gold_loss":0.0,"damage_taken":0.0,"relics_obtained":["Red Skull"]},{"damage_healed":0.0,"max_hp_gain":0.0,"max_hp_loss":0.0,"gold_gain":0.0,"event_name":"Back to Basics","player_choice":"Simplicity","floor":19.0,"gold_loss":0.0,"damage_taken":0.0,"cards_upgraded":["Strike_R","Strike_R","Strike_R","Strike_R","Defend_R","Defend_R","Defend_R","Defend_R"]},{"damage_healed":0.0,"max_hp_gain":0.0,"max_hp_loss":0.0,"gold_gain":0.0,"event_name":"Masked Bandits","player_choice":"Fought Bandits","floor":29.0,"gold_loss":0.0,"damage_taken":0.0},{"cards_removed":["Strike_R"],"damage_healed":0.0,"max_hp_gain":0.0,"max_hp_loss":0.0,"gold_gain":0.0,"event_name":"Beggar","player_choice":"Gave Gold","floor":30.0,"gold_loss":75.0,"damage_taken":0.0},{"damage_healed":0.0,"max_hp_gain":0.0,"max_hp_loss":0.0,"gold_gain":0.0,"event_name":"Lab","player_choice":"Got Potions","floor":48.0,"gold_loss":0.0,"damage_taken":0.0}],"is_beta":true,"boss_relics":[{"not_picked":["Tiny House","SlaversCollar"],"picked":"Snecko Eye"},{"not_picked":["Runic Dome","Philosopher\u0027s Stone"],"picked":"Coffee Dripper"}],"items_purged_floors":[2,21,39],"is_endless":false,"potions_floor_spawned":[1,8,11,13,16,18,22,25,29,31,37,38,40,46,47],"killed_by":"Donu and Deca","ascension_level":20}}