{"host":"rm0ctv8qd8mnbkg1","time":1612968276,"event":{"mods":["BaseMod","Beaked The Cultist","BetterRewards","Colored Map","DNKmod","Dark Map","Defuse TimeMaze Blight","Downfall","Friendly Minions","Halation","Hubris","Marisa????????","Minty Spire (QoL Compilation)","MostiFishMod","Permanent Neow","Quarter Circle Forward PUNCH!","RRrroohrrRGHHhhh!!","Rare Cards Sparkle","Relic Sorter","Reliquary","Replay The Spire","RumiaBox-????????","Shade Mod","Shop Mod","Spicy Shops","Spire Arcade","StS++","StSLib","The Construct","The Servant 0.9.4","TheVacant","Wandering Minibosses","??????REMEMod"],"gold_per_floor":[10000,10000,10000,10000,10056,10087,10114,10114,9341,9357,9199,9215,9249,9264,9277,9379,9379,9279,9279,9291,9309,9309,9328,9351,9383,9394,9407,9407,9278,9296,9326,9346,9448,9448,9448,9477,9489,9149,9175,9201,9201,9201,9201,9232,8833,8844,8894,8908,8920,8920],"floor_reached":51,"language":"ENG","playtime":3110,"items_purged":[],"score":1415,"play_id":"0f09b63f-56ce-41d1-894a-414cf98014a7","local_time":"20210210144436","is_ascension_mode":false,"campfire_choices":[{"data":"Replay:Bag of Tricks","floor":1,"key":"SMITH"},{"data":"bronze:Iterate","floor":8,"key":"SMITH"},{"data":"bronze:Terminator","floor":18,"key":"SMITH"},{"data":"bronze:AlphaBuild","floor":35,"key":"SMITH"},{"data":"bronze:Virus","floor":43,"key":"SMITH"}],"circlet_count":0,"master_deck":["bronze:Strike","bronze:Strike","bronze:Strike+1","bronze:Strike+1","bronze:Defend","bronze:Defend","bronze:Defend","bronze:Defend","bronze:Replicate+1","bronze:Goto+1","Replay:Bag of Tricks+1","bronze:FineTuning+1","bronze:Repair+1","bronze:Frontload+1","bronze:FineTuning+1","bronze:Iterate+1","bronze:Iterate+1","bronze:FineTuning+1","bronze:ItsAFeature+1","bronze:Verify+1","bronze:Separator+1","bronze:Constructor+1","bronze:Verify+1","bronze:Terminator+1","bronze:RecursiveStrike+1","bronze:Overheat+1","bronze:WhirlingStrike+1","bronze:Iterate+1","bronze:Invalidate+1","bronze:HardenedForm+1","bronze:Iterate+1","bronze:FineTuning+1","bronze:Fortify+1","bronze:Philosophize+1","bronze:ForLoop+1","bronze:Return+1","bronze:AlphaBuild+1","bronze:DelayedSlice+1","bronze:FineTuning+1","REME_EyeOfCthun+1","bronze:Virus+1","bronze:Iterate+1","bronze:OilSpill+1","bronze:FineTuning+1","bronze:BronzeArmor+1","bronze:Iterate+1"],"relics":["bronze:BronzeCore","REME_ComplimentaryCards","DaveBox","ChiXiaoBlade","downfall:HeartsMalice","Nunchaku","Eternal Feather","Pet Ghost","reliquary:BallBearing","Vajra","rorgmod:The Boot","reliquary:PartyBalloon","ClockworkSouvenir","hubris:MedicalManual","wanderingMiniBosses:AbyssPearl","FeatherPendant","downfall:HeartBlessingGreen","reliquary:PorcupineQuills","Guardian:GemstoneGun","bronze:SilverBullet","halation:PrussianBluePaint","Replay:Wax Seal","ThornShield","Black Star","REME_HandOfSuture","qcfpunch:Necklace_of_Skulls","Blood Vial","FossilizedHelix","MealTicket","Mango","reliquary:SilkGlove","OriginationStaff","Pen Nib","ReplayTheSpireMod:Shallot","Civilization","ArrowTower"],"acts_visited":["Exordium","TheCity","TheBeyond"],"potions_floor_usage":[24,35,38],"damage_taken":[{"damage":0,"enemies":"2 Louse","floor":2,"turns":1},{"damage":0,"enemies":"Jaw Worm","floor":3,"turns":1},{"damage":0,"enemies":"Cultist","floor":4,"turns":1},{"damage":26,"enemies":"Lagavulin Event","floor":5,"turns":6},{"damage":0,"enemies":"Gremlin Nob","floor":6,"turns":4},{"damage":0,"enemies":"downfall:FleeingMerchant","floor":9,"turns":4},{"damage":0,"enemies":"3 Louse","floor":10,"turns":3},{"damage":0,"enemies":"downfall:FleeingMerchant","floor":11,"turns":4},{"damage":0,"enemies":"2 Fungi Beasts","floor":12,"turns":2},{"damage":0,"enemies":"3 Sentries","floor":13,"turns":4},{"damage":0,"enemies":"Red Slaver","floor":14,"turns":2},{"damage":5,"enemies":"3 Louse","floor":15,"turns":7},{"damage":0,"enemies":"IC_STATUS_ARCHETYPE","floor":16,"turns":3},{"damage":0,"enemies":"3 Byrds","floor":20,"turns":4},{"damage":0,"enemies":"Spheric Guardian","floor":21,"turns":2},{"damage":21,"enemies":"Spheric Guardian","floor":22,"turns":3},{"damage":0,"enemies":"Shelled Parasite and Fungi","floor":23,"turns":2},{"damage":0,"enemies":"Book of Stabbing","floor":25,"turns":2},{"damage":0,"enemies":"Centurion and Healer","floor":26,"turns":3},{"damage":0,"enemies":"Cultist and Chosen","floor":27,"turns":2},{"damage":0,"enemies":"downfall:FleeingMerchant","floor":29,"turns":1},{"damage":0,"enemies":"Snake Plant","floor":30,"turns":3},{"damage":0,"enemies":"Slavers","floor":31,"turns":1},{"damage":0,"enemies":"Snecko","floor":32,"turns":1},{"damage":0,"enemies":"WA_ARCHETYPE_CALM","floor":33,"turns":4},{"damage":0,"enemies":"Reptomancer","floor":36,"turns":3},{"damage":0,"enemies":"3 Darklings","floor":37,"turns":1},{"damage":0,"enemies":"Nemesis","floor":39,"turns":2},{"damage":0,"enemies":"Giant Head","floor":40,"turns":1},{"damage":0,"enemies":"Reptomancer","floor":44,"turns":1},{"damage":0,"enemies":"Orb Walker","floor":46,"turns":1},{"damage":0,"enemies":"Orb Walker","floor":47,"turns":1},{"damage":0,"enemies":"Writhing Mass","floor":48,"turns":2},{"damage":0,"enemies":"Spire Growth","floor":49,"turns":1},{"damage":0,"enemies":"DF_ARCHETYPE_ORBS","floor":50,"turns":1}],"seed_played":"-5534017468425563068","potions_obtained":[{"floor":6,"key":"bronze:CleanCodePotion"},{"floor":10,"key":"FairyPotion"},{"floor":22,"key":"qcfpunch:Challenger_Coin"},{"floor":22,"key":"qcfpunch:Challenger_Coin"},{"floor":22,"key":"qcfpunch:Challenger_Coin"},{"floor":33,"key":"Energy Potion"}],"is_trial":false,"path_per_floor":["R","M","M","M","?","E","T","R","$","M","$","M","E","M","M","B",null,"R","?","M","M","?","M","T","E","M","M","?","$","M","E","M","B",null,"R","E","M","$","E","E","T","?","R","E","$","M","?","M","M","B",null],"character_chosen":"THE_AUTOMATON","items_purchased":["bronze:FineTuning","reliquary:BallBearing","Vajra","rorgmod:The Boot","reliquary:PartyBalloon","ClockworkSouvenir","bronze:SilverBullet","halation:PrussianBluePaint","Replay:Wax Seal","bronze:Fortify","Blood Vial","REME_EyeOfCthun","ReplayTheSpireMod:Shallot","Civilization"],"campfire_rested":0,"item_purchase_floors":[9,9,9,9,9,11,29,29,29,29,38,38,45,45],"current_hp_per_floor":[1000,1000,1000,1000,981,988,988,997,1000,1000,1000,1000,1000,1000,1000,1000,1000,1000,1000,1000,1000,979,988,988,997,997,997,997,997,997,1000,1000,1000,1000,1000,1000,1000,1000,1000,1014,1014,913,937,939,954,957,961,976,982,989],"gold":8920,"neow_bonus":"THREE_ENEMY_KILL","is_daily":false,"chose_seed":false,"campfire_upgraded":5,"win_rate":0.0,"timestamp":1612968276,"path_taken":["R","M","M","M","?","E","T","R","$","M","$","M","E","M","M","BOSS","R","?","M","?","?","M","T","E","M","M","?","$","M","E","M","BOSS","R","E","M","$","E","E","T","?","R","E","$","M","?","M","M","BOSS"],"items_purchased_type":["Card","Relic","Relic","Relic","Relic","Relic","Relic","Relic","Relic","Card","Relic","Card","Relic","Relic"],"build_version":"2020-12-22","purchased_purges":0,"victory":true,"max_hp_per_floor":[1000,1000,1000,1000,1000,1000,1000,1000,1000,1000,1000,1000,1000,1000,1000,1000,1000,1000,1000,1000,1000,1000,1000,1000,1000,1000,1000,1000,1000,1000,1000,1000,1000,1000,1000,1000,1000,1000,1000,1014,1014,1014,1014,1014,1014,1015,1017,1020,1024,1029],"card_choices":[{"not_picked":["bronze:Deprecate","bronze:Philosophize"],"picked":"bronze:FineTuning","floor":2},{"not_picked":["bronze:Frontload","bronze:CloningBeam"],"picked":"bronze:Repair","floor":3},{"not_picked":["bronze:Separator","bronze:Branch"],"picked":"bronze:Frontload","floor":4},{"not_picked":["bronze:CutThrough","bronze:BuggyMess"],"picked":"bronze:FineTuning","floor":5},{"not_picked":["bronze:WhirlingStrike","bronze:Separator"],"picked":"bronze:Iterate","floor":6},{"not_picked":["bronze:OilSpill","bronze:HardenedForm"],"picked":"bronze:Iterate","floor":9},{"not_picked":["bronze:Turbo","bronze:Allocate"],"picked":"bronze:ItsAFeature","floor":10},{"not_picked":["bronze:CutThrough","bronze:ClassDefault"],"picked":"bronze:Verify","floor":11},{"not_picked":["bronze:Deprecate","bronze:FollowUp"],"picked":"bronze:Separator","floor":12},{"not_picked":["bronze:Safeguard","bronze:Turbo"],"picked":"bronze:Constructor","floor":13},{"not_picked":["bronze:ItsAFeature","bronze:Separator"],"picked":"bronze:Verify","floor":14},{"not_picked":["bronze:MaxOutput","bronze:BugBarrage"],"picked":"bronze:Terminator","floor":15},{"not_picked":["bronze:SpaghettiCode","bronze:BurnOut"],"picked":"bronze:RecursiveStrike","floor":16},{"not_picked":["bronze:Branch","bronze:Frontload"],"picked":"bronze:Overheat","floor":20},{"not_picked":["bronze:BugBarrage","bronze:ForceShield"],"picked":"bronze:WhirlingStrike+1","floor":21},{"not_picked":["bronze:Frontload","bronze:Break"],"picked":"bronze:Iterate+1","floor":22},{"not_picked":["bronze:Frontload","bronze:Turbo"],"picked":"bronze:Invalidate","floor":22},{"not_picked":["bronze:Frontload","bronze:Invalidate","bronze:WildBeam"],"picked":"SKIP","floor":23},{"not_picked":["bronze:Overheat","bronze:BuggyMess"],"picked":"bronze:HardenedForm","floor":25},{"not_picked":["bronze:BitShift+1","bronze:Invalidate"],"picked":"bronze:Iterate","floor":26},{"not_picked":["bronze:ForceShield","bronze:Invalidate","bronze:CutThrough"],"picked":"SKIP","floor":27},{"not_picked":["bronze:HardenedForm","bronze:ChosenStrike"],"picked":"bronze:FineTuning","floor":29},{"not_picked":["bronze:Branch+1","bronze:Safeguard"],"picked":"bronze:Philosophize","floor":30},{"not_picked":["bronze:Philosophize","bronze:Break"],"picked":"bronze:ForLoop","floor":31},{"not_picked":["bronze:CutThrough+1","bronze:Shield+1"],"picked":"bronze:Return+1","floor":32},{"not_picked":["bronze:CleanCode","bronze:Mutator"],"picked":"bronze:AlphaBuild","floor":33},{"not_picked":["bronze:Overheat","bronze:HyperBeam"],"picked":"bronze:DelayedSlice+1","floor":36},{"not_picked":["bronze:Iterate","bronze:DarkDash"],"picked":"bronze:FineTuning","floor":37},{"not_picked":["bronze:Separator+1","bronze:Shield+1"],"picked":"bronze:Virus","floor":39},{"not_picked":["bronze:DelayedSlice","bronze:ForceShield+1"],"picked":"bronze:Iterate","floor":40},{"not_picked":["bronze:ChildClass+1","bronze:WhirlingStrike","bronze:ForceShield"],"picked":"SKIP","floor":44},{"not_picked":["bronze:ChosenStrike+1","bronze:NullPointer"],"picked":"bronze:OilSpill+1","floor":46},{"not_picked":["bronze:ChildClass","bronze:CutThrough+1"],"picked":"bronze:FineTuning","floor":47},{"not_picked":["bronze:DarkDash+1","bronze:ClassDefault"],"picked":"bronze:BronzeArmor+1","floor":48},{"not_picked":["bronze:DarkDash","bronze:Separator"],"picked":"bronze:Iterate+1","floor":49}],"player_experience":336412,"relics_obtained":[{"floor":6,"key":"Eternal Feather"},{"floor":7,"key":"Pet Ghost"},{"floor":13,"key":"hubris:MedicalManual"},{"floor":15,"key":"wanderingMiniBosses:AbyssPearl"},{"floor":24,"key":"reliquary:PorcupineQuills"},{"floor":25,"key":"Guardian:GemstoneGun"},{"floor":31,"key":"ThornShield"},{"floor":36,"key":"REME_HandOfSuture"},{"floor":36,"key":"qcfpunch:Necklace_of_Skulls"},{"floor":39,"key":"FossilizedHelix"},{"floor":39,"key":"MealTicket"},{"floor":40,"key":"Mango"},{"floor":40,"key":"reliquary:SilkGlove"},{"floor":41,"key":"OriginationStaff"},{"floor":44,"key":"Pen Nib"},{"floor":47,"key":"ArrowTower"}],"event_choices":[{"damage_healed":0,"gold_gain":0,"player_choice":"Damaged","damage_taken":101,"max_hp_gain":0,"max_hp_loss":0,"event_name":"Wheel of Change","floor":42,"gold_loss":0}],"is_beta":false,"boss_relics":[{"not_picked":["HereWithMe","MoonlightInvasionPlan"],"picked":"FeatherPendant"},{"not_picked":["construct:ClawGrip","Pandora\u0027s Box"],"picked":"Black Star"}],"items_purged_floors":[],"is_endless":false,"potions_floor_spawned":[5,6,10,12,14,15,20,26,30,31,32,33,40,44,47,48,49],"ascension_level":0}}