{"host":"n9qmgrsa9l2j981v","time":1612997488,"event":{"mods":["BaseMod","Bestiary","Minty Spire (QoL Compilation)","Relic Stats","StSLib"],"gold_per_floor":[114,114,10,27,45,45,76,50,124,134,134,165,178,193,193,267,267,283,296,296,310,322,322,354,354,354],"floor_reached":25,"language":"ENG","playtime":1451,"items_purged":["Strike_R"],"score":470,"play_id":"073d2747-8239-4c8b-8669-281d0480ab95","local_time":"20210210145128","is_ascension_mode":true,"campfire_choices":[{"floor":6,"key":"REST"},{"floor":11,"key":"REST"},{"data":"Sword Boomerang","floor":15,"key":"SMITH"},{"floor":23,"key":"REST"}],"circlet_count":0,"master_deck":["AscendersBane","Strike_R","Strike_R+1","Strike_R+1","Defend_R","Defend_R","Defend_R","Defend_R","Bash","Whirlwind","Cleave","Sword Boomerang+1","Juggernaut","Shrug It Off","Spot Weakness","Ghostly Armor","Demon Form","Entrench","Sword Boomerang","Entrench+1"],"relics":["Philosopher\u0027s Stone","Regal Pillow","Singing Bowl","Mercury Hourglass","Mark of Pain","Shuriken"],"acts_visited":["Exordium","TheCity"],"potions_floor_usage":[22,25],"damage_taken":[{"damage":5.0,"enemies":"Small Slimes","floor":1.0,"turns":3.0},{"damage":2,"enemies":"Cultist","floor":4,"turns":3},{"damage":0,"enemies":"Jaw Worm","floor":5,"turns":3},{"damage":27,"enemies":"Lagavulin","floor":7,"turns":5},{"damage":7,"enemies":"Looter","floor":10,"turns":3},{"damage":13,"enemies":"3 Sentries","floor":12,"turns":5},{"damage":10,"enemies":"Red Slaver","floor":13,"turns":2},{"damage":0,"enemies":"Blue Slaver","floor":14,"turns":3},{"damage":27,"enemies":"Hexaghost","floor":16,"turns":9},{"damage":26,"enemies":"Spheric Guardian","floor":18,"turns":4},{"damage":0,"enemies":"3 Byrds","floor":19,"turns":3},{"damage":23,"enemies":"3 Cultists","floor":21,"turns":4},{"damage":17,"enemies":"Centurion and Healer","floor":22,"turns":4},{"damage":37,"enemies":"Book of Stabbing","floor":24,"turns":4},{"damage":8,"enemies":"Chosen and Byrds","floor":25,"turns":2}],"seed_played":"-75117963993908512","potions_obtained":[{"floor":1,"key":"ElixirPotion"},{"floor":7,"key":"Swift Potion"},{"floor":16,"key":"Energy Potion"}],"is_trial":false,"path_per_floor":["M","?","$","M","M","R","E","$","T","M","R","E","M","M","R","B",null,"M","M","?","M","M","R","E","M"],"character_chosen":"IRONCLAD","items_purchased":["Cleave","Shrug It Off"],"campfire_rested":3,"item_purchase_floors":[3,8],"current_hp_per_floor":[63,40,40,38,38,60,33,33,33,28,66,53,43,45,45,18,64,40,40,40,19,4,44,7,0,0],"gold":354,"neow_bonus":"BOSS_RELIC","is_daily":false,"chose_seed":false,"campfire_upgraded":1,"win_rate":0.0,"timestamp":1612997488,"path_taken":["M","?","$","M","M","R","E","$","T","M","R","E","M","M","R","BOSS","M","M","?","?","M","R","E","M"],"items_purchased_type":["Card","Card"],"build_version":"2020-12-22","purchased_purges":1,"victory":false,"max_hp_per_floor":[75,75,75,75,75,75,75,75,75,77,77,77,77,79,79,79,79,81,81,81,83,85,85,85,85,85],"relic_stats":{"Regal Pillow":30,"Singing Bowl":10,"counters":[15,57],"Shuriken":[0],"obtain_stats":[{"Regal Pillow":7,"Singing Bowl":9,"Shuriken":24,"Philosopher\u0027s Stone":0,"Mark of Pain":17,"Burning Blood":0,"Mercury Hourglass":12},{"Regal Pillow":4,"Singing Bowl":4,"Shuriken":14,"Philosopher\u0027s Stone":0,"Mark of Pain":9,"Burning Blood":0,"Mercury Hourglass":6},{"Regal Pillow":14,"Singing Bowl":14,"Shuriken":55,"Philosopher\u0027s Stone":0,"Mark of Pain":36,"Burning Blood":0,"Mercury Hourglass":22}],"Mercury Hourglass":[137]},"card_choices":[{"not_picked":["Bloodletting","Twin Strike"],"picked":"Whirlwind","floor":1},{"not_picked":["Headbutt","Iron Wave","Heavy Blade"],"picked":"SKIP","floor":4},{"not_picked":["Armaments","Wild Strike"],"picked":"Sword Boomerang","floor":5},{"not_picked":["Cleave","Clash"],"picked":"Juggernaut","floor":7},{"not_picked":["Dark Embrace","Metallicize","Heavy Blade"],"picked":"Singing Bowl","floor":10},{"not_picked":["Pummel","Hemokinesis"],"picked":"Spot Weakness","floor":12},{"not_picked":["Sever Soul","Feel No Pain"],"picked":"Ghostly Armor","floor":13},{"not_picked":["Wild Strike","Perfected Strike","Rampage"],"picked":"Singing Bowl","floor":14},{"not_picked":["Berserk","Immolate"],"picked":"Demon Form","floor":16},{"not_picked":["Clothesline","Anger","Dropkick"],"picked":"Singing Bowl","floor":18},{"not_picked":["Havoc","Twin Strike"],"picked":"Entrench","floor":19},{"not_picked":["Iron Wave+1","Flex","Hemokinesis"],"picked":"Singing Bowl","floor":21},{"not_picked":["Heavy Blade","Flex","Body Slam"],"picked":"Singing Bowl","floor":22},{"not_picked":["Demon Form","Carnage"],"picked":"Entrench+1","floor":24}],"player_experience":686667,"relics_obtained":[{"floor":7,"key":"Regal Pillow"},{"floor":9,"key":"Singing Bowl"},{"floor":12,"key":"Mercury Hourglass"},{"floor":24,"key":"Shuriken"}],"event_choices":[{"damage_healed":0,"gold_gain":0,"player_choice":"Entered Light","damage_taken":23,"max_hp_gain":0,"max_hp_loss":0,"event_name":"Shining Light","floor":2,"gold_loss":0,"cards_upgraded":["Strike_R","Strike_R"]},{"damage_healed":0,"gold_gain":0,"cards_transformed":["Strike_R"],"player_choice":"Transformed","damage_taken":0,"max_hp_gain":0,"max_hp_loss":0,"event_name":"Transmorgrifier","floor":20,"gold_loss":0,"cards_obtained":["Sword Boomerang"]}],"is_beta":false,"boss_relics":[{"not_picked":["Coffee Dripper","Circlet"],"picked":"Mark of Pain"}],"items_purged_floors":[3],"is_endless":false,"potions_floor_spawned":[1,7,13,16,19,21],"killed_by":"Chosen and Byrds","ascension_level":20}}