{"host":"oi6p1guiqfwwvxym","time":1612995719,"event":{"mods":["BaseMod","Bestiary","Colored Map","Minty Spire (QoL Compilation)","Relic Stats"],"gold_per_floor":[163,177,194,194,206,240,240,264,264,1,21,21,21,51,51,155,155,136,136,136,20,30,60,60,71,96,96,11,43,43,78,78,175,175,195,213,435,487,487,487],"floor_reached":39,"language":"ENG","playtime":2318,"items_purged":["Strike_B"],"score":563,"play_id":"6777195b-201c-4849-9813-24cf489b74fd","local_time":"20210210142159","is_ascension_mode":true,"campfire_choices":[{"floor":7,"key":"REST"},{"data":"Dualcast","floor":13,"key":"SMITH"},{"data":"Beam Cell","floor":15,"key":"SMITH"},{"floor":24,"key":"REST"},{"floor":27,"key":"REST"},{"floor":30,"key":"REST"},{"data":"Rainbow","floor":32,"key":"SMITH"}],"circlet_count":0,"master_deck":["Strike_B","Strike_B","Defend_B","Defend_B","Defend_B","Defend_B","Zap+1","Dualcast+1","Turbo","Buffer+1","Sweeping Beam+1","Doom and Gloom+1","Beam Cell+1","Leap","Machine Learning","Melter","Skim","Go for the Eyes","Rainbow+1","Stack","Sunder","Reinforced Body","Ball Lightning","Compile Driver+1","Cold Snap","Echo Form","Glacier","Darkness"],"relics":["Tiny House","Bronze Scales","Odd Mushroom","White Beast Statue","OrangePellets","TungstenRod","Nuclear Battery","Whetstone","Ancient Tea Set","Juzu Bracelet","Red Mask","Smiling Mask","Cursed Key","StoneCalendar"],"acts_visited":["Exordium","TheCity","TheBeyond"],"potions_floor_usage":[8,22,23,23,31,33,36,38,39],"damage_taken":[{"damage":2,"enemies":"2 Louse","floor":1,"turns":3},{"damage":2,"enemies":"Jaw Worm","floor":2,"turns":4},{"damage":5,"enemies":"Cultist","floor":3,"turns":4},{"damage":19,"enemies":"Exordium Thugs","floor":5,"turns":3},{"damage":15,"enemies":"Lagavulin","floor":6,"turns":6},{"damage":10,"enemies":"The Mushroom Lair","floor":8,"turns":3},{"damage":0,"enemies":"Blue Slaver","floor":11,"turns":2},{"damage":0,"enemies":"Gremlin Nob","floor":14,"turns":4},{"damage":17,"enemies":"Hexaghost","floor":16,"turns":6},{"damage":15,"enemies":"2 Thieves","floor":18,"turns":4},{"damage":0,"enemies":"Spheric Guardian","floor":22,"turns":5},{"damage":20,"enemies":"Gremlin Leader","floor":23,"turns":6},{"damage":11,"enemies":"Snecko","floor":25,"turns":6},{"damage":19,"enemies":"Masked Bandits","floor":29,"turns":5},{"damage":14,"enemies":"Book of Stabbing","floor":31,"turns":5},{"damage":27,"enemies":"Champ","floor":33,"turns":11},{"damage":21,"enemies":"3 Darklings","floor":35,"turns":6},{"damage":8,"enemies":"Orb Walker","floor":36,"turns":3},{"damage":35,"enemies":"2 Orb Walkers","floor":38,"turns":6},{"damage":7,"enemies":"Writhing Mass","floor":39,"turns":2}],"seed_played":"2811368999901988371","potions_obtained":[{"floor":0,"key":"BlessingOfTheForge"},{"floor":3,"key":"FocusPotion"},{"floor":6,"key":"SteroidPotion"},{"floor":11,"key":"Ancient Potion"},{"floor":22,"key":"SneckoOil"},{"floor":23,"key":"GamblersBrew"},{"floor":25,"key":"Strength Potion"},{"floor":29,"key":"PowerPotion"},{"floor":31,"key":"DistilledChaos"},{"floor":33,"key":"PowerPotion"},{"floor":36,"key":"SpeedPotion"},{"floor":38,"key":"PowerPotion"}],"is_trial":false,"path_per_floor":["M","M","M","?","M","E","R","?","T","$","M","?","R","E","R","B",null,"M","?","?","$","M","E","R","M","T","R","?","?","R","E","R","B",null,"M","M","?","?","M"],"character_chosen":"DEFECT","items_purchased":["OrangePellets","Melter","Sunder","Reinforced Body"],"campfire_rested":4,"item_purchase_floors":[10,10,21,21],"current_hp_per_floor":[78,76,71,64,45,30,54,44,44,44,44,44,44,44,44,27,67,52,52,38,38,38,18,43,32,32,57,57,38,63,49,49,22,69,48,40,40,5,0,0],"gold":487,"neow_bonus":"BOSS_RELIC","is_daily":false,"chose_seed":false,"campfire_upgraded":3,"win_rate":0.0,"timestamp":1612995719,"path_taken":["M","M","M","?","M","E","R","?","T","?","?","?","R","E","R","BOSS","M","?","?","?","M","E","R","M","T","R","?","?","R","E","R","BOSS","M","M","?","?","M"],"items_purchased_type":["Relic","Card","Card","Card"],"build_version":"2020-12-22","purchased_purges":1,"victory":false,"max_hp_per_floor":[80,80,80,80,80,80,80,80,80,80,80,80,80,80,80,80,80,80,80,85,85,85,85,85,85,85,85,85,85,85,85,85,85,85,85,85,85,85,85,85],"relic_stats":{"OrangePellets":[2],"counters":[20,94],"Bronze Scales":[236],"StoneCalendar":[0],"Juzu Bracelet":1,"Whetstone":["Doom and Gloom","Sweeping Beam"],"Smiling Mask":0,"Cursed Key":0,"obtain_stats":[{"Tiny House":0,"StoneCalendar":38,"Juzu Bracelet":28,"Whetstone":23,"Odd Mushroom":8,"Ancient Tea Set":26,"Smiling Mask":31,"Cursed Key":34,"White Beast Statue":9,"Nuclear Battery":17,"OrangePellets":10,"Bronze Scales":6,"Red Mask":29,"Cracked Core":0,"TungstenRod":14},{"Tiny House":0,"StoneCalendar":19,"Juzu Bracelet":13,"Whetstone":12,"Odd Mushroom":6,"Ancient Tea Set":13,"Smiling Mask":15,"Cursed Key":16,"White Beast Statue":6,"Nuclear Battery":9,"OrangePellets":6,"Bronze Scales":5,"Red Mask":14,"Cracked Core":0,"TungstenRod":8},{"Tiny House":0,"StoneCalendar":92,"Juzu Bracelet":56,"Whetstone":50,"Odd Mushroom":23,"Ancient Tea Set":56,"Smiling Mask":66,"Cursed Key":77,"White Beast Statue":23,"Nuclear Battery":35,"OrangePellets":23,"Bronze Scales":20,"Red Mask":61,"Cracked Core":0,"TungstenRod":29}],"TungstenRod":35},"card_choices":[{"not_picked":["Steam","Leap"],"picked":"Turbo","floor":0},{"not_picked":["Hologram","Heatsinks"],"picked":"Buffer","floor":1},{"not_picked":["Undo","Turbo"],"picked":"Sweeping Beam","floor":2},{"not_picked":["Redo","Undo"],"picked":"Doom and Gloom","floor":3},{"not_picked":["Rebound","Turbo"],"picked":"Beam Cell","floor":5},{"not_picked":["Streamline","Barrage"],"picked":"Leap","floor":6},{"not_picked":["Hologram","Steam"],"picked":"Machine Learning","floor":8},{"not_picked":["Lockon","Sweeping Beam"],"picked":"Skim","floor":11},{"not_picked":["Aggregate","Streamline"],"picked":"Go for the Eyes","floor":14},{"not_picked":["Hyperbeam","Seek"],"picked":"Rainbow","floor":16},{"not_picked":["Beam Cell+1","Turbo+1"],"picked":"Stack","floor":18},{"not_picked":["Lockon","Redo"],"picked":"Ball Lightning","floor":22},{"not_picked":["Ball Lightning","Double Energy+1"],"picked":"Compile Driver+1","floor":23},{"not_picked":["Skim","Leap+1","Go for the Eyes"],"picked":"SKIP","floor":25},{"not_picked":["Conserve Battery","Gash+1"],"picked":"Cold Snap","floor":29},{"not_picked":["Fusion","Coolheaded","Double Energy"],"picked":"SKIP","floor":31},{"not_picked":["Hyperbeam","Electrodynamics"],"picked":"Echo Form","floor":33},{"not_picked":["Gash+1","Cold Snap+1"],"picked":"Glacier","floor":35},{"not_picked":["Ball Lightning+1","Chill+1","Cold Snap+1"],"picked":"SKIP","floor":36},{"not_picked":["Steam Power","Beam Cell+1"],"picked":"Darkness","floor":38}],"player_experience":427973,"relics_obtained":[{"floor":6,"key":"Bronze Scales"},{"floor":8,"key":"Odd Mushroom"},{"floor":9,"key":"White Beast Statue"},{"floor":14,"key":"TungstenRod"},{"floor":23,"key":"Whetstone"},{"floor":26,"key":"Ancient Tea Set"},{"floor":29,"key":"Red Mask"},{"floor":31,"key":"Smiling Mask"},{"floor":38,"key":"StoneCalendar"}],"event_choices":[{"cards_removed":["Strike_B"],"damage_healed":0,"gold_gain":0,"player_choice":"Card Removal","damage_taken":7,"max_hp_gain":0,"max_hp_loss":0,"event_name":"Golden Wing","floor":4,"gold_loss":0},{"damage_healed":0,"gold_gain":0,"player_choice":"Fought Mushrooms","damage_taken":0,"max_hp_gain":0,"max_hp_loss":0,"event_name":"Mushrooms","floor":8,"gold_loss":0},{"damage_healed":0,"gold_gain":0,"player_choice":"Grow","damage_taken":0,"max_hp_gain":0,"max_hp_loss":0,"event_name":"Living Wall","floor":12,"gold_loss":0,"cards_upgraded":["Buffer"]},{"damage_healed":0,"gold_gain":0,"player_choice":"Ignored","damage_taken":0,"max_hp_gain":0,"max_hp_loss":0,"event_name":"Ghosts","floor":19,"gold_loss":0},{"damage_healed":0,"gold_gain":0,"player_choice":"Shed Blood","damage_taken":20,"max_hp_gain":5,"max_hp_loss":0,"event_name":"Forgotten Altar","floor":20,"gold_loss":0},{"damage_healed":0,"gold_gain":0,"player_choice":"Obtained Relic","damage_taken":0,"relics_obtained":["Juzu Bracelet"],"max_hp_gain":0,"max_hp_loss":0,"event_name":"Addict","floor":28,"gold_loss":85},{"damage_healed":0,"gold_gain":0,"player_choice":"Fought Bandits","damage_taken":0,"max_hp_gain":0,"max_hp_loss":0,"event_name":"Masked Bandits","floor":29,"gold_loss":0},{"damage_healed":0,"gold_gain":222,"player_choice":"Wore Mask","damage_taken":0,"max_hp_gain":0,"max_hp_loss":0,"event_name":"Tomb of Lord Red Mask","floor":37,"gold_loss":0},{"damage_healed":0,"gold_gain":0,"player_choice":"Fight","damage_taken":0,"max_hp_gain":0,"max_hp_loss":0,"event_name":"Mysterious Sphere","floor":38,"gold_loss":0}],"is_beta":false,"boss_relics":[{"not_picked":["Black Star","SacredBark"],"picked":"Nuclear Battery"},{"not_picked":["Busted Crown","Sozu"],"picked":"Cursed Key"}],"items_purged_floors":[10],"is_endless":false,"potions_floor_spawned":[3,6,11,14,16,18,22,23,25,29,31,33,35,36,38],"killed_by":"Writhing Mass","ascension_level":5}}