{"host":"qksa0nge77ubun9a","time":1612996992,"event":{"mods":["AchievementEnabler","BaseMod","Colored Map","Colored Powertips","Googly Eyes","Highlight Path","Minty Spire (QoL Compilation)","Quick Restart","StSLib"],"gold_per_floor":[112,112,129,99,11,40,58,58,138,138,151,167,167,17,17,95,95,115,115,129,129,146,146,171,171,171,171,171,171],"floor_reached":28,"language":"ENG","playtime":1283,"items_purged":["Strike_R"],"score":414,"play_id":"10841c6d-409a-4aa0-9068-c41a7e60c154","local_time":"20210210144312","is_ascension_mode":true,"campfire_choices":[{"data":"Uppercut","floor":8.0,"key":"SMITH"},{"floor":10.0,"key":"REST"},{"data":"Armaments","floor":15.0,"key":"SMITH"},{"floor":23.0,"key":"REST"},{"floor":25.0,"key":"REST"}],"circlet_count":0,"master_deck":["AscendersBane","Bash","Immolate","Burning Pact","Uppercut+1","Flash of Steel","Bludgeon","Shrug It Off","Armaments+1","True Grit","Fire Breathing","Offering","Uppercut","Fiend Fire","Clothesline","Rupture","Metallicize","Sword Boomerang+1","Disarm","Combust","Ghostly","Ghostly","Ghostly","Ghostly","Ghostly","Intimidate","Warcry","Iron Wave+1","Impatience"],"relics":["Burning Blood","Lantern","Boot","Question Card","Pandora\u0027s Box","Enchiridion","Whetstone","Turnip"],"acts_visited":["Exordium","TheCity"],"potions_floor_usage":[28,28,28,28],"damage_taken":[{"damage":9.0,"enemies":"2 Louse","floor":1.0,"turns":2.0},{"damage":1.0,"enemies":"Cultist","floor":3.0,"turns":3.0},{"damage":35.0,"enemies":"Lagavulin","floor":6.0,"turns":5.0},{"damage":2.0,"enemies":"Jaw Worm","floor":7.0,"turns":2.0},{"damage":1.0,"enemies":"3 Louse","floor":11.0,"turns":2.0},{"damage":0.0,"enemies":"Lots of Slimes","floor":12.0,"turns":1.0},{"damage":30.0,"enemies":"The Guardian","floor":16.0,"turns":9.0},{"damage":6.0,"enemies":"3 Byrds","floor":18.0,"turns":3.0},{"damage":12.0,"enemies":"Shell Parasite","floor":20.0,"turns":7.0},{"damage":6.0,"enemies":"Snecko","floor":22.0,"turns":3.0},{"damage":26.0,"enemies":"Book of Stabbing","floor":24.0,"turns":8.0},{"damage":8,"enemies":"Snake Plant","floor":28,"turns":1}],"seed_played":"-4970581499103069141","potions_obtained":[{"floor":4.0,"key":"Dexterity Potion"},{"floor":4.0,"key":"Strength Potion"},{"floor":11.0,"key":"Energy Potion"},{"floor":20.0,"key":"SteroidPotion"},{"floor":24.0,"key":"ElixirPotion"}],"is_trial":false,"path_per_floor":["M","?","M","?","$","E","M","R","T","R","M","M","?","$","R","B",null,"M","?","M","?","M","R","E","R","T","?","M"],"character_chosen":"IRONCLAD","items_purchased":["Flash of Steel","Fire Breathing"],"campfire_rested":3,"item_purchase_floors":[5,14],"current_hp_per_floor":[69,66,71,71,71,42,46,46,46,70,75,80,73,73,73,49,72,72,40,34,18,18,30,10,22,22,4,0,0],"gold":171,"neow_bonus":"ONE_RANDOM_RARE_CARD","is_daily":false,"chose_seed":false,"campfire_upgraded":2,"win_rate":0.0,"timestamp":1612996992,"path_taken":["M","?","M","?","$","E","?","R","T","R","M","M","?","$","R","BOSS","M","?","M","?","M","R","E","R","T","?","?"],"items_purchased_type":["Card","Card"],"build_version":"2020-12-22","purchased_purges":1,"victory":false,"max_hp_per_floor":[80,80,80,80,80,80,80,80,80,80,80,80,80,80,80,80,80,80,40,40,40,40,40,40,40,40,40,40,40],"card_choices":[{"not_picked":["Iron Wave","Perfected Strike"],"picked":"Burning Pact","floor":1.0},{"not_picked":["Burning Pact","Twin Strike"],"picked":"Uppercut","floor":3.0},{"not_picked":["Clothesline","Rupture"],"picked":"Bludgeon","floor":6.0},{"not_picked":["Feel No Pain","Perfected Strike"],"picked":"Shrug It Off","floor":7.0},{"not_picked":["Dual Wield","Perfected Strike","Anger"],"picked":"Armaments","floor":11.0},{"not_picked":["Clash","Whirlwind","Headbutt"],"picked":"True Grit","floor":12.0},{"not_picked":["Impervious","Exhume","Double Tap"],"picked":"Offering","floor":16.0},{"not_picked":["Second Wind","Cleave","Heavy Blade"],"picked":"Combust","floor":18.0},{"not_picked":["Second Wind","Heavy Blade","Burning Pact"],"picked":"Intimidate","floor":20.0},{"not_picked":["Twin Strike","Flex","Thunderclap"],"picked":"Warcry","floor":22.0},{"not_picked":["Armaments","Clothesline","Brutality"],"picked":"Iron Wave","floor":24.0}],"player_experience":1373790,"relics_obtained":[{"floor":6.0,"key":"Boot"},{"floor":9.0,"key":"Question Card"},{"floor":21.0,"key":"Enchiridion"},{"floor":24.0,"key":"Whetstone"},{"floor":26.0,"key":"Turnip"}],"event_choices":[{"damage_healed":0.0,"max_hp_gain":0.0,"max_hp_loss":0.0,"gold_gain":0.0,"event_name":"Scrap Ooze","player_choice":"Success","floor":2.0,"gold_loss":0.0,"damage_taken":3.0,"relics_obtained":["Lantern"]},{"damage_healed":0.0,"max_hp_gain":0.0,"max_hp_loss":0.0,"gold_gain":0.0,"event_name":"The Woman in Blue","player_choice":"Bought 2 Potions","floor":4.0,"gold_loss":0.0,"damage_taken":0.0},{"cards_removed":["Defend_R"],"damage_healed":0.0,"max_hp_gain":0.0,"max_hp_loss":0.0,"gold_gain":0.0,"event_name":"Golden Wing","player_choice":"Card Removal","floor":13.0,"gold_loss":0.0,"damage_taken":7.0},{"damage_healed":0.0,"max_hp_gain":0.0,"max_hp_loss":40.0,"gold_gain":0.0,"event_name":"Ghosts","player_choice":"Became a Ghost","floor":19.0,"gold_loss":0.0,"damage_taken":0.0,"cards_obtained":["Ghostly","Ghostly","Ghostly","Ghostly","Ghostly"]},{"damage_healed":0.0,"max_hp_gain":0.0,"max_hp_loss":0.0,"gold_gain":0.0,"event_name":"Cursed Tome","player_choice":"Obtained Book","floor":21.0,"gold_loss":0.0,"damage_taken":16.0},{"damage_healed":0.0,"max_hp_gain":0.0,"max_hp_loss":0.0,"gold_gain":0.0,"event_name":"Knowing Skull","player_choice":"CARD POTION ","floor":27.0,"potions_obtained":["EntropicBrew"],"gold_loss":0.0,"damage_taken":18.0,"cards_obtained":["Impatience"]}],"is_beta":false,"boss_relics":[{"not_picked":["SacredBark","Fusion Hammer"],"picked":"Pandora\u0027s Box"}],"items_purged_floors":[14],"is_endless":false,"potions_floor_spawned":[11,12,20,24],"killed_by":"Snake Plant","ascension_level":13}}