{"host":"xg4r5pv6chpuampg","time":1612981033,"event":{"mods":["AchievementEnabler","BaseMod","Googly Eyes","Minty Spire (QoL Compilation)"],"gold_per_floor":[113,128,174,37,37,37,67,67,67,97,112,146,164,180,180,278,278,288,31,50,60,73,73,84,84,165,177,206,121,121,70,70,70,70],"floor_reached":33,"language":"ENG","playtime":1230,"items_purged":[],"score":312,"play_id":"ade93ce1-3350-4e03-afe4-4f4c6bb7bf6f","local_time":"20210210211713","is_ascension_mode":false,"campfire_choices":[{"floor":6,"key":"RECALL"},{"data":"Thunder Strike","floor":8,"key":"SMITH"},{"floor":15,"key":"REST"},{"floor":23,"key":"REST"},{"floor":30,"key":"REST"},{"floor":32,"key":"REST"}],"circlet_count":0,"master_deck":["Strike_B","Strike_B","Strike_B","Strike_B","Defend_B","Defend_B","Defend_B","Defend_B","Zap","Dualcast","Ball Lightning","Static Discharge","White Noise+1","Thunder Strike+1","Conserve Battery","Rebound","Rainbow","Rebound+1","Barrage","Redo+1","Storm","Streamline+1"],"relics":["Cracked Core","NeowsBlessing","PreservedInsect","Boot","Incense Burner","Lizard Tail","Du-Vu Doll","Black Star","Bottled Tornado","Letter Opener","Matryoshka","Bronze Scales","Molten Egg 2","Toy Ornithopter"],"acts_visited":["Exordium","TheCity"],"potions_floor_usage":[12,16,27,28,28,33,33],"damage_taken":[{"damage":0,"enemies":"Cultist","floor":1,"turns":1},{"damage":0,"enemies":"Small Slimes","floor":2,"turns":1},{"damage":0,"enemies":"Gremlin Nob","floor":7,"turns":1},{"damage":17,"enemies":"3 Sentries","floor":10,"turns":4},{"damage":7,"enemies":"2 Louse","floor":11,"turns":3},{"damage":6,"enemies":"Gremlin Nob","floor":12,"turns":2},{"damage":1,"enemies":"Blue Slaver","floor":13,"turns":4},{"damage":0,"enemies":"2 Fungi Beasts","floor":14,"turns":3},{"damage":33,"enemies":"The Guardian","floor":16,"turns":10},{"damage":17,"enemies":"Shell Parasite","floor":18,"turns":4},{"damage":5,"enemies":"Chosen","floor":20,"turns":4},{"damage":11,"enemies":"Centurion and Healer","floor":21,"turns":3},{"damage":32,"enemies":"Shelled Parasite and Fungi","floor":22,"turns":4},{"damage":15,"enemies":"Chosen and Byrds","floor":24,"turns":3},{"damage":24,"enemies":"3 Cultists","floor":27,"turns":5},{"damage":15,"enemies":"Gremlin Leader","floor":28,"turns":4},{"damage":93,"enemies":"Automaton","floor":33,"turns":8}],"seed_played":"-4127769695794558586","potions_obtained":[{"floor":7,"key":"Fire Potion"},{"floor":12,"key":"Strength Potion"},{"floor":13,"key":"AttackPotion"},{"floor":20,"key":"BlessingOfTheForge"},{"floor":24,"key":"Explosive Potion"},{"floor":27,"key":"DistilledChaos"},{"floor":28,"key":"Regen Potion"}],"is_trial":false,"path_per_floor":["M","M","T","$","?","R","E","R","T","E","M","E","M","M","R","B",null,"M","$","M","M","M","R","M","?","T","M","E","?","R","?","R","B"],"character_chosen":"DEFECT","items_purchased":["Static Discharge","White Noise","Bottled Tornado"],"campfire_rested":4,"item_purchase_floors":[4,4,19],"current_hp_per_floor":[75,75,75,75,75,75,75,75,75,58,51,45,44,44,66,33,75,58,58,53,42,10,32,17,17,17,37,22,22,44,44,66,0,0],"gold":70,"neow_bonus":"THREE_ENEMY_KILL","is_daily":false,"chose_seed":false,"campfire_upgraded":1,"win_rate":0.0,"timestamp":1612981033,"path_taken":["M","M","?","$","?","R","E","R","T","E","M","E","M","M","R","BOSS","M","?","?","?","M","R","M","?","T","M","E","?","R","?","R","BOSS"],"items_purchased_type":["Card","Card","Relic"],"build_version":"2020-12-22","purchased_purges":0,"victory":false,"max_hp_per_floor":[75,75,75,75,75,75,75,75,75,75,75,75,75,75,75,75,75,75,75,75,75,75,75,75,75,75,75,75,75,75,75,75,75,75],"card_choices":[{"not_picked":["Hologram","Stack"],"picked":"Ball Lightning","floor":1},{"not_picked":["Blizzard","BootSequence","Go for the Eyes"],"picked":"SKIP","floor":2},{"not_picked":["Sweeping Beam","Hologram"],"picked":"Thunder Strike","floor":7},{"not_picked":["Static Discharge","Meteor Strike"],"picked":"Conserve Battery","floor":10},{"not_picked":["Reprogram","Reinforced Body"],"picked":"Rebound","floor":11},{"not_picked":["Recycle","Hologram","Compile Driver"],"picked":"SKIP","floor":12},{"not_picked":["Steam","Beam Cell","Reprogram"],"picked":"SKIP","floor":13},{"not_picked":["Coolheaded","Thunder Strike","Leap"],"picked":"SKIP","floor":14},{"not_picked":["Echo Form","Seek"],"picked":"Rainbow","floor":16},{"not_picked":["Compile Driver+1","Hologram"],"picked":"Rebound+1","floor":18},{"not_picked":["Compile Driver","Aggregate"],"picked":"Barrage","floor":20},{"not_picked":["Tempest","Echo Form"],"picked":"Redo+1","floor":21},{"not_picked":["Gash","Go for the Eyes","Beam Cell"],"picked":"SKIP","floor":22},{"not_picked":["Streamline","Steam"],"picked":"Storm","floor":24},{"not_picked":["Aggregate","Barrage","Steam Power+1"],"picked":"SKIP","floor":27},{"not_picked":["Gash","Static Discharge"],"picked":"Streamline+1","floor":28}],"player_experience":108909,"relics_obtained":[{"floor":3,"key":"PreservedInsect"},{"floor":7,"key":"Boot"},{"floor":9,"key":"Incense Burner"},{"floor":10,"key":"Lizard Tail"},{"floor":12,"key":"Du-Vu Doll"},{"floor":26,"key":"Letter Opener"},{"floor":28,"key":"Matryoshka"},{"floor":28,"key":"Bronze Scales"}],"event_choices":[{"damage_healed":0,"gold_gain":0,"player_choice":"Forge","damage_taken":0,"max_hp_gain":0,"max_hp_loss":0,"event_name":"Accursed Blacksmith","floor":5,"gold_loss":0,"cards_upgraded":["White Noise"]},{"damage_healed":0,"gold_gain":0,"player_choice":"Ignored","damage_taken":0,"max_hp_gain":0,"max_hp_loss":0,"event_name":"Cursed Tome","floor":25,"gold_loss":0},{"damage_healed":0,"gold_gain":0,"player_choice":"Obtained Relic","damage_taken":0,"relics_obtained":["Molten Egg 2"],"max_hp_gain":0,"max_hp_loss":0,"event_name":"Addict","floor":29,"gold_loss":85},{"damage_healed":0,"gold_gain":0,"player_choice":"Paid Gold","damage_taken":0,"relics_obtained":["Toy Ornithopter"],"max_hp_gain":0,"max_hp_loss":0,"event_name":"WeMeetAgain","floor":31,"gold_loss":51}],"is_beta":false,"boss_relics":[{"not_picked":["Fusion Hammer","Velvet Choker"],"picked":"Black Star"}],"items_purged_floors":[],"is_endless":false,"potions_floor_spawned":[7,12,13,20,24,27,28],"killed_by":"Automaton","ascension_level":0}}