{"host":"fhwr1fuluf6086fh","time":1612926843,"event":{"mods":["2.2 Compatiblity","Act Like it!","BaseMod","Colored Map","Downfall","Elementarium","Hermit","Marisa????????","Minty Spire (QoL Compilation)","StSLib","The Caster","The Dragon Tamer","The Elementalist","The Hierophant","TheSurvivalist"],"gold_per_floor":[199,210,221,237,254,282,282,302,302,330,330,359,374,386,402,498,498,498,514,133,133,133,50,98,98,110,95,110,139,165,192,212,307,307,207,220,320,337,353,367,390,435,465,507,1,1,15,32,47,47],"floor_reached":51,"language":"ENG","playtime":7903,"items_purged":["Slimebound:Strike_Slimebound","Slimebound:Tackle"],"score":875,"play_id":"74cf6813-9bc1-4b2e-b3fd-6d52c218ea78","local_time":"20210209221403","is_ascension_mode":false,"campfire_choices":[{"data":"Slimebound:Split","floor":1.0,"key":"SMITH"},{"data":"Slimebound:LevelUp","floor":9.0,"key":"SMITH"},{"floor":11.0,"key":"REST"},{"data":"Slimebound:SpikyOuterGoop","floor":18.0,"key":"SMITH"},{"data":"Slimebound:Schlurp","floor":35,"key":"SMITH"},{"data":"expansioncontent:StudyTheSpire","floor":46,"key":"SMITH"}],"circlet_count":0,"master_deck":["Slimebound:Strike_Slimebound","Slimebound:Strike_Slimebound","Slimebound:Defend_Slimebound","Slimebound:Defend_Slimebound","Slimebound:Defend_Slimebound","Slimebound:Defend_Slimebound","Slimebound:Split+1","Slimebound:CorrosiveSpit","Slimebound:LivingWall","Slimebound:Gluttony","Slimebound:LeechingTouch","Slimebound:LevelUp+1","Slimebound:Gluttony","Slimebound:SplitMire","Slimebound:SpikyOuterGoop+1","Slimebound:SpikyOuterGoop","Slimebound:ProtectTheBoss","Slimebound:Schlurp+1","Slimebound:FinishingTackle","Slimebound:OozeBath","Slimebound:GrowthPunch","Slimebound:AcidTongue","Slimebound:LeadByExample","Slimebound:FinishingTackle","Slimebound:LeechEnergy","RitualDagger","Slimebound:ViciousTackle","Slimebound:LeadByExample","Slimebound:LeechLife","Slimebound:SplitLeeching+1","Slimebound:LeechingTouch","Slimebound:ItLooksTasty+1","Slimebound:LeechEnergy+1","Slimebound:LevelUp","Slimebound:SplitLeeching","Slimebound:MegaLick","Slimebound:SamplingLick+1","Slimebound:Schlurp","Slimebound:DouseInSlime","Slimebound:SamplingLick+1","Slimebound:Nibble+1","Slimebound:SplitAcid","Slimebound:TongueLash+1","Slimebound:OozeBath","Slimebound:PressTheAttack+1","Slimebound:LeadByExample+1","Slimebound:Gluttony","Slimebound:SlimeSlap","expansioncontent:StudyTheSpire+1","Slimebound:LeechingTouch","Parasite","Slimebound:Schlurp+1","Slimebound:AcidTongue","Slimebound:LeechEnergy+1"],"relics":["Slimebound:AbsorbEndCombat","Meat on the Bone","Pantograph","Mummified Hand","Shuriken","Black Star","Orichalcum","Boot","Peace Pipe","Bronze Scales","Tiny Chest","Vajra","Eternal Feather","Slimebound:TarBlob","downfall:HeartBlessingGreen","MawBank","Blood Vial","Smiling Mask","Mercury Hourglass","Pen Nib"],"acts_visited":["Exordium","TheCity","TheBeyond"],"potions_floor_usage":[27,29,31,33,38,42,50,50,50],"damage_taken":[{"damage":0.0,"enemies":"2 Louse","floor":2.0,"turns":4.0},{"damage":1.0,"enemies":"Small Slimes","floor":3.0,"turns":4.0},{"damage":2.0,"enemies":"Cultist","floor":4.0,"turns":4.0},{"damage":8.0,"enemies":"3 Louse","floor":5.0,"turns":3.0},{"damage":29.0,"enemies":"3 Sentries","floor":6.0,"turns":7.0},{"damage":25.0,"enemies":"Exordium Thugs","floor":8.0,"turns":5.0},{"damage":32.0,"enemies":"Gremlin Nob","floor":10.0,"turns":5.0},{"damage":31.0,"enemies":"3 Sentries","floor":12.0,"turns":7.0},{"damage":1.0,"enemies":"2 Fungi Beasts","floor":13.0,"turns":3.0},{"damage":19.0,"enemies":"Lots of Slimes","floor":14.0,"turns":5.0},{"damage":9.0,"enemies":"3 Louse","floor":15.0,"turns":8.0},{"damage":4.0,"enemies":"WA_ARCHETYPE_RETAIN","floor":16.0,"turns":8.0},{"damage":35.0,"enemies":"3 Byrds","floor":19.0,"turns":6.0},{"damage":0,"enemies":"downfall:FleeingMerchant","floor":20,"turns":4},{"damage":3,"enemies":"downfall:FleeingMerchant","floor":23,"turns":4},{"damage":30,"enemies":"Shelled Parasite and Fungi","floor":26,"turns":6},{"damage":15,"enemies":"downfall:FleeingMerchant","floor":27,"turns":4},{"damage":37,"enemies":"Centurion and Healer","floor":28,"turns":5},{"damage":15,"enemies":"Book of Stabbing","floor":29,"turns":5},{"damage":12,"enemies":"downfall:FleeingMerchant","floor":30,"turns":3},{"damage":59,"enemies":"Slavers","floor":31,"turns":5},{"damage":8,"enemies":"Snecko","floor":32,"turns":4},{"damage":6,"enemies":"DF_ARCHETYPE_CLAW","floor":33,"turns":7},{"damage":9,"enemies":"Orb Walker","floor":36,"turns":3},{"damage":16,"enemies":"3 Darklings","floor":38,"turns":6},{"damage":5,"enemies":"Maw","floor":39,"turns":8},{"damage":6,"enemies":"Spire Growth","floor":40,"turns":5},{"damage":27,"enemies":"Reptomancer","floor":42,"turns":5},{"damage":20,"enemies":"3 Darklings","floor":43,"turns":5},{"damage":43,"enemies":"Giant Head","floor":44,"turns":8},{"damage":9,"enemies":"Writhing Mass","floor":47,"turns":5},{"damage":4,"enemies":"4 Shapes","floor":48,"turns":4},{"damage":39,"enemies":"3 Darklings","floor":49,"turns":6},{"damage":13,"enemies":"SI_POISON_ARCHETYPE","floor":50,"turns":8}],"seed_played":"-1336475246880329870","potions_obtained":[{"floor":2.0,"key":"SpeedPotion"},{"floor":3.0,"key":"LiquidMemories"},{"floor":4.0,"key":"FearPotion"},{"floor":6.0,"key":"EssenceOfSteel"},{"floor":15.0,"key":"Swift Potion"},{"floor":16.0,"key":"SpeedPotion"},{"floor":19,"key":"Slimebound:ThreeZeroPotion"},{"floor":28,"key":"Energy Potion"},{"floor":32,"key":"Explosive Potion"},{"floor":33,"key":"LiquidMemories"},{"floor":38,"key":"LiquidBronze"},{"floor":39,"key":"Weak Potion"},{"floor":44,"key":"Ancient Potion"},{"floor":49,"key":"Strength Potion"}],"is_trial":false,"path_per_floor":["R","M","M","M","M","E","T","M","R","E","R","E","M","M","M","B",null,"R","M","$","?","?","$","T","?","M","$","M","E","$","E","M","B",null,"R","M","?","M","M","M","T","E","M","E","$","R","M","M","M","B",null],"character_chosen":"SLIMEBOUND","items_purchased":["Slimebound:LeadByExample","Orichalcum","Slimebound:FinishingTackle","Slimebound:LeechEnergy","Slimebound:LeadByExample","Slimebound:LevelUp","Slimebound:SplitLeeching","Slimebound:MegaLick","Tiny Chest","Slimebound:Gluttony","Slimebound:SlimeSlap","expansioncontent:StudyTheSpire","Slimebound:LeechingTouch","PowerPotion"],"campfire_rested":1,"item_purchase_floors":[20,20,20,20,23,30,30,30,30,45,45,45,45,45],"current_hp_per_floor":[65,65,65,65,63,34,34,29,29,13,32,19,36,33,44,65,65,65,36,44,44,38,43,43,43,33,38,38,43,63,34,38,59,65,65,62,62,65,64,65,65,65,65,42,42,65,64,65,34,54],"gold":47,"neow_bonus":"HUNDRED_GOLD","is_daily":false,"chose_seed":false,"campfire_upgraded":5,"win_rate":0.0,"timestamp":1612926843,"path_taken":["R","M","M","M","M","E","T","M","R","E","R","E","M","M","M","BOSS","R","M","$","?","?","$","T","?","M","?","M","E","$","E","M","BOSS","R","M","?","M","?","M","T","E","M","E","$","R","M","M","M","BOSS"],"items_purchased_type":["Card","Relic","Card","Card","Card","Card","Card","Card","Relic","Card","Card","Card","Card","Potion"],"build_version":"2020-12-22","purchased_purges":2,"victory":true,"max_hp_per_floor":[65,65,65,65,65,65,65,65,65,65,65,65,65,65,65,65,65,65,65,65,65,65,65,65,65,65,65,65,65,65,65,65,65,65,65,65,65,65,65,65,65,65,65,65,65,65,65,65,65,65],"card_choices":[{"not_picked":["Slimebound:SlimeTap","Slimebound:ItLooksTasty"],"picked":"Slimebound:LivingWall","floor":2.0},{"not_picked":["Slimebound:HauntingLick","Slimebound:LeadByExample"],"picked":"Slimebound:Gluttony","floor":3.0},{"not_picked":["Slimebound:ItLooksTasty","Slimebound:Gluttony"],"picked":"Slimebound:LeechingTouch","floor":4.0},{"not_picked":["Slimebound:HauntingLick","Slimebound:BestDefense"],"picked":"Slimebound:LevelUp","floor":5.0},{"not_picked":["Slimebound:BestDefense","Slimebound:ItLooksTasty"],"picked":"Slimebound:Gluttony","floor":6.0},{"not_picked":["Slimebound:BestDefense","Slimebound:Nibble"],"picked":"Slimebound:SplitMire","floor":8.0},{"not_picked":["Slimebound:LevelUp","Slimebound:ForwardTackle"],"picked":"Slimebound:SpikyOuterGoop","floor":10.0},{"not_picked":["Slimebound:SlimeTap","Slimebound:LivingWall"],"picked":"Slimebound:SpikyOuterGoop","floor":12.0},{"not_picked":["Slimebound:SplitBruiser","Slimebound:PrepareCrush"],"picked":"Slimebound:ProtectTheBoss","floor":13.0},{"not_picked":["Slimebound:FinishingTackle","Slimebound:SlimeSpikes"],"picked":"Slimebound:Schlurp","floor":14.0},{"not_picked":["Slimebound:BestDefense","Slimebound:Grow"],"picked":"Slimebound:FinishingTackle","floor":15.0},{"not_picked":["Slimebound:LeechLife","Slimebound:CheckThePlaybook"],"picked":"Slimebound:OozeBath","floor":16.0},{"not_picked":["Slimebound:Schlurp+1","Slimebound:SlimeBrawl"],"picked":"Slimebound:GrowthPunch","floor":19},{"not_picked":["Slimebound:SamplingLick+1","Slimebound:GoopSpray"],"picked":"Slimebound:AcidTongue","floor":20},{"not_picked":["Slimebound:ForwardTackle","Slimebound:SplitMire"],"picked":"Slimebound:ViciousTackle","floor":23},{"not_picked":["Slimebound:SlimeTap","Slimebound:TongueLash"],"picked":"Slimebound:LeechLife","floor":26},{"not_picked":["Slimebound:ItLooksTasty","Slimebound:GoopTackle"],"picked":"Slimebound:SplitLeeching+1","floor":27},{"not_picked":["Slimebound:GoopTackle","Slimebound:ForwardTackle"],"picked":"Slimebound:LeechingTouch","floor":28},{"not_picked":["Slimebound:Chomp","Slimebound:GoopTackle"],"picked":"Slimebound:ItLooksTasty+1","floor":29},{"not_picked":["Slimebound:SlimeBarrage","Slimebound:ItLooksTasty+1"],"picked":"Slimebound:LeechEnergy+1","floor":30},{"not_picked":["Slimebound:ViciousTackle","Slimebound:MegaLick"],"picked":"Slimebound:SamplingLick+1","floor":31},{"not_picked":["Slimebound:ViciousTackle","Slimebound:SamplingLick"],"picked":"Slimebound:Schlurp","floor":32},{"not_picked":["Slimebound:DuplicatedForm","Slimebound:OneTwoCombo"],"picked":"Slimebound:DouseInSlime","floor":33},{"not_picked":["Slimebound:ForwardTackle+1","Slimebound:Grow+1"],"picked":"Slimebound:SamplingLick+1","floor":36},{"not_picked":["Slimebound:GoopTackle+1","Slimebound:ItLooksTasty+1"],"picked":"Slimebound:Nibble+1","floor":38},{"not_picked":["Slimebound:BestDefense","Slimebound:GoopTackle+1"],"picked":"Slimebound:SplitAcid","floor":39},{"not_picked":["Slimebound:LevelUp","Slimebound:SlimeBrawl"],"picked":"Slimebound:TongueLash+1","floor":40},{"not_picked":["Slimebound:Overexert","Slimebound:SplitMire"],"picked":"Slimebound:OozeBath","floor":42},{"not_picked":["Slimebound:HauntingLick+1","Slimebound:Equalize"],"picked":"Slimebound:PressTheAttack+1","floor":43},{"not_picked":["Slimebound:Prepare+1","Slimebound:ComboTackle+1"],"picked":"Slimebound:LeadByExample+1","floor":44},{"not_picked":["Slimebound:LeechEnergy","Slimebound:LeechingTouch"],"picked":"Slimebound:Schlurp+1","floor":47},{"not_picked":["Slimebound:PressTheAttack+1","Slimebound:Nibble+1"],"picked":"Slimebound:AcidTongue","floor":48},{"not_picked":["Slimebound:RainOfGoop+1","Slimebound:SlimeTap+1"],"picked":"Slimebound:LeechEnergy+1","floor":49}],"player_experience":1172970,"relics_obtained":[{"floor":6.0,"key":"Meat on the Bone"},{"floor":7.0,"key":"Pantograph"},{"floor":10.0,"key":"Mummified Hand"},{"floor":12.0,"key":"Shuriken"},{"floor":24,"key":"Boot"},{"floor":29,"key":"Peace Pipe"},{"floor":29,"key":"Bronze Scales"},{"floor":31,"key":"Vajra"},{"floor":31,"key":"Eternal Feather"},{"floor":41,"key":"MawBank"},{"floor":42,"key":"Blood Vial"},{"floor":42,"key":"Smiling Mask"},{"floor":44,"key":"Mercury Hourglass"},{"floor":44,"key":"Pen Nib"}],"event_choices":[],"is_beta":false,"boss_relics":[{"not_picked":["Philosopher\u0027s Stone","Runic Pyramid"],"picked":"Black Star"},{"not_picked":["Empty Cage","Cursed Key"],"picked":"Slimebound:TarBlob"}],"items_purged_floors":[20,45],"is_endless":false,"potions_floor_spawned":[2,3,4,6,15,16,19,28,32,33,38,39,44,49],"ascension_level":0}}