{"host":"oehe2dxjvdgux73m","time":1612974011,"event":{"mods":["AchievementEnabler","BaseMod","Colored Map","Colored Powertips","DeckTracker","Keyboard Shortcuts","Minty Spire (QoL Compilation)","Permanent Neow","Quick Restart","StSLib","SuperFastMode"],"gold_per_floor":[111,123,123,123,140,171,171,201,227,227,238,19,39,58,58,58,58],"floor_reached":16,"language":"KOR","playtime":429,"items_purged":["Strike_G"],"score":224,"play_id":"a4769794-1b99-448e-9ccd-0c989f28d9a1","local_time":"20210211012011","is_ascension_mode":true,"campfire_choices":[{"floor":7.0,"key":"REST"},{"floor":15,"key":"REST"}],"circlet_count":0,"master_deck":["AscendersBane","Strike_G+1","Strike_G+1","Strike_G","Strike_G","Defend_G","Defend_G","Defend_G","Defend_G","Defend_G","Survivor","Neutralize","Finesse","Masterful Stab","Endless Agony","Well Laid Plans","Eviscerate","Quick Slash","Dodge and Roll","Dagger Spray","Flechettes","Blade Dance"],"relics":["Ring of the Snake","CultistMask","Regal Pillow","Orichalcum","Tiny Chest"],"acts_visited":["Exordium"],"potions_floor_usage":[16],"damage_taken":[{"damage":6.0,"enemies":"Small Slimes","floor":1.0,"turns":5.0},{"damage":7.0,"enemies":"Cultist","floor":2.0,"turns":4.0},{"damage":0.0,"enemies":"2 Louse","floor":5.0,"turns":2.0},{"damage":22.0,"enemies":"Gremlin Nob","floor":6.0,"turns":4.0},{"damage":51.0,"enemies":"Lagavulin","floor":8.0,"turns":10.0},{"damage":5.0,"enemies":"Red Slaver","floor":11.0,"turns":2.0},{"damage":19,"enemies":"Exordium Thugs","floor":13,"turns":4},{"damage":8,"enemies":"3 Louse","floor":14,"turns":3},{"damage":37,"enemies":"Slime Boss","floor":16,"turns":8}],"seed_played":"-2501878228701081687","potions_obtained":[{"floor":1.0,"key":"SneckoOil"},{"floor":2.0,"key":"EntropicBrew"},{"floor":6.0,"key":"FairyPotion"},{"floor":10.0,"key":"LiquidMemories"}],"is_trial":false,"path_per_floor":["M","M","?","?","M","E","R","E","T","?","M","$","M","M","R","B"],"character_chosen":"THE_SILENT","items_purchased":["Quick Slash","Dodge and Roll","Dagger Spray"],"campfire_rested":2,"item_purchase_floors":[12,12,12],"current_hp_per_floor":[53,46,26,26,26,4,38,19,19,19,14,14,19,11,45,8,8],"gold":58,"neow_bonus":"RANDOM_COLORLESS","is_daily":false,"chose_seed":false,"campfire_upgraded":0,"win_rate":0.0,"timestamp":1612974011,"path_taken":["M","M","?","?","?","E","R","E","T","?","?","?","M","M","R","BOSS"],"items_purchased_type":["Card","Card","Card"],"build_version":"2020-12-22","purchased_purges":1,"victory":false,"max_hp_per_floor":[66,66,66,66,66,66,66,66,66,66,66,66,66,66,66,66,66],"card_choices":[{"not_picked":["PanicButton","Dark Shackles"],"picked":"Finesse","floor":0.0},{"not_picked":["Outmaneuver","Leg Sweep"],"picked":"Masterful Stab","floor":1.0},{"not_picked":["Leg Sweep","Prepared","Outmaneuver"],"picked":"SKIP","floor":2.0},{"not_picked":["Escape Plan","Slice"],"picked":"Endless Agony","floor":5.0},{"not_picked":["Leg Sweep","Quick Slash"],"picked":"Well Laid Plans","floor":6.0},{"not_picked":["Caltrops","Backflip"],"picked":"Eviscerate","floor":8.0},{"not_picked":["Expertise","Flying Knee","Leg Sweep"],"picked":"SKIP","floor":11.0},{"not_picked":["Caltrops","Predator"],"picked":"Flechettes","floor":13},{"not_picked":["Prepared","Venomology"],"picked":"Blade Dance","floor":14}],"player_experience":458160,"relics_obtained":[{"floor":6.0,"key":"Regal Pillow"},{"floor":8.0,"key":"Orichalcum"},{"floor":9.0,"key":"Tiny Chest"}],"event_choices":[{"damage_healed":0.0,"max_hp_gain":0.0,"max_hp_loss":0.0,"gold_gain":0.0,"event_name":"Shining Light","player_choice":"Entered Light","floor":3.0,"gold_loss":0.0,"damage_taken":20.0,"cards_upgraded":["Strike_G","Strike_G"]},{"damage_healed":0.0,"max_hp_gain":0.0,"max_hp_loss":0.0,"gold_gain":0.0,"event_name":"FaceTrader","player_choice":"Trade","floor":4.0,"gold_loss":0.0,"damage_taken":0.0,"relics_obtained":["CultistMask"]},{"damage_healed":0.0,"max_hp_gain":0.0,"max_hp_loss":0.0,"gold_gain":0.0,"event_name":"Lab","player_choice":"Got Potions","floor":10.0,"gold_loss":0.0,"damage_taken":0.0}],"is_beta":false,"boss_relics":[],"items_purged_floors":[12],"is_endless":false,"potions_floor_spawned":[1,2,6,11],"killed_by":"Slime Boss","ascension_level":20}}