{"host":"684z1xpuwaoqmmh1","time":1612969849,"event":{"mods":["A Magickal Journey","BaseMod","Downfall","Hermit","Jorbs\u0027s Wanderer Trilogy","Marisa????????","Minty Spire (QoL Compilation)","Robot Space Explorer","Shade Mod","StSLib","The Bug Knight","The Dragon Tamer","The Elementalist","The Hayseed","The Hierophant","The Marked","The Mystic","The Runesmith","The Saiyan","The Senshi","The Spell Scribe","The Vixen","TheBandit","TheFirefly"],"gold_per_floor":[115,129,48,58,75,75,102,118,118,134,144,144,144],"floor_reached":12,"language":"ENG","playtime":529,"items_purged":[],"score":122,"play_id":"a3a1252b-3d8e-4fe9-98ba-119450a81168","local_time":"20210210171049","is_ascension_mode":true,"campfire_choices":[{"data":"Runesmith:CraftFirestone","floor":6,"key":"SMITH"}],"circlet_count":0,"master_deck":["Runesmith:Strike_RS","Runesmith:Strike_RS","Runesmith:Strike_RS","Runesmith:Strike_RS","Runesmith:Defend_RS","Runesmith:Defend_RS","Runesmith:Defend_RS","Runesmith:Defend_RS","Runesmith:CraftFirestone+1","Runesmith:Fortify","Runesmith:Firewall","Runesmith:CraftProtectio","Runesmith:Permafrost","Runesmith:ChiselStab","Runesmith:HeatedChisel","Runesmith:CraftObretio","Runesmith:CraftMedicinae","Runesmith:EnergizedChisel"],"relics":["Runesmith:BrokenRuby","Blood Vial","HollowMod:StagPassRelic"],"acts_visited":["Exordium"],"potions_floor_usage":[5,12,12],"damage_taken":[{"damage":5,"enemies":"Small Slimes","floor":1,"turns":4},{"damage":8,"enemies":"Jaw Worm","floor":2,"turns":4},{"damage":0,"enemies":"2 Louse","floor":4,"turns":4},{"damage":4,"enemies":"Lots of Slimes","floor":5,"turns":2},{"damage":8,"enemies":"Lagavulin","floor":7,"turns":8},{"damage":23,"enemies":"Exordium Thugs","floor":8,"turns":5},{"damage":4,"enemies":"Blue Slaver","floor":10,"turns":4},{"damage":5,"enemies":"2 Fungi Beasts","floor":11,"turns":4},{"damage":22,"enemies":"Gremlin Nob","floor":12,"turns":4}],"seed_played":"-1154129228498786212","potions_obtained":[{"floor":1,"key":"Explosive Potion"},{"floor":4,"key":"SpeedPotion"},{"floor":5,"key":"PowerPotion"}],"is_trial":false,"path_per_floor":["M","M","$","M","M","R","E","M","T","M","M","E"],"character_chosen":"RUNESMITH_CLASS","items_purchased":["Runesmith:Permafrost"],"campfire_rested":0,"item_purchase_floors":[3],"current_hp_per_floor":[65,57,57,57,53,53,45,24,24,22,19,0,0],"gold":144,"neow_bonus":"TEN_PERCENT_HP_BONUS","is_daily":false,"chose_seed":false,"campfire_upgraded":1,"win_rate":0.0,"timestamp":1612969849,"path_taken":["M","M","$","M","M","R","E","M","T","M","M","E"],"items_purchased_type":["Card"],"build_version":"2020-12-22","purchased_purges":0,"victory":false,"max_hp_per_floor":[77,77,77,77,77,77,77,77,77,77,77,77,77],"card_choices":[{"not_picked":["Runesmith:BackupBattery","Runesmith:CraftProtectio"],"picked":"Runesmith:Firewall","floor":1},{"not_picked":["Runesmith:BackupBattery","Runesmith:Retool"],"picked":"Runesmith:CraftProtectio","floor":2},{"not_picked":["Runesmith:BackupBattery","Runesmith:HeatExchange"],"picked":"Runesmith:ChiselStab","floor":4},{"not_picked":["Runesmith:Overpower","Runesmith:HeatExchange","Runesmith:BackupBattery"],"picked":"SKIP","floor":5},{"not_picked":["Runesmith:Grindstone","Runesmith:Terraform"],"picked":"Runesmith:HeatedChisel","floor":7},{"not_picked":["Runesmith:MakeshiftArmor","Runesmith:RuneHurl"],"picked":"Runesmith:CraftObretio","floor":8},{"not_picked":["Runesmith:LithiumIon","Runesmith:CraftObretio"],"picked":"Runesmith:CraftMedicinae","floor":10},{"not_picked":["Runesmith:Reinforce","Runesmith:CraftMagma"],"picked":"Runesmith:EnergizedChisel","floor":11}],"player_experience":3241004,"relics_obtained":[{"floor":7,"key":"Blood Vial"},{"floor":9,"key":"HollowMod:StagPassRelic"}],"event_choices":[],"is_beta":false,"boss_relics":[],"items_purged_floors":[],"is_endless":false,"potions_floor_spawned":[1,4,5],"killed_by":"Gremlin Nob","ascension_level":9}}