{"host":"nb3r5a3er9rrnn3n","time":1612919587,"event":{"mods":["BaseMod","Colored Map","Downfall","Minty Spire (QoL Compilation)","Relic Stats","Spire Arcade","StSLib"],"gold_per_floor":[99,99,99,99,99,99,99,99,131,131,143,60,60,92,98,192,192,192,234,255,255,255,249,249,249],"floor_reached":23,"language":"ENG","playtime":1307,"items_purged":[],"score":203,"play_id":"e217bb65-98a0-4445-b6ba-7cf6f804920a","local_time":"20210210121307","is_ascension_mode":true,"campfire_choices":[{"data":"sneckomod:Unknown","floor":1,"key":"SMITH"},{"data":"sneckomod:MasterEye","floor":6,"key":"SMITH"},{"data":"sneckomod:UnknownUncommonSkill","floor":8,"key":"SMITH"},{"data":"sneckomod:UnknownExhaust","floor":10,"key":"SMITH"},{"data":"sneckomod:UnknownUncommonAttack","floor":13,"key":"SMITH"},{"data":"sneckomod:Unknown3Cost","floor":18,"key":"SMITH"}],"circlet_count":0,"master_deck":["sneckomod:Strike","sneckomod:Strike","sneckomod:Defend","sneckomod:TailWhip","sneckomod:SnekBite","sneckomod:Unknown+1","sneckomod:Unknown+1","sneckomod:UnknownUncommonSkill+1","sneckomod:MasterEye+1","sneckomod:UnknownCommonSkill+1","sneckomod:UnknownExhaust+1","sneckomod:UnknownUncommonPower","sneckomod:UnknownVulnerable","sneckomod:UnknownUncommonAttack+1","sneckomod:GlitteringGambit","sneckomod:UnknownUncommonAttack","sneckomod:UnknownStrength","sneckomod:Unknown3Cost+1","sneckomod:Nope","sneckomod:QuickMove","hexamod:SixthSeal","sneckomod:UnknownBlock+1","sneckomod:UnknownCommonSkill+1"],"relics":["sneckomod:SneckoSoul","downfall:HeartsMalice","InkBottle","War Paint","Black Star","Enchiridion"],"acts_visited":["Exordium","TheCity"],"potions_floor_usage":[16,16],"damage_taken":[{"damage":0,"enemies":"Small Slimes","floor":2,"turns":1},{"damage":0,"enemies":"Cultist","floor":4,"turns":1},{"damage":0,"enemies":"Jaw Worm","floor":5,"turns":1},{"damage":4,"enemies":"Gremlin Nob","floor":9,"turns":3},{"damage":17,"enemies":"Exordium Thugs","floor":11,"turns":5},{"damage":0,"enemies":"downfall:FleeingMerchant","floor":12,"turns":4},{"damage":18,"enemies":"Lagavulin","floor":14,"turns":5},{"damage":11,"enemies":"Gremlin Gang","floor":15,"turns":4},{"damage":39,"enemies":"DF_ARCHETYPE_STREAMLINE","floor":16,"turns":6},{"damage":10,"enemies":"Chosen","floor":19,"turns":4},{"damage":30,"enemies":"3 Byrds","floor":20,"turns":6},{"damage":44,"enemies":"Cultist and Chosen","floor":23,"turns":5}],"seed_played":"6485390657634733387","potions_obtained":[{"floor":9,"key":"sneckomod:CheatPotion"},{"floor":11,"key":"Weak Potion"},{"floor":14,"key":"Strength Potion"},{"floor":19,"key":"CultistPotion"}],"is_trial":false,"path_per_floor":["R","M","?","M","M","R","T","R","E","R","M","$","R","E","M","B",null,"R","M","M","?","?","M"],"character_chosen":"THE_SNECKO","items_purchased":["sneckomod:UnknownUncommonAttack"],"campfire_rested":0,"item_purchase_floors":[12],"current_hp_per_floor":[90,90,90,90,90,90,90,90,86,86,69,69,69,51,40,4,90,90,80,50,50,34,0,0,0],"gold":249,"neow_bonus":"THREE_ENEMY_KILL","is_daily":false,"chose_seed":false,"campfire_upgraded":6,"win_rate":0.0,"timestamp":1612919587,"path_taken":["R","M","?","?","M","R","T","R","E","R","M","?","R","E","M","BOSS","R","M","M","?","?","?"],"items_purchased_type":["Card"],"build_version":"2020-12-22","purchased_purges":0,"victory":false,"max_hp_per_floor":[90,90,90,90,90,90,90,90,90,90,90,90,90,90,90,90,90,90,90,90,90,90,90,90,90],"relic_stats":{"counters":[12,42],"Black Star":0,"War Paint":["sneckomod:Unknown","sneckomod:UnknownCommonSkill"],"obtain_stats":[{"Enchiridion":22,"downfall:HeartsMalice":0,"Black Star":17,"War Paint":14,"sneckomod:SneckoSoul":0,"InkBottle":9},{"Enchiridion":11,"downfall:HeartsMalice":0,"Black Star":9,"War Paint":7,"sneckomod:SneckoSoul":0,"InkBottle":4},{"Enchiridion":37,"downfall:HeartsMalice":0,"Black Star":27,"War Paint":17,"sneckomod:SneckoSoul":0,"InkBottle":3}],"InkBottle":[12]},"card_choices":[{"not_picked":["sneckomod:Nope","sneckomod:UnknownBlock"],"picked":"sneckomod:UnknownUncommonSkill","floor":2},{"not_picked":["sneckomod:SoulCleanse","sneckomod:UnknownUncommonSkill"],"picked":"sneckomod:MasterEye","floor":4},{"not_picked":["sneckomod:DiceCrush","sneckomod:ImprovisedGuard"],"picked":"sneckomod:UnknownCommonSkill","floor":5},{"not_picked":["sneckomod:ImprovisedGuard","sneckomod:UnknownUncommonPower"],"picked":"sneckomod:UnknownExhaust","floor":9},{"not_picked":["sneckomod:Unknown1Cost","sneckomod:QuickMove"],"picked":"sneckomod:UnknownUncommonPower","floor":11},{"not_picked":["sneckomod:QuickBite","sneckomod:UnknownDraw"],"picked":"sneckomod:UnknownVulnerable","floor":12},{"not_picked":["sneckomod:SlitherStrike","sneckomod:SerpentIdol"],"picked":"sneckomod:GlitteringGambit","floor":14},{"not_picked":["sneckomod:UnknownUncommonSkill","sneckomod:DiceCrush"],"picked":"sneckomod:UnknownUncommonAttack","floor":14},{"not_picked":["sneckomod:UnknownUncommonAttack","sneckomod:Unknown1Cost"],"picked":"sneckomod:UnknownStrength","floor":15},{"not_picked":["sneckomod:DangerNoodle","sneckomod:UnknownRarePower"],"picked":"sneckomod:Unknown3Cost","floor":16},{"not_picked":["sneckomod:UnknownVulnerable","sneckomod:DiceBoulder"],"picked":"sneckomod:Nope","floor":19},{"not_picked":["sneckomod:ImprovisedAttack","sneckomod:RainOfDice"],"picked":"sneckomod:QuickMove","floor":19},{"not_picked":["hexamod:FirstSeal","hexamod:FourthSeal"],"picked":"hexamod:SixthSeal","floor":20},{"not_picked":["sneckomod:UnknownClassTHE_BRONZE_AUTOMATON","sneckomod:TrashToTreasure+1"],"picked":"sneckomod:UnknownBlock+1","floor":20},{"not_picked":["sneckomod:UnknownClassTHE_CHAMP_GRAY","sneckomod:Unknown1Cost"],"picked":"sneckomod:UnknownCommonSkill+1","floor":20}],"player_experience":1975688,"relics_obtained":[{"floor":9,"key":"InkBottle"},{"floor":14,"key":"War Paint"},{"floor":22,"key":"Enchiridion"}],"event_choices":[],"is_beta":false,"boss_relics":[{"not_picked":["Calling Bell","Cursed Key"],"picked":"Black Star"}],"items_purged_floors":[],"is_endless":false,"potions_floor_spawned":[9,11,14,15,19],"killed_by":"Cultist and Chosen","ascension_level":1}}