{"host":"gfxjwtol062e9znw","time":1612960041,"event":{"mods":["BaseMod","Colored Map","Minty Spire (QoL Compilation)","Rare Cards Sparkle"],"gold_per_floor":[364,375,303,303,303,189,189,203,229,229,245,286,286,325,325,444,444,462,377,396,411,434,434,477,477,477,477,477,477,500,92,92,222,222,247,247,267,111,174,174,37,55,55,94,94,94],"floor_reached":45,"language":"ENG","playtime":1552,"items_purged":["Injury","Strike_R"],"score":766,"play_id":"d993e431-dfd2-4a18-9efb-18cc4371b74b","local_time":"20210210232721","is_ascension_mode":true,"campfire_choices":[{"floor":7.0,"key":"REST"},{"data":"Uppercut","floor":13.0,"key":"SMITH"},{"data":"Carnage","floor":15.0,"key":"SMITH"},{"floor":23.0,"key":"REST"},{"floor":28.0,"key":"REST"},{"data":"Double Tap","floor":32.0,"key":"SMITH"},{"floor":40,"key":"REST"}],"circlet_count":0,"master_deck":["AscendersBane","Strike_R","Strike_R","Strike_R","Defend_R","Defend_R","Bash","Perfected Strike","Rage+1","Headbutt","Pummel","Flame Barrier","Uppercut+1","Carnage+1","Infernal Blade","Double Tap+1","Anger+1","Body Slam","Headbutt+1","Whirlwind+1","Wild Strike","Warcry","Battle Trance","Infernal Blade","Offering","Shrug It Off+1","Armaments","Offering","Flame Barrier+1","Juggernaut+1","Shockwave+1","Spot Weakness+1"],"relics":["Burning Blood","Golden Idol","Juzu Bracelet","Lantern","Strawberry","Sozu","Frozen Egg 2","Du-Vu Doll","Nloth\u0027s Gift","Thread and Needle","Mark of Pain","Strange Spoon","Prayer Wheel","Molten Egg 2","Boot"],"acts_visited":["Exordium","TheCity","TheBeyond"],"potions_floor_usage":[44],"damage_taken":[{"damage":6.0,"enemies":"Cultist","floor":1.0,"turns":4.0},{"damage":12.0,"enemies":"Jaw Worm","floor":2.0,"turns":3.0},{"damage":0.0,"enemies":"Small Slimes","floor":8.0,"turns":2.0},{"damage":9.0,"enemies":"2 Fungi Beasts","floor":11.0,"turns":4.0},{"damage":10.0,"enemies":"3 Sentries","floor":12.0,"turns":7.0},{"damage":0.0,"enemies":"Gremlin Nob","floor":14.0,"turns":3.0},{"damage":34.0,"enemies":"The Guardian","floor":16.0,"turns":9.0},{"damage":28.0,"enemies":"Shell Parasite","floor":18.0,"turns":4.0},{"damage":19.0,"enemies":"3 Byrds","floor":20.0,"turns":3.0},{"damage":9.0,"enemies":"Snake Plant","floor":21.0,"turns":3.0},{"damage":7.0,"enemies":"Chosen and Byrds","floor":22.0,"turns":4.0},{"damage":20.0,"enemies":"Book of Stabbing","floor":24.0,"turns":3.0},{"damage":10.0,"enemies":"Centurion and Healer","floor":30.0,"turns":3.0},{"damage":21.0,"enemies":"Collector","floor":33.0,"turns":5.0},{"damage":12.0,"enemies":"Orb Walker","floor":35.0,"turns":2.0},{"damage":17.0,"enemies":"3 Shapes","floor":37.0,"turns":3.0},{"damage":12,"enemies":"Mind Bloom Boss Battle","floor":39,"turns":2},{"damage":12,"enemies":"3 Darklings","floor":42,"turns":2},{"damage":70,"enemies":"Nemesis","floor":44,"turns":6},{"damage":20,"enemies":"Spire Growth","floor":45,"turns":3}],"seed_played":"4343033688242796262","potions_obtained":[{"floor":2.0,"key":"AttackPotion"},{"floor":12.0,"key":"Fire Potion"}],"is_trial":false,"path_per_floor":["M","M","$","?","?","$","R","M","T","?","M","E","R","E","R","B",null,"M","?","M","M","M","R","E","?","T","?","R","?","M","$","R","B",null,"M","?","M","$","?","R","$","M","T","E","M"],"character_chosen":"IRONCLAD","items_purchased":["Headbutt","Energy Potion","Pummel","Thread and Needle","Strange Spoon","Juggernaut+1"],"campfire_rested":4,"item_purchase_floors":[3,3,6,31,38,41],"current_hp_per_floor":[51,45,45,45,45,45,69,75,75,80,77,73,73,86,86,58,84,62,62,49,46,45,72,58,58,58,58,85,85,81,81,81,66,86,80,80,69,69,63,90,90,84,84,20,0,0],"gold":94,"neow_bonus":"TWO_FIFTY_GOLD","is_daily":false,"chose_seed":false,"campfire_upgraded":3,"win_rate":0.0,"timestamp":1612960041,"path_taken":["M","M","$","?","?","$","R","?","T","?","M","E","R","E","R","BOSS","M","?","M","M","M","R","E","?","T","?","R","?","M","$","R","BOSS","M","?","M","?","?","R","$","M","T","E","M"],"items_purchased_type":["Card","Potion","Card","Relic","Relic","Card"],"build_version":"2020-12-22","purchased_purges":2,"victory":false,"max_hp_per_floor":[80,80,80,80,80,80,80,80,80,85,85,85,85,92,92,92,92,92,92,92,92,92,92,92,92,92,92,92,92,92,92,92,92,92,92,92,92,92,92,92,92,92,92,92,92,92],"card_choices":[{"not_picked":["True Grit","Metallicize"],"picked":"Perfected Strike","floor":1.0},{"not_picked":["Pommel Strike","Inflame"],"picked":"Rage","floor":2.0},{"not_picked":["Heavy Blade","Thunderclap"],"picked":"Flame Barrier","floor":8.0},{"not_picked":["Bloodletting","Pommel Strike"],"picked":"Uppercut","floor":11.0},{"not_picked":["Havoc","Heavy Blade"],"picked":"Carnage","floor":12.0},{"not_picked":["Wild Strike","Iron Wave"],"picked":"Infernal Blade","floor":14.0},{"not_picked":["Feed","Demon Form"],"picked":"Double Tap","floor":16.0},{"not_picked":["Pommel Strike","Rampage"],"picked":"Anger+1","floor":18.0},{"not_picked":["Intimidate","Twin Strike"],"picked":"Body Slam","floor":20.0},{"not_picked":["Perfected Strike","Thunderclap"],"picked":"Headbutt+1","floor":21.0},{"not_picked":["Armaments","Shrug It Off"],"picked":"Whirlwind+1","floor":22.0},{"not_picked":["Fiend Fire","Sword Boomerang+1","Bloodletting"],"picked":"SKIP","floor":24.0},{"not_picked":["Body Slam+1","True Grit"],"picked":"Infernal Blade","floor":30.0},{"not_picked":["Limit Break","Double Tap"],"picked":"Offering","floor":33.0},{"not_picked":["Ghostly Armor","Thunderclap+1"],"picked":"Shrug It Off+1","floor":35.0},{"not_picked":["Dropkick","Iron Wave"],"picked":"Offering","floor":37.0},{"not_picked":["Blood for Blood","Body Slam"],"picked":"Flame Barrier+1","floor":39},{"not_picked":["Rupture+1","Pummel"],"picked":"Shockwave+1","floor":42},{"not_picked":["Sword Boomerang+1","Cleave","Pommel Strike+1"],"picked":"SKIP","floor":42},{"not_picked":["Bloodletting","Headbutt+1"],"picked":"Spot Weakness+1","floor":44}],"player_experience":136639,"relics_obtained":[{"floor":9.0,"key":"Juzu Bracelet"},{"floor":12.0,"key":"Lantern"},{"floor":14.0,"key":"Strawberry"},{"floor":24.0,"key":"Du-Vu Doll"},{"floor":26.0,"key":"Matryoshka"},{"floor":39,"key":"Prayer Wheel"},{"floor":43,"key":"Molten Egg 2"},{"floor":44,"key":"Boot"}],"event_choices":[{"damage_healed":0.0,"max_hp_gain":0.0,"max_hp_loss":0.0,"gold_gain":0.0,"event_name":"Living Wall","player_choice":"Grow","floor":4.0,"gold_loss":0.0,"damage_taken":0.0,"cards_upgraded":["Rage"]},{"damage_healed":0.0,"max_hp_gain":0.0,"max_hp_loss":0.0,"gold_gain":0.0,"event_name":"Golden Idol","player_choice":"Take Wound","floor":5.0,"gold_loss":0.0,"damage_taken":0.0,"relics_obtained":["Golden Idol"],"cards_obtained":["Injury"]},{"damage_healed":0.0,"max_hp_gain":5.0,"max_hp_loss":0.0,"gold_gain":0.0,"event_name":"Big Fish","player_choice":"Donut","floor":10.0,"gold_loss":0.0,"damage_taken":0.0},{"damage_healed":0.0,"max_hp_gain":0.0,"max_hp_loss":0.0,"gold_gain":0.0,"event_name":"Addict","player_choice":"Obtained Relic","floor":19.0,"gold_loss":85.0,"damage_taken":0.0,"relics_obtained":["Frozen Egg 2"]},{"damage_healed":0.0,"max_hp_gain":0.0,"max_hp_loss":0.0,"gold_gain":0.0,"event_name":"The Library","player_choice":"Read","floor":25.0,"gold_loss":0.0,"damage_taken":0.0,"cards_obtained":["Wild Strike"]},{"damage_healed":0.0,"max_hp_gain":0.0,"max_hp_loss":0.0,"gold_gain":0.0,"event_name":"N\u0027loth","player_choice":"Traded Relic","floor":27.0,"relics_lost":["Matryoshka"],"gold_loss":0.0,"damage_taken":0.0,"relics_obtained":["Nloth\u0027s Gift"]},{"damage_healed":0.0,"max_hp_gain":0.0,"max_hp_loss":0.0,"gold_gain":0.0,"cards_transformed":["Strike_R","Defend_R"],"event_name":"Drug Dealer","player_choice":"Became Test Subject","floor":29.0,"gold_loss":0.0,"damage_taken":0.0,"cards_obtained":["Warcry","Battle Trance"]},{"damage_healed":0.0,"max_hp_gain":0.0,"max_hp_loss":0.0,"gold_gain":0.0,"cards_transformed":["Defend_R"],"event_name":"Transmorgrifier","player_choice":"Transformed","floor":36.0,"gold_loss":0.0,"damage_taken":0.0,"cards_obtained":["Armaments"]},{"damage_healed":0,"gold_gain":0,"player_choice":"Fight","damage_taken":0,"max_hp_gain":0,"max_hp_loss":0,"event_name":"MindBloom","floor":39,"gold_loss":0}],"is_beta":false,"boss_relics":[{"not_picked":["Fusion Hammer","Ectoplasm"],"picked":"Sozu"},{"not_picked":["Black Star","Runic Cube"],"picked":"Mark of Pain"}],"items_purged_floors":[6,31],"is_endless":false,"potions_floor_spawned":[2,12,14,16,21,30,42,44],"killed_by":"Spire Growth","ascension_level":11}}