{"host":"ok5ify438g38ii0q","time":1612975651,"event":{"mods":["BaseMod","Minty Spire (QoL Compilation)"],"gold_per_floor":[113,113,127,127,145,176,187,213,213,213,224,252,263,281,281,386,386,396,116,116,127,127,153,153,153,203,203,214,214,214,214],"floor_reached":30,"language":"ENG","playtime":1503,"items_purged":["Strike_R"],"score":284,"play_id":"2f61fdee-6feb-4bad-b636-42ac2412eb28","local_time":"20210210174731","is_ascension_mode":true,"campfire_choices":[{"data":"Armaments","floor":10,"key":"SMITH"},{"data":"Juggernaut","floor":15,"key":"SMITH"},{"data":"Berserk","floor":24,"key":"SMITH"},{"data":"Fire Breathing","floor":29,"key":"SMITH"}],"circlet_count":0,"master_deck":["Strike_R+1","Defend_R+1","Defend_R+1","Defend_R+1","Defend_R+1","Bash+1","Juggernaut+1","Metallicize","Battle Trance","Body Slam","Fire Breathing+1","Armaments+1","Warcry+1","Juggernaut","Disarm+1","Wild Strike+1","Berserk+1","Pummel","Intimidate+1"],"relics":["Black Blood","Bag of Marbles","Paper Frog","Sundial","Toxic Egg 2","TheAbacus","Whetstone","Juzu Bracelet","PreservedInsect"],"acts_visited":["Exordium","TheCity"],"potions_floor_usage":[8,8,23],"damage_taken":[{"damage":7,"enemies":"Small Slimes","floor":1,"turns":5},{"damage":0,"enemies":"Jaw Worm","floor":3,"turns":5},{"damage":0,"enemies":"Cultist","floor":5,"turns":4},{"damage":23,"enemies":"3 Sentries","floor":6,"turns":7},{"damage":4,"enemies":"Blue Slaver","floor":7,"turns":4},{"damage":7,"enemies":"Gremlin Nob","floor":8,"turns":4},{"damage":14,"enemies":"3 Louse","floor":11,"turns":4},{"damage":4,"enemies":"3 Sentries","floor":12,"turns":6},{"damage":12,"enemies":"Exordium Thugs","floor":13,"turns":5},{"damage":11,"enemies":"Exordium Wildlife","floor":14,"turns":5},{"damage":4,"enemies":"Slime Boss","floor":16,"turns":8},{"damage":21,"enemies":"Shell Parasite","floor":18,"turns":5},{"damage":13,"enemies":"Spheric Guardian","floor":21,"turns":4},{"damage":40,"enemies":"Gremlin Leader","floor":23,"turns":6},{"damage":0,"enemies":"Snecko","floor":28,"turns":4},{"damage":39,"enemies":"Slavers","floor":30,"turns":3}],"seed_played":"-7233300022785809738","potions_obtained":[{"floor":1,"key":"Strength Potion"},{"floor":6,"key":"ElixirPotion"},{"floor":7,"key":"FearPotion"},{"floor":13,"key":"SpeedPotion"},{"floor":14,"key":"DistilledChaos"},{"floor":18,"key":"Explosive Potion"}],"is_trial":false,"path_per_floor":["M","?","M","?","M","E","M","E","T","R","M","E","M","M","R","B",null,"M","$","?","M","?","E","R","?","T","?","M","R","E"],"character_chosen":"IRONCLAD","items_purchased":["TheAbacus","Wild Strike"],"campfire_rested":0,"item_purchase_floors":[19,19],"current_hp_per_floor":[71,57,63,56,62,45,47,46,46,46,38,40,34,29,29,31,72,63,63,50,49,49,21,21,21,21,21,33,33,0,0],"gold":214,"neow_bonus":"THREE_RARE_CARDS","is_daily":false,"chose_seed":false,"campfire_upgraded":4,"win_rate":0.0,"timestamp":1612975651,"path_taken":["M","?","M","?","M","E","M","E","T","R","M","E","?","M","R","BOSS","M","$","?","M","?","E","R","?","T","?","M","R","E"],"items_purchased_type":["Relic","Card"],"build_version":"2020-12-22","purchased_purges":1,"victory":false,"max_hp_per_floor":[72,72,72,72,72,72,72,72,72,72,72,72,72,72,72,72,72,72,72,77,77,77,77,77,77,77,77,77,77,77,77],"card_choices":[{"not_picked":["Bludgeon","Immolate"],"picked":"Juggernaut","floor":0},{"not_picked":["Pommel Strike","Clash"],"picked":"Metallicize","floor":1},{"not_picked":["Warcry","Twin Strike"],"picked":"Battle Trance","floor":3},{"not_picked":["Dark Embrace","Flex"],"picked":"Body Slam","floor":5},{"not_picked":["Pommel Strike","Seeing Red"],"picked":"Fire Breathing","floor":6},{"not_picked":["Anger","Iron Wave"],"picked":"Armaments","floor":7},{"not_picked":["Cleave","Hemokinesis","Infernal Blade"],"picked":"SKIP","floor":8},{"not_picked":["Brutality","Armaments","Second Wind"],"picked":"SKIP","floor":11},{"not_picked":["Cleave","Second Wind+1","Combust"],"picked":"SKIP","floor":12},{"not_picked":["Heavy Blade","Iron Wave","Twin Strike"],"picked":"SKIP","floor":13},{"not_picked":["Heavy Blade","Pommel Strike"],"picked":"Warcry+1","floor":14},{"not_picked":["Limit Break+1","Impervious+1"],"picked":"Juggernaut","floor":16},{"not_picked":["Heavy Blade","Anger"],"picked":"Disarm+1","floor":18},{"not_picked":["Anger","Fire Breathing","Pummel+1"],"picked":"SKIP","floor":21},{"not_picked":["Battle Trance+1","Anger","Armaments+1"],"picked":"SKIP","floor":23},{"not_picked":["Body Slam","Thunderclap"],"picked":"Intimidate+1","floor":28}],"player_experience":37460,"relics_obtained":[{"floor":6,"key":"Bag of Marbles"},{"floor":8,"key":"Paper Frog"},{"floor":9,"key":"Sundial"},{"floor":12,"key":"Toxic Egg 2"},{"floor":23,"key":"Whetstone"},{"floor":26,"key":"PreservedInsect"}],"event_choices":[{"damage_healed":0,"gold_gain":0,"player_choice":"Entered Light","damage_taken":14,"max_hp_gain":0,"max_hp_loss":0,"event_name":"Shining Light","floor":2,"gold_loss":0,"cards_upgraded":["Strike_R","Strike_R"]},{"cards_removed":["Strike_R"],"damage_healed":0,"gold_gain":0,"player_choice":"Card Removal","damage_taken":7,"max_hp_gain":0,"max_hp_loss":0,"event_name":"Golden Wing","floor":4,"gold_loss":0},{"damage_healed":0,"gold_gain":0,"player_choice":"Shed Blood","damage_taken":18,"max_hp_gain":5,"max_hp_loss":0,"event_name":"Forgotten Altar","floor":20,"gold_loss":0},{"damage_healed":0,"gold_gain":0,"cards_transformed":["Strike_R","Strike_R"],"player_choice":"Became Test Subject","damage_taken":0,"max_hp_gain":0,"max_hp_loss":0,"event_name":"Drug Dealer","floor":22,"gold_loss":0,"cards_obtained":["Berserk","Pummel"]},{"damage_healed":0,"gold_gain":0,"player_choice":"Gave Potion","damage_taken":0,"relics_obtained":["Juzu Bracelet"],"max_hp_gain":0,"max_hp_loss":0,"event_name":"WeMeetAgain","floor":25,"gold_loss":0},{"damage_healed":0,"gold_gain":0,"player_choice":"Simplicity","damage_taken":0,"max_hp_gain":0,"max_hp_loss":0,"event_name":"Back to Basics","floor":27,"gold_loss":0,"cards_upgraded":["Defend_R","Defend_R","Defend_R","Defend_R"]}],"is_beta":false,"boss_relics":[{"not_picked":["Busted Crown","Runic Cube"],"picked":"Black Blood"}],"items_purged_floors":[19],"is_endless":false,"potions_floor_spawned":[1,6,7,13,14,18,21],"killed_by":"Slavers","ascension_level":1}}