{"host":"3n5xmnb54n2y5mb4","time":1612939119,"event":{"mods":["BaseMod","Colored Map","Colored Powertips","Downfall","Minty Spire (QoL Compilation)","Permanent Neow","StSLib","Unceasing Turn Reminder","everything is the same but u backflip on backflip"],"gold_per_floor":[99,119,136,136,146,138,138,33,57,90,106,118,139,13,24,132,132,32,50,158,158,30,115,115,15,8,33,59,31,72,94,116,221,221,121,121,134,146,146,17,17,31,72,94,94,104,104,116,136,136,136,136,136,136],"floor_reached":52,"language":"ENG","playtime":3074,"items_purged":["downfall:Malfunctioning","hexamod:Strike"],"score":735,"play_id":"eb98ad3f-1f46-45f9-b21f-8bc598b1d7ca","local_time":"20210210013839","is_ascension_mode":false,"campfire_choices":[{"floor":1.0,"key":"RECALL"},{"floor":18.0,"key":"REST"},{"floor":25,"key":"REST"},{"floor":35,"key":"REST"},{"floor":45,"key":"REST"},{"floor":47,"key":"REST"}],"circlet_count":0,"master_deck":["hexamod:Strike+1","hexamod:Strike+1","hexamod:Strike+1","hexamod:Defend+1","hexamod:Defend+1","hexamod:Defend+1","hexamod:Defend+1","hexamod:Sear+1","hexamod:Float+1","hexamod:FastForward+1","hexamod:InspiringFlames+1","hexamod:AdvancingGuard+1","hexamod:FirstSeal","hexamod:SecondSeal","hexamod:WildfireWeapon+1","hexamod:FastForward+1","hexamod:SixthSeal","hexamod:RadiantFlame+1","hexamod:EmpoweredFlame+1","hexamod:ForkedFlame+1","hexamod:TimeWarp+1","hexamod:FirstSeal","hexamod:FastForward+1","hexamod:SoulSteal+1","hexamod:StepThrough+1","hexamod:InspiringFlames+1","hexamod:SpectralAdrenaline+1","hexamod:AdvancingGuard+1","hexamod:GhostflameInferno","hexamod:FastForward+1","hexamod:PowerFromBeyond+1","Mind Blast+1","Parasite","hexamod:TimeWarp+1","hexamod:StepThrough+1"],"relics":["hexamod:SpiritBrand","The Courier","Potion Belt","Fusion Hammer","downfall:HeartBlessingRed","Dead Branch","Mercury Hourglass","Toy Ornithopter","downfall:HeartBlessingBlue","Bronze Scales","Cauldron","Art of War","Cursed Key","downfall:HeartBlessingGreen","Eternal Feather","War Paint"],"acts_visited":["Exordium","TheCity","TheBeyond","TheEnding"],"potions_floor_usage":[26,28,28,29,30,31,32,33,33,33,37,38,43,43,44,46,46,46,48,50,50],"damage_taken":[{"damage":0.0,"enemies":"2 Louse","floor":2.0,"turns":3.0},{"damage":0.0,"enemies":"Small Slimes","floor":3.0,"turns":3.0},{"damage":2.0,"enemies":"Jaw Worm","floor":5.0,"turns":3.0},{"damage":0.0,"enemies":"downfall:FleeingMerchant","floor":8.0,"turns":4.0},{"damage":12.0,"enemies":"3 Louse","floor":9.0,"turns":4.0},{"damage":26.0,"enemies":"Gremlin Nob","floor":10.0,"turns":5.0},{"damage":29.0,"enemies":"Gremlin Gang","floor":11.0,"turns":7.0},{"damage":5.0,"enemies":"Exordium Thugs","floor":12.0,"turns":6.0},{"damage":3.0,"enemies":"Blue Slaver","floor":13.0,"turns":5.0},{"damage":4.0,"enemies":"downfall:FleeingMerchant","floor":14.0,"turns":4.0},{"damage":0.0,"enemies":"Exordium Wildlife","floor":15.0,"turns":3.0},{"damage":5.0,"enemies":"SI_SHIV_ARCHETYPE","floor":16.0,"turns":6.0},{"damage":22.0,"enemies":"Chosen","floor":19.0,"turns":5.0},{"damage":25.0,"enemies":"DF_ARCHETYPE_STREAMLINE","floor":20.0,"turns":7.0},{"damage":4.0,"enemies":"downfall:FleeingMerchant","floor":22.0,"turns":4.0},{"damage":11,"enemies":"downfall:FleeingMerchant","floor":26,"turns":4},{"damage":1,"enemies":"Shell Parasite","floor":27,"turns":3},{"damage":9,"enemies":"Sentry and Sphere","floor":28,"turns":4},{"damage":6,"enemies":"downfall:FleeingMerchant","floor":29,"turns":3},{"damage":29,"enemies":"Gremlin Leader","floor":30,"turns":6},{"damage":8,"enemies":"Snake Plant","floor":31,"turns":3},{"damage":0,"enemies":"Centurion and Healer","floor":32,"turns":4},{"damage":36,"enemies":"IC_MUSHROOM_ARCHETYPE","floor":33,"turns":5},{"damage":0,"enemies":"3 Shapes","floor":37,"turns":3},{"damage":9,"enemies":"3 Darklings","floor":38,"turns":3},{"damage":0,"enemies":"Sphere and 2 Shapes","floor":42,"turns":4},{"damage":34,"enemies":"Nemesis","floor":43,"turns":5},{"damage":2,"enemies":"4 Shapes","floor":44,"turns":5},{"damage":0,"enemies":"Spire Growth","floor":46,"turns":4},{"damage":0,"enemies":"3 Darklings","floor":48,"turns":3},{"damage":4,"enemies":"Jaw Worm Horde","floor":49,"turns":3},{"damage":80,"enemies":"DF_ARCHETYPE_ORBS","floor":50,"turns":10},{"damage":95,"enemies":"downfall:CharBossMerchant","floor":52,"turns":7}],"seed_played":"3094405500961477068","potions_obtained":[{"floor":3.0,"key":"EssenceOfSteel"},{"floor":11.0,"key":"sneckomod:MuddlingPotion"},{"floor":12.0,"key":"EssenceOfSteel"},{"floor":15.0,"key":"EntropicBrew"},{"floor":19.0,"key":"Energy Potion"},{"floor":28,"key":"DistilledChaos"},{"floor":29,"key":"EntropicBrew"},{"floor":29,"key":"Energy Potion"},{"floor":29,"key":"EntropicBrew"},{"floor":29,"key":"Weak Potion"},{"floor":31,"key":"AttackPotion"},{"floor":32,"key":"Strength Potion"},{"floor":38,"key":"sneckomod:MuddlingPotion"},{"floor":39,"key":"EssenceOfSteel"},{"floor":39,"key":"hexamod:EctoCoolerPotion"},{"floor":43,"key":"Block Potion"},{"floor":48,"key":"Dexterity Potion"},{"floor":49,"key":"hexamod:DoubleChargePotion"}],"is_trial":false,"path_per_floor":["R","M","M","?","M","?","T","$","M","E","M","M","M","$","M","B",null,"R","M","?","?","$","?","T","R","$","M","M","$","E","M","M","B",null,"R","?","M","M","?","$","T","M","E","M","R","M","R","M","M","B",null,"E"],"character_chosen":"THE_SPIRIT","items_purchased":["hexamod:FastForward","hexamod:ForkedFlame","Toy Ornithopter","Bronze Scales","hexamod:StepThrough","Cauldron","hexamod:PowerFromBeyond","Mind Blast"],"campfire_rested":5,"item_purchase_floors":[8,14,22,29,29,29,40,40],"current_hp_per_floor":[70,70,70,70,68,61,61,68,63,44,22,24,28,31,38,40,70,70,55,37,37,40,26,26,60,68,80,78,80,58,62,74,51,80,80,80,80,71,71,71,71,78,60,77,80,80,80,80,80,24,80,0,0,0],"gold":136,"neow_bonus":"UPGRADE_CARD","is_daily":false,"chose_seed":false,"campfire_upgraded":0,"win_rate":0.0,"timestamp":1612939119,"path_taken":["R","M","M","?","M","?","T","$","M","E","M","M","M","$","M","BOSS","R","M","?","?","$","?","T","R","$","M","M","$","E","M","M","BOSS","R","?","M","M","?","$","T","M","E","M","R","M","R","?","M","BOSS","E"],"items_purchased_type":["Card","Card","Relic","Relic","Card","Relic","Card","Card"],"build_version":"2020-12-22","purchased_purges":2,"victory":false,"max_hp_per_floor":[70,70,70,70,70,70,70,70,70,70,70,70,70,70,70,70,70,70,70,70,70,70,70,70,80,80,80,80,80,80,80,80,80,80,80,80,80,80,80,80,80,80,80,80,80,80,80,80,80,80,80,80,80,80],"card_choices":[{"not_picked":["hexamod:FlamesFromBeyond","hexamod:AdvancingGuard"],"picked":"hexamod:FastForward","floor":2.0},{"not_picked":["hexamod:AdvancingGuard","hexamod:NightmareStrike"],"picked":"hexamod:InspiringFlames","floor":3.0},{"not_picked":["hexamod:GhostShield","hexamod:SwordOfDarkness"],"picked":"hexamod:AdvancingGuard","floor":5.0},{"not_picked":["hexamod:RecurringNightmare","hexamod:GhostflameBarrier"],"picked":"hexamod:WildfireWeapon","floor":8.0},{"not_picked":["hexamod:InspiringFlames","hexamod:BacktrackSmack","hexamod:NightmareGuise"],"picked":"SKIP","floor":9.0},{"not_picked":["hexamod:InspiringFlames","hexamod:SpectersWail"],"picked":"hexamod:SixthSeal","floor":10.0},{"not_picked":["hexamod:SpectersWail","hexamod:HeatMetal","hexamod:InspiringFlames"],"picked":"SKIP","floor":11.0},{"not_picked":["hexamod:GhostOfSpirePast","hexamod:GhostLash"],"picked":"hexamod:RadiantFlame","floor":12.0},{"not_picked":["hexamod:AdvancingGuard","hexamod:InspiringFlames"],"picked":"hexamod:EmpoweredFlame","floor":13.0},{"not_picked":["hexamod:InspiringFlames","hexamod:GhostShield","hexamod:FourthSeal"],"picked":"SKIP","floor":14.0},{"not_picked":["hexamod:Haunt","hexamod:SpectralSpark","hexamod:NightmareGuise"],"picked":"SKIP","floor":15.0},{"not_picked":["hexamod:ForkedFlame","hexamod:WildfireWeapon"],"picked":"hexamod:TimeWarp","floor":16.0},{"not_picked":["hexamod:BurningTouch+1","hexamod:SpectersWail","hexamod:HauntingEcho"],"picked":"SKIP","floor":19.0},{"not_picked":["hexamod:FastForward","hexamod:HauntingEcho"],"picked":"hexamod:FirstSeal","floor":22.0},{"not_picked":["hexamod:ThermalTransfer","hexamod:Incineration"],"picked":"hexamod:FastForward","floor":26},{"not_picked":["hexamod:ThirdSeal","hexamod:EtherealExpedition"],"picked":"hexamod:SoulSteal","floor":27},{"not_picked":["hexamod:SecondSeal","hexamod:AdvancingGuard","hexamod:SuperheatedStrike"],"picked":"SKIP","floor":28},{"not_picked":["hexamod:SoulSteal","hexamod:HeatMetal","hexamod:GhostShield"],"picked":"SKIP","floor":29},{"not_picked":["hexamod:RadiantFlame+1","hexamod:NightmareGuise+1"],"picked":"hexamod:InspiringFlames+1","floor":30},{"not_picked":["hexamod:Firestarter","hexamod:WildfireWeapon"],"picked":"hexamod:SpectralAdrenaline+1","floor":31},{"not_picked":["hexamod:GhostOfSpirePast+1","hexamod:BacktrackSmack"],"picked":"hexamod:AdvancingGuard","floor":32},{"not_picked":["hexamod:TimeOfNeed","hexamod:FlameSwitch"],"picked":"hexamod:GhostflameInferno","floor":33},{"not_picked":["hexamod:ShieldOfDarkness","hexamod:HeatMetal+1","hexamod:FastForward"],"picked":"SKIP","floor":37},{"not_picked":["hexamod:SpectralAdrenaline+1","hexamod:SuperheatedStrike"],"picked":"hexamod:FastForward+1","floor":38},{"not_picked":["hexamod:SuperheatedStrike","hexamod:BacktrackSmack","hexamod:HeatMetal"],"picked":"SKIP","floor":42},{"not_picked":["hexamod:SpectralAdrenaline+1","hexamod:ChargedBarrage"],"picked":"hexamod:TimeWarp","floor":43},{"not_picked":["hexamod:Again","hexamod:ThermalTransfer+1","hexamod:FlamesFromBeyond+1"],"picked":"SKIP","floor":44},{"not_picked":["hexamod:Hexaguard+1","hexamod:BacktrackSmack+1"],"picked":"hexamod:StepThrough+1","floor":46},{"not_picked":["hexamod:NightmareStrike+1","hexamod:HauntingEcho+1","hexamod:RetreatToShadows+1"],"picked":"SKIP","floor":48},{"not_picked":["hexamod:ThermalTransfer+1","hexamod:Incineration+1","hexamod:FastForward"],"picked":"SKIP","floor":49}],"player_experience":1021111,"relics_obtained":[{"floor":7.0,"key":"The Courier"},{"floor":10.0,"key":"Potion Belt"},{"floor":20.0,"key":"Dead Branch"},{"floor":20.0,"key":"Mercury Hourglass"},{"floor":30,"key":"Art of War"},{"floor":41,"key":"Eternal Feather"},{"floor":43,"key":"War Paint"}],"event_choices":[{"damage_healed":0,"gold_gain":0,"player_choice":"Got Potions","damage_taken":0,"max_hp_gain":0,"max_hp_loss":0,"event_name":"Lab","floor":39,"gold_loss":0}],"is_beta":false,"boss_relics":[{"not_picked":["Philosopher\u0027s Stone","bronze:MakeshiftBattery"],"picked":"Fusion Hammer"},{"not_picked":["Snecko Eye","Empty Cage"],"picked":"Cursed Key"}],"items_purged_floors":[8,29],"is_endless":false,"potions_floor_spawned":[3,11,12,15,19,28,31,32,38,42,43,48,49],"killed_by":"downfall:CharBossMerchant","ascension_level":0}}