{"host":"d744ndivyohnro60","time":1612922172,"event":{"mods":["BaseMod","Bestiary","Colored Powertips","Minty Spire (QoL Compilation)","Relic Stats"],"gold_per_floor":[109,109,126,144,159,159,187,201,251,251,276,276,306,18,18,118,118,130,130,145,145,165,165,184,184,211,211,211],"floor_reached":27,"language":"ENG","playtime":1359,"items_purged":["Strike_B"],"score":290,"play_id":"2d489823-0180-42cf-9bcc-463fcb5c33c0","local_time":"20210209205612","is_ascension_mode":true,"campfire_choices":[{"floor":6,"key":"REST"},{"floor":12,"key":"REST"},{"floor":15,"key":"REST"},{"floor":23,"key":"REST"}],"circlet_count":0,"master_deck":["Strike_B","Defend_B","Defend_B","Defend_B","Zap+1","Dualcast","Tempest","Static Discharge","Capacitor","Stack","Barrage","Barrage","FTL","Thunder Strike","Undo+1","Self Repair+1","Leap+1","Skim","Melter","Barrage"],"relics":["Fusion Hammer","Nunchaku","Omamori","Ornamental Fan","Juzu Bracelet","Astrolabe","Enchiridion","Bag of Marbles","Boot"],"acts_visited":["Exordium","TheCity"],"potions_floor_usage":[5,8,11,16,18,27],"damage_taken":[{"damage":0,"enemies":"Small Slimes","floor":1,"turns":3},{"damage":0,"enemies":"Cultist","floor":3,"turns":2},{"damage":4,"enemies":"Jaw Worm","floor":4,"turns":3},{"damage":6,"enemies":"Looter","floor":5,"turns":2},{"damage":44,"enemies":"Gremlin Nob","floor":7,"turns":4},{"damage":8,"enemies":"Blue Slaver","floor":8,"turns":3},{"damage":25,"enemies":"3 Sentries","floor":11,"turns":5},{"damage":28,"enemies":"The Guardian","floor":16,"turns":10},{"damage":9,"enemies":"Spheric Guardian","floor":18,"turns":4},{"damage":23,"enemies":"3 Byrds","floor":20,"turns":4},{"damage":28,"enemies":"Centurion and Healer","floor":22,"turns":5},{"damage":5,"enemies":"Snecko","floor":24,"turns":4},{"damage":25,"enemies":"Colosseum Slavers","floor":27,"turns":4},{"damage":34,"enemies":"Colosseum Nobs","floor":27,"turns":3}],"seed_played":"4494170765126107670","potions_obtained":[{"floor":1,"key":"Regen Potion"},{"floor":3,"key":"Weak Potion"},{"floor":5,"key":"Swift Potion"},{"floor":7,"key":"Strength Potion"},{"floor":16,"key":"DistilledChaos"},{"floor":22,"key":"Dexterity Potion"}],"is_trial":false,"path_per_floor":["M","?","M","M","M","R","E","M","T","?","E","R","?","$","R","B",null,"M","?","M","?","M","R","M","?","T","?"],"character_chosen":"DEFECT","items_purchased":["FTL","Juzu Bracelet"],"campfire_rested":4,"item_purchase_floors":[14,14],"current_hp_per_floor":[68,68,68,64,58,75,31,32,32,32,7,29,29,29,51,23,62,63,75,62,46,28,50,55,55,55,0,0],"gold":211,"neow_bonus":"BOSS_RELIC","is_daily":false,"chose_seed":false,"campfire_upgraded":0,"win_rate":0.0,"timestamp":1612922172,"path_taken":["M","?","?","M","?","R","E","M","T","?","E","R","?","$","R","BOSS","M","?","M","?","M","R","M","?","T","?"],"items_purchased_type":["Card","Relic"],"build_version":"2020-12-22","purchased_purges":1,"victory":false,"max_hp_per_floor":[75,75,75,75,75,75,75,75,75,75,75,75,75,75,75,75,75,75,75,75,75,75,75,75,75,75,75,75],"relic_stats":{"Nunchaku":[5],"counters":[14,56],"Ornamental Fan":[20],"Astrolabe":["Undo","Chill","Self Repair"],"Juzu Bracelet":1,"Boot":[4],"obtain_stats":[{"Nunchaku":7,"Ornamental Fan":11,"Astrolabe":17,"Enchiridion":21,"Fusion Hammer":0,"Omamori":9,"Juzu Bracelet":14,"Bag of Marbles":25,"Cracked Core":0,"Boot":26},{"Nunchaku":5,"Ornamental Fan":7,"Astrolabe":8,"Enchiridion":10,"Fusion Hammer":0,"Omamori":6,"Juzu Bracelet":7,"Bag of Marbles":12,"Cracked Core":0,"Boot":12},{"Nunchaku":14,"Ornamental Fan":22,"Astrolabe":32,"Enchiridion":40,"Fusion Hammer":0,"Omamori":17,"Juzu Bracelet":22,"Bag of Marbles":49,"Cracked Core":0,"Boot":49}]},"card_choices":[{"not_picked":["Compile Driver","Darkness"],"picked":"Tempest","floor":1},{"not_picked":["Stack","Self Repair"],"picked":"Static Discharge","floor":3},{"not_picked":["Hologram","Force Field"],"picked":"Capacitor","floor":4},{"not_picked":["Blizzard","Storm"],"picked":"Stack","floor":5},{"not_picked":["Loop","Aggregate"],"picked":"Barrage","floor":7},{"not_picked":["Heatsinks","Blizzard","Go for the Eyes"],"picked":"SKIP","floor":8},{"not_picked":["Amplify","Capacitor"],"picked":"Barrage","floor":11},{"not_picked":["Echo Form","Multi-Cast"],"picked":"Thunder Strike","floor":16},{"not_picked":["Steam","Compile Driver"],"picked":"Leap+1","floor":18},{"not_picked":["Gash","Conserve Battery+1"],"picked":"Skim","floor":20},{"not_picked":["Beam Cell+1","Hyperbeam"],"picked":"Melter","floor":22},{"not_picked":["Heatsinks+1","Rebound"],"picked":"Barrage","floor":24}],"player_experience":228126,"relics_obtained":[{"floor":7,"key":"Nunchaku"},{"floor":9,"key":"Omamori"},{"floor":11,"key":"Ornamental Fan"},{"floor":21,"key":"Enchiridion"},{"floor":26,"key":"Boot"}],"event_choices":[{"damage_healed":0,"gold_gain":0,"player_choice":"Upgraded","damage_taken":0,"max_hp_gain":0,"max_hp_loss":0,"event_name":"Upgrade Shrine","floor":2,"gold_loss":0,"cards_upgraded":["Zap"]},{"damage_healed":0,"gold_gain":0,"player_choice":"Ignored","damage_taken":0,"max_hp_gain":0,"max_hp_loss":0,"event_name":"Golden Wing","floor":10,"gold_loss":0},{"damage_healed":0,"gold_gain":30,"player_choice":"Searched \u00272\u0027 times","damage_taken":0,"max_hp_gain":0,"max_hp_loss":0,"event_name":"Dead Adventurer","floor":13,"gold_loss":0},{"cards_removed":["Chill"],"damage_healed":12,"gold_gain":0,"player_choice":"Offered Uncommon","damage_taken":0,"max_hp_gain":0,"max_hp_loss":0,"event_name":"Bonfire Elementals","floor":19,"gold_loss":0},{"damage_healed":0,"gold_gain":0,"player_choice":"Obtained Book","damage_taken":16,"max_hp_gain":0,"max_hp_loss":0,"event_name":"Cursed Tome","floor":21,"gold_loss":0},{"damage_healed":0,"gold_gain":0,"player_choice":"Stole Relic","damage_taken":0,"relics_obtained":["Bag of Marbles"],"max_hp_gain":0,"max_hp_loss":0,"event_name":"Addict","floor":25,"gold_loss":0,"cards_obtained":["Shame"]},{"damage_healed":0,"gold_gain":0,"player_choice":"Fight","damage_taken":0,"max_hp_gain":0,"max_hp_loss":0,"event_name":"Colosseum","floor":27,"gold_loss":0},{"damage_healed":0,"gold_gain":0,"player_choice":"Fought Nobs","damage_taken":0,"max_hp_gain":0,"max_hp_loss":0,"event_name":"Colosseum","floor":27,"gold_loss":0}],"is_beta":false,"boss_relics":[{"not_picked":["Coffee Dripper","Runic Dome"],"picked":"Astrolabe"}],"items_purged_floors":[14],"is_endless":false,"potions_floor_spawned":[1,3,5,7,16,22,27],"killed_by":"Colosseum Nobs","ascension_level":6}}