{"host":"7fyy23rucerupe6i","time":1612955583,"event":{"mods":["BaseMod","Minty Spire (QoL Compilation)","StSLib","The Animator"],"gold_per_floor":[114,125,139,139,159,159,197,197,197,197,215,315,327,346,346,446,446,475,446,446,371,392,392,408,408,408,408,408,333,333,354,354,362,362],"floor_reached":33,"language":"ZHS","playtime":2381,"items_purged":["animator:Defend"],"score":299,"play_id":"13fd1841-5b42-4ae7-bb70-b88a9abd2805","local_time":"20210210191303","is_ascension_mode":false,"campfire_choices":[{"data":"animator:Aqua","floor":6,"key":"SMITH"},{"data":"animator:Benimaru","floor":8,"key":"SMITH"},{"data":"animator:GazelDwargon","floor":10,"key":"SMITH"},{"data":"animator:Souei","floor":15,"key":"SMITH"},{"data":"animator:Albedo","floor":23,"key":"SMITH"},{"floor":25,"key":"REST"},{"data":"animator:Tet","floor":27,"key":"SMITH"},{"floor":32,"key":"REST"}],"circlet_count":0,"master_deck":["animator:Strike_Konosuba","animator:Defend_Konosuba","animator:Strike","animator:Defend","animator:Kazuma","animator:Aqua+1","animator:Benimaru+1","animator:Vesta","animator:Tet+1","animator:GazelDwargon+1","animator:Arpeggio","animator:IzunaHatsuse","animator:Souei+1","animator:Albedo+1","animator:Chris","animator:Entoma","animator:Millim","animator:Kuribayashi","animator:IzunaHatsuse"],"relics":["animator:TheMissingPiece","Sozu","Strawberry","Mango","animator:CursedBlade","Nilry\u0027s Codex","Mercury Hourglass"],"acts_visited":["Exordium","TheCity"],"potions_floor_usage":[],"damage_taken":[{"damage":1,"enemies":"Small Slimes","floor":1,"turns":4},{"damage":0,"enemies":"Jaw Worm","floor":2,"turns":3},{"damage":0,"enemies":"Cultist","floor":3,"turns":4},{"damage":15,"enemies":"Large Slime","floor":5,"turns":6},{"damage":29,"enemies":"3 Sentries","floor":7,"turns":10},{"damage":3,"enemies":"Blue Slaver","floor":11,"turns":5},{"damage":0,"enemies":"Looter","floor":13,"turns":5},{"damage":9,"enemies":"Large Slime","floor":14,"turns":6},{"damage":25,"enemies":"Slime Boss","floor":16,"turns":11},{"damage":5,"enemies":"Spheric Guardian","floor":18,"turns":5},{"damage":5,"enemies":"2 Thieves","floor":19,"turns":5},{"damage":19,"enemies":"Shelled Parasite and Fungi","floor":22,"turns":8},{"damage":49,"enemies":"Cultist and Chosen","floor":24,"turns":7},{"damage":11,"enemies":"Centurion and Healer","floor":31,"turns":5},{"damage":73,"enemies":"Collector","floor":33,"turns":7}],"seed_played":"6084045975096195598","potions_obtained":[],"is_trial":false,"path_per_floor":["M","M","M","?","M","R","E","R","T","R","M","?","M","M","R","B",null,"M","M","?","?","M","R","M","R","T","R","?","$","?","M","R","B"],"character_chosen":"THE_ANIMATOR","items_purchased":[],"campfire_rested":2,"item_purchase_floors":[],"current_hp_per_floor":[65,66,66,71,56,56,37,37,51,51,51,51,54,48,48,26,92,87,85,69,69,59,59,13,40,40,40,22,22,22,26,55,0,0],"gold":362,"neow_bonus":"BOSS_RELIC","is_daily":false,"chose_seed":false,"campfire_upgraded":6,"win_rate":0.0,"timestamp":1612955583,"path_taken":["M","M","M","?","M","R","E","R","T","R","M","?","M","?","R","BOSS","M","M","?","?","M","R","M","R","T","R","?","$","?","M","R","BOSS"],"items_purchased_type":[],"build_version":"2020-12-22","purchased_purges":1,"victory":false,"max_hp_per_floor":[66,66,66,71,71,71,78,78,92,92,92,92,92,92,92,92,92,92,92,92,92,92,92,92,92,92,92,97,97,97,97,97,97,97],"card_choices":[{"not_picked":["animator:Nanami","animator:Emonzaemon"],"picked":"animator:Benimaru","floor":1},{"not_picked":["animator:Bozes","animator:YunYun"],"picked":"animator:Vesta","floor":2},{"not_picked":["animator:DolaRiku","animator:Sebas"],"picked":"animator:Tet","floor":3},{"not_picked":["animator:Vesta","animator:Millim"],"picked":"animator:GazelDwargon","floor":5},{"not_picked":["animator:Shiro","animator:MumenRider"],"picked":"animator:Arpeggio","floor":7},{"not_picked":["animator:DolaRiku","animator:Tet"],"picked":"animator:IzunaHatsuse","floor":11},{"not_picked":["animator:Kaijin","animator:TukaLunaMarceau","animator:Kuribayashi"],"picked":"SKIP","floor":13},{"not_picked":["animator:Kaijin","animator:Vesta"],"picked":"animator:Souei","floor":14},{"not_picked":["animator:PinaCoLada","animator:Rimuru"],"picked":"animator:Albedo","floor":16},{"not_picked":["animator:Cocytus","animator:Azekura"],"picked":"animator:Chris","floor":18},{"not_picked":["animator:Shion","animator:Hakurou"],"picked":"animator:Entoma","floor":19},{"not_picked":["animator:ZankiKiguchi","animator:Shuna","animator:Genos"],"picked":"SKIP","floor":22},{"not_picked":["animator:Shion","animator:Kaijin"],"picked":"animator:Millim","floor":24},{"not_picked":["animator:Shion","animator:Emonzaemon","animator:Melzalgald+1"],"picked":"SKIP","floor":31}],"player_experience":332543,"relics_obtained":[{"floor":7,"key":"Strawberry"},{"floor":9,"key":"Mango"},{"floor":20,"key":"Nilry\u0027s Codex"},{"floor":26,"key":"Mercury Hourglass"}],"event_choices":[{"damage_healed":0,"gold_gain":0,"player_choice":"Donut","damage_taken":0,"max_hp_gain":5,"max_hp_loss":0,"event_name":"Big Fish","floor":4,"gold_loss":0},{"damage_healed":0,"gold_gain":100,"player_choice":"Pray","damage_taken":0,"max_hp_gain":0,"max_hp_loss":0,"event_name":"Golden Shrine","floor":12,"gold_loss":0},{"damage_healed":0,"gold_gain":0,"player_choice":"Obtained Book","damage_taken":16,"max_hp_gain":0,"max_hp_loss":0,"event_name":"Cursed Tome","floor":20,"gold_loss":0},{"cards_removed":["animator:Strike"],"damage_healed":0,"gold_gain":0,"player_choice":"Gave Gold","damage_taken":0,"max_hp_gain":0,"max_hp_loss":0,"event_name":"Beggar","floor":21,"gold_loss":75},{"damage_healed":0,"gold_gain":0,"player_choice":"Shed Blood","damage_taken":23,"max_hp_gain":5,"max_hp_loss":0,"event_name":"Forgotten Altar","floor":28,"gold_loss":0},{"damage_healed":0,"gold_gain":0,"cards_transformed":["animator:Strike","animator:Defend"],"player_choice":"Became Test Subject","damage_taken":0,"max_hp_gain":0,"max_hp_loss":0,"event_name":"Drug Dealer","floor":30,"gold_loss":0,"cards_obtained":["animator:Kuribayashi","animator:IzunaHatsuse"]}],"is_beta":false,"boss_relics":[{"not_picked":["SacredBark","Tiny House"],"picked":"animator:CursedBlade"}],"items_purged_floors":[29],"is_endless":false,"potions_floor_spawned":[1,11,13,14,16,18,31],"killed_by":"Collector","ascension_level":0}}