{"host":"y13mj1mxwnd5xx1x","time":1612933145,"event":{"mods":["AchievementEnabler","BaseMod","Minty Spire (QoL Compilation)"],"gold_per_floor":[115,290,114,114,14,14,94,125,202,222,262,262,295,316,316,437,437,450,450,22,22,46,46,80,115,127,180,192,204,236,262,274,411,423,454,486,84,107,107,142,157,178,231,231,255,290,309,309,309,309,309,111,150,150,150],"floor_reached":54,"language":"ENG","playtime":5533,"items_purged":["Doubt","Strike_P","Writhe","Strike_P","Strike_P"],"score":980,"play_id":"59f0dbca-7769-4b93-aa9b-34f65b3c6382","local_time":"20210209225905","is_ascension_mode":false,"campfire_choices":[{"data":"WindmillStrike","floor":12,"key":"SMITH"},{"floor":15,"key":"RECALL"},{"data":"Apotheosis","floor":23,"key":"SMITH"},{"data":"DevaForm","floor":28,"key":"SMITH"},{"data":"Fasting2","floor":32,"key":"SMITH"},{"floor":51,"key":"REST"}],"circlet_count":0,"master_deck":["Defend_P","Defend_P","Defend_P","Defend_P","Eruption","Vigilance","SashWhip","Protect+1","CrushJoints","WindmillStrike+1","Conclude","EmptyBody","DevaForm+1","BowlingBash","Protect","Apotheosis+1","ClearTheMind","BattleHymn+1","ReachHeaven+1","Alpha","Fasting2+1","DeusExMachina","Protect+1","Protect+1","Study+1"],"relics":["PureWater","NeowsBlessing","Ice Cream","Golden Idol","CaptainsWheel","The Courier","Blood Vial","FossilizedHelix","Black Star","Art of War","Melange","Enchiridion","HornCleat","MawBank","Anchor","Strawberry","Eternal Feather","Gremlin Horn","Fusion Hammer","Meat on the Bone","Calipers","Toxic Egg 2","Orichalcum","Frozen Egg 2","Regal Pillow","War Paint","GoldenEye"],"acts_visited":["Exordium","TheCity","TheBeyond","TheEnding"],"potions_floor_usage":[11,13,16,16,27,27,31,53,54,54],"damage_taken":[{"damage":0,"enemies":"Small Slimes","floor":1,"turns":1},{"damage":0,"enemies":"Lagavulin Event","floor":7,"turns":1},{"damage":0,"enemies":"Gremlin Nob","floor":8,"turns":1},{"damage":0,"enemies":"2 Louse","floor":10,"turns":1},{"damage":8,"enemies":"Lagavulin","floor":11,"turns":8},{"damage":9,"enemies":"3 Sentries","floor":13,"turns":5},{"damage":0,"enemies":"Jaw Worm","floor":14,"turns":3},{"damage":43,"enemies":"Hexaghost","floor":16,"turns":9},{"damage":10,"enemies":"2 Thieves","floor":18,"turns":5},{"damage":2,"enemies":"Spheric Guardian","floor":22,"turns":8},{"damage":12,"enemies":"Slavers","floor":24,"turns":5},{"damage":0,"enemies":"3 Cultists","floor":25,"turns":5},{"damage":0,"enemies":"Book of Stabbing","floor":27,"turns":6},{"damage":0,"enemies":"Cultist and Chosen","floor":30,"turns":6},{"damage":20,"enemies":"Snake Plant","floor":31,"turns":6},{"damage":0,"enemies":"Champ","floor":33,"turns":10},{"damage":5,"enemies":"3 Darklings","floor":35,"turns":6},{"damage":0,"enemies":"Orb Walker","floor":36,"turns":4},{"damage":0,"enemies":"Maw","floor":38,"turns":7},{"damage":0,"enemies":"Giant Head","floor":40,"turns":8},{"damage":0,"enemies":"Spire Growth","floor":41,"turns":6},{"damage":0,"enemies":"4 Shapes","floor":42,"turns":7},{"damage":0,"enemies":"3 Darklings","floor":45,"turns":5},{"damage":0,"enemies":"Nemesis","floor":46,"turns":7},{"damage":0,"enemies":"Maw","floor":47,"turns":9},{"damage":27,"enemies":"Donu and Deca","floor":49,"turns":9},{"damage":58,"enemies":"Shield and Spear","floor":53,"turns":9},{"damage":48,"enemies":"The Heart","floor":54,"turns":3}],"seed_played":"-604436375938447007","potions_obtained":[{"floor":1,"key":"StancePotion"},{"floor":8,"key":"LiquidMemories"},{"floor":14,"key":"ColorlessPotion"},{"floor":24,"key":"Swift Potion"},{"floor":25,"key":"ColorlessPotion"},{"floor":30,"key":"PowerPotion"},{"floor":45,"key":"LiquidBronze"}],"is_trial":false,"path_per_floor":["M","?","$","?","$","?","?","E","T","M","E","R","E","M","R","B",null,"M","?","$","?","M","R","E","M","T","E","R","T","M","M","R","B",null,"M","M","$","M","?","E","M","M","T","?","M","E","M","?","B",null,"R","$","E","B"],"character_chosen":"WATCHER","items_purchased":["Protect","FearPotion","Protect","Apotheosis","Melange","SkillPotion","Meat on the Bone","SkillPotion","Block Potion","Protect","Study+1"],"campfire_rested":1,"item_purchase_floors":[3,3,20,20,20,20,37,37,37,37,52],"current_hp_per_floor":[72,72,72,69,69,67,67,67,67,67,59,59,52,54,54,13,67,57,57,57,41,41,41,31,33,33,42,54,54,56,38,50,52,74,69,71,71,73,70,70,70,70,70,70,70,70,70,70,43,70,70,70,24,0,0],"gold":150,"neow_bonus":"THREE_ENEMY_KILL","is_daily":false,"chose_seed":false,"campfire_upgraded":4,"win_rate":0.0,"timestamp":1612933145,"path_taken":["M","?","$","?","$","?","?","E","T","M","E","R","E","M","R","BOSS","M","?","$","?","M","R","E","M","T","E","R","?","M","M","R","BOSS","M","M","$","M","?","E","M","M","T","?","M","E","M","?","BOSS","R","$","E","BOSS"],"items_purchased_type":["Card","Potion","Card","Card","Relic","Potion","Relic","Potion","Potion","Card","Card"],"build_version":"2020-12-22","purchased_purges":5,"victory":false,"max_hp_per_floor":[72,72,72,72,72,67,67,67,67,67,67,67,67,67,67,67,67,67,67,67,67,67,67,67,67,67,74,74,74,74,74,74,74,74,74,74,74,74,70,70,70,70,70,70,70,70,70,70,70,70,70,70,70,70,70],"card_choices":[{"not_picked":["EmptyMind","ClearTheMind"],"picked":"SashWhip","floor":1},{"not_picked":["FlyingSleeves","JustLucky"],"picked":"CrushJoints","floor":7},{"not_picked":["CrushJoints","EmptyFist"],"picked":"WindmillStrike","floor":8},{"not_picked":["LikeWater","Prostrate"],"picked":"Conclude","floor":10},{"not_picked":["Vengeance","FollowUp","JustLucky"],"picked":"SKIP","floor":11},{"not_picked":["LikeWater","SashWhip"],"picked":"EmptyBody","floor":13},{"not_picked":["CutThroughFate","FollowUp","Blasphemy"],"picked":"SKIP","floor":14},{"not_picked":["Judgement","Devotion"],"picked":"DevaForm","floor":16},{"not_picked":["FlurryOfBlows","Prostrate"],"picked":"BowlingBash","floor":18},{"not_picked":["Perseverance","FlurryOfBlows"],"picked":"ClearTheMind","floor":22},{"not_picked":["SashWhip+1","Protect"],"picked":"BattleHymn+1","floor":24},{"not_picked":["ThirdEye","MentalFortress"],"picked":"ReachHeaven+1","floor":25},{"not_picked":["BowlingBash+1","EmptyBody"],"picked":"Alpha","floor":27},{"not_picked":["Protect","CrushJoints"],"picked":"Fasting2","floor":30},{"not_picked":["Fasting2","Prostrate","FlyingSleeves"],"picked":"SKIP","floor":31},{"not_picked":["MasterReality","Devotion"],"picked":"DeusExMachina","floor":33},{"not_picked":["Prostrate","Protect","Fasting2"],"picked":"SKIP","floor":35},{"not_picked":["EmptyBody","FearNoEvil","Pray"],"picked":"SKIP","floor":36},{"not_picked":["ThirdEye+1","Swivel"],"picked":"Protect+1","floor":38},{"not_picked":["Swivel+1","WreathOfFlame+1","Omniscience+1"],"picked":"SKIP","floor":40},{"not_picked":["JustLucky+1","Protect+1","BowlingBash+1"],"picked":"SKIP","floor":41},{"not_picked":["FearNoEvil","BowlingBash","CrushJoints+1"],"picked":"SKIP","floor":42},{"not_picked":["Weave+1","Conclude","PathToVictory+1"],"picked":"SKIP","floor":45},{"not_picked":["Conclude","LessonLearned","PathToVictory+1"],"picked":"SKIP","floor":46},{"not_picked":["JustLucky+1","ReachHeaven+1","Halt+1"],"picked":"SKIP","floor":47},{"not_picked":["ForeignInfluence+1","JustLucky","WheelKick"],"picked":"SKIP","floor":53}],"player_experience":144870,"relics_obtained":[{"floor":7,"key":"CaptainsWheel"},{"floor":8,"key":"The Courier"},{"floor":11,"key":"Blood Vial"},{"floor":13,"key":"FossilizedHelix"},{"floor":21,"key":"Enchiridion"},{"floor":24,"key":"HornCleat"},{"floor":24,"key":"MawBank"},{"floor":26,"key":"Anchor"},{"floor":27,"key":"Strawberry"},{"floor":27,"key":"Eternal Feather"},{"floor":29,"key":"Gremlin Horn"},{"floor":40,"key":"Calipers"},{"floor":40,"key":"Toxic Egg 2"},{"floor":43,"key":"Orichalcum"},{"floor":46,"key":"Frozen Egg 2"},{"floor":46,"key":"Regal Pillow"},{"floor":53,"key":"War Paint"},{"floor":53,"key":"GoldenEye"}],"event_choices":[{"damage_healed":0,"gold_gain":175,"player_choice":"AGREE","damage_taken":0,"max_hp_gain":0,"max_hp_loss":0,"event_name":"Liars Game","floor":2,"gold_loss":0,"cards_obtained":["Doubt"]},{"damage_healed":0,"gold_gain":0,"player_choice":"Success","damage_taken":3,"relics_obtained":["Ice Cream"],"max_hp_gain":0,"max_hp_loss":0,"event_name":"Scrap Ooze","floor":4,"gold_loss":0},{"damage_healed":0,"gold_gain":0,"player_choice":"Lose Max HP","damage_taken":0,"relics_obtained":["Golden Idol"],"max_hp_gain":0,"max_hp_loss":5,"event_name":"Golden Idol","floor":6,"gold_loss":0},{"damage_healed":0,"gold_gain":0,"player_choice":"Searched \u00271\u0027 times","damage_taken":0,"max_hp_gain":0,"max_hp_loss":0,"event_name":"Dead Adventurer","floor":7,"gold_loss":0},{"damage_healed":0,"gold_gain":0,"player_choice":"Opened","damage_taken":0,"relics_obtained":["Art of War"],"max_hp_gain":0,"max_hp_loss":0,"event_name":"The Mausoleum","floor":19,"gold_loss":0,"cards_obtained":["Writhe"]},{"damage_healed":0,"gold_gain":0,"player_choice":"Obtained Book","damage_taken":16,"max_hp_gain":0,"max_hp_loss":0,"event_name":"Cursed Tome","floor":21,"gold_loss":0},{"damage_healed":0,"gold_gain":0,"player_choice":"Max HP","damage_taken":0,"max_hp_gain":0,"max_hp_loss":4,"event_name":"Winding Halls","floor":39,"gold_loss":0},{"cards_removed":["Strike_P"],"damage_healed":0,"gold_gain":0,"player_choice":"Removed Attack","damage_taken":0,"max_hp_gain":0,"max_hp_loss":0,"event_name":"Falling","floor":44,"gold_loss":0},{"damage_healed":0,"gold_gain":0,"player_choice":"Took Portal","damage_taken":0,"max_hp_gain":0,"max_hp_loss":0,"event_name":"SecretPortal","floor":48,"gold_loss":0}],"is_beta":false,"boss_relics":[{"not_picked":["Pandora\u0027s Box","Astrolabe"],"picked":"Black Star"},{"not_picked":["Runic Dome","SacredBark"],"picked":"Fusion Hammer"}],"items_purged_floors":[3,5,20,37,52],"is_endless":false,"potions_floor_spawned":[1,8,14,24,25,30,40,41,45],"killed_by":"The Heart","ascension_level":0}}