{"host":"n9fx05aq4lr38byd","time":1612995054,"event":{"mods":["BaseMod","Bestiary","Minty Spire (QoL Compilation)","Permanent Neow","Relic Stats"],"gold_per_floor":[16,16,32,50,50,80,80,80,80],"floor_reached":8,"language":"ENG","playtime":375,"items_purged":[],"score":109,"play_id":"5d6fb604-5bd7-475f-a870-0ce6bdbab4b6","local_time":"20210210221054","is_ascension_mode":true,"campfire_choices":[{"data":"Skewer","floor":7,"key":"SMITH"}],"circlet_count":0,"master_deck":["AscendersBane","Strike_G","Strike_G","Strike_G","Strike_G","Defend_G","Defend_G","Defend_G","Defend_G","Defend_G","Survivor","Neutralize","Flying Knee","Caltrops","Skewer+1","PiercingWail"],"relics":["Ring of the Snake","Shovel","Art of War"],"acts_visited":["Exordium"],"potions_floor_usage":[4,6],"damage_taken":[{"damage":0,"enemies":"2 Louse","floor":1,"turns":5},{"damage":6,"enemies":"Jaw Worm","floor":3,"turns":5},{"damage":0,"enemies":"Cultist","floor":4,"turns":5},{"damage":34,"enemies":"3 Sentries","floor":6,"turns":12},{"damage":46,"enemies":"Lagavulin","floor":8,"turns":8}],"seed_played":"389441747929696070","potions_obtained":[{"floor":1,"key":"Fruit Juice"},{"floor":3,"key":"FearPotion"},{"floor":4,"key":"LiquidMemories"}],"is_trial":false,"path_per_floor":["M","?","M","M","?","E","R","E"],"character_chosen":"THE_SILENT","items_purchased":[],"campfire_rested":0,"item_purchase_floors":[],"current_hp_per_floor":[59,59,53,58,63,29,29,0,0],"gold":80,"neow_bonus":"ONE_RARE_RELIC","is_daily":false,"chose_seed":false,"campfire_upgraded":1,"win_rate":0.0,"timestamp":1612995054,"path_taken":["M","?","M","M","?","E","R","E"],"items_purchased_type":[],"build_version":"2020-12-22","purchased_purges":0,"victory":false,"max_hp_per_floor":[66,66,66,71,76,76,76,76,76],"relic_stats":{"Shovel":0,"counters":[5,35],"Art of War":[2],"obtain_stats":[{"Shovel":0,"Art of War":6,"Ring of the Snake":0},{"Shovel":0,"Art of War":4,"Ring of the Snake":0},{"Shovel":0,"Art of War":27,"Ring of the Snake":0}],"Ring of the Snake":[10]},"card_choices":[{"not_picked":["Accuracy","Deflect"],"picked":"Flying Knee","floor":1},{"not_picked":["Backstab","PiercingWail"],"picked":"Skewer","floor":3},{"not_picked":["Deflect","Doppelganger"],"picked":"PiercingWail","floor":4},{"not_picked":["Reflex","Flying Knee","Eviscerate"],"picked":"SKIP","floor":6}],"player_experience":851708,"relics_obtained":[{"floor":6,"key":"Art of War"}],"event_choices":[{"damage_healed":0,"gold_gain":0,"cards_transformed":["Strike_G"],"player_choice":"Change","damage_taken":0,"max_hp_gain":0,"max_hp_loss":0,"event_name":"Living Wall","floor":2,"gold_loss":0,"cards_obtained":["Caltrops"]},{"damage_healed":0,"gold_gain":0,"player_choice":"Donut","damage_taken":0,"max_hp_gain":5,"max_hp_loss":0,"event_name":"Big Fish","floor":5,"gold_loss":0}],"is_beta":false,"boss_relics":[],"items_purged_floors":[],"is_endless":false,"potions_floor_spawned":[1,3,4],"killed_by":"Lagavulin","ascension_level":19}}