{"host":"syozzdlzcqop4jia","time":1612991600,"event":{"mods":["AchievementEnabler","BaseMod","Colored Map","Colored Powertips","Minty Spire (QoL Compilation)","Quick Restart"],"gold_per_floor":[112,127,141,91,105,135,135,145,168,187,187,203,203,216,216,321,321,335,14,14,24,24,24,38,38,38],"floor_reached":25,"language":"ENG","playtime":1199,"items_purged":[],"score":207,"play_id":"6541a953-7c70-42ba-a67b-814723a11dfa","local_time":"20210210221320","is_ascension_mode":false,"campfire_choices":[{"floor":7,"key":"RECALL"},{"floor":11,"key":"REST"},{"floor":15,"key":"REST"},{"data":"Spot Weakness","floor":23,"key":"SMITH"}],"circlet_count":0,"master_deck":["Strike_R","Strike_R","Strike_R","Strike_R","Strike_R","Defend_R","Defend_R","Defend_R","Bash","Ghostly Armor","Sword Boomerang","Spot Weakness+1","Twin Strike","Carnage","Flame Barrier","Headbutt","Heavy Blade","Anger","Demon Form","Battle Trance+1","Uppercut","Pommel Strike","Anger+1"],"relics":["Burning Blood","Smiling Mask","Black Star","Eternal Feather","Regal Pillow"],"acts_visited":["Exordium","TheCity"],"potions_floor_usage":[8,24,24],"damage_taken":[{"damage":1,"enemies":"Jaw Worm","floor":1,"turns":3},{"damage":0,"enemies":"2 Louse","floor":2,"turns":4},{"damage":1,"enemies":"Cultist","floor":3,"turns":4},{"damage":16,"enemies":"2 Fungi Beasts","floor":5,"turns":4},{"damage":62,"enemies":"Lagavulin","floor":6,"turns":8},{"damage":12,"enemies":"Gremlin Gang","floor":8,"turns":3},{"damage":0,"enemies":"Looter","floor":10,"turns":3},{"damage":8,"enemies":"Red Slaver","floor":12,"turns":3},{"damage":14,"enemies":"Blue Slaver","floor":14,"turns":3},{"damage":35,"enemies":"Slime Boss","floor":16,"turns":8},{"damage":30,"enemies":"2 Thieves","floor":18,"turns":3},{"damage":10,"enemies":"Chosen","floor":21,"turns":4},{"damage":44,"enemies":"Shelled Parasite and Fungi","floor":24,"turns":5},{"damage":51,"enemies":"Sentry and Sphere","floor":25,"turns":7}],"seed_played":"-3714093475780220678","potions_obtained":[{"floor":1,"key":"Dexterity Potion"},{"floor":2,"key":"FearPotion"},{"floor":5,"key":"Explosive Potion"},{"floor":12,"key":"Dexterity Potion"},{"floor":14,"key":"BloodPotion"},{"floor":24,"key":"Strength Potion"}],"is_trial":false,"path_per_floor":["M","M","M","?","M","E","R","M","T","M","R","M","?","M","R","B",null,"M","$","?","M","T","R","M","M"],"character_chosen":"IRONCLAD","items_purchased":["Eternal Feather","Uppercut"],"campfire_rested":2,"item_purchase_floors":[19,19],"current_hp_per_floor":[88,88,88,88,78,22,22,16,16,22,48,46,46,38,64,35,88,64,64,64,60,60,72,51,0,0],"gold":38,"neow_bonus":"TEN_PERCENT_HP_BONUS","is_daily":false,"chose_seed":false,"campfire_upgraded":1,"win_rate":0.0,"timestamp":1612991600,"path_taken":["M","M","M","?","M","E","R","M","T","M","R","M","?","M","R","BOSS","M","$","?","M","?","R","M","?"],"items_purchased_type":["Relic","Card"],"build_version":"2020-12-22","purchased_purges":0,"victory":false,"max_hp_per_floor":[88,88,88,88,88,88,88,88,88,88,88,88,88,88,88,88,88,88,88,88,88,88,88,88,88,88],"card_choices":[{"not_picked":["Headbutt","Searing Blow"],"picked":"Ghostly Armor","floor":1},{"not_picked":["Sentinel","Iron Wave"],"picked":"Sword Boomerang","floor":2},{"not_picked":["Rage","Warcry"],"picked":"Spot Weakness","floor":3},{"not_picked":["Warcry","Armaments"],"picked":"Twin Strike","floor":5},{"not_picked":["Pommel Strike","Cleave"],"picked":"Carnage","floor":6},{"not_picked":["Havoc","Rage"],"picked":"Flame Barrier","floor":8},{"not_picked":["Clash","Dropkick"],"picked":"Headbutt","floor":10},{"not_picked":["Evolve","Headbutt"],"picked":"Heavy Blade","floor":12},{"not_picked":["Thunderclap","Second Wind"],"picked":"Anger","floor":14},{"not_picked":["Corruption","Exhume"],"picked":"Demon Form","floor":16},{"not_picked":["Blood for Blood","Flame Barrier"],"picked":"Battle Trance+1","floor":18},{"not_picked":["Shockwave+1","Iron Wave"],"picked":"Pommel Strike","floor":21},{"not_picked":["Warcry+1","Thunderclap"],"picked":"Anger+1","floor":24}],"player_experience":666790,"relics_obtained":[{"floor":6,"key":"Smiling Mask"},{"floor":22,"key":"Regal Pillow"}],"event_choices":[{"cards_removed":["Defend_R"],"damage_healed":0,"gold_gain":0,"player_choice":"Card Removal","damage_taken":0,"max_hp_gain":0,"max_hp_loss":0,"event_name":"The Cleric","floor":4,"gold_loss":50},{"damage_healed":0,"gold_gain":0,"player_choice":"Ignored","damage_taken":0,"max_hp_gain":0,"max_hp_loss":0,"event_name":"Liars Game","floor":13,"gold_loss":0},{"damage_healed":0,"gold_gain":0,"player_choice":"Ignored","damage_taken":0,"max_hp_gain":0,"max_hp_loss":0,"event_name":"Ghosts","floor":20,"gold_loss":0}],"is_beta":false,"boss_relics":[{"not_picked":["Runic Dome","Empty Cage"],"picked":"Black Star"}],"items_purged_floors":[],"is_endless":false,"potions_floor_spawned":[1,2,5,12,14,16,18,24],"killed_by":"Sentry and Sphere","ascension_level":0}}