{"host":"8e3sp1tozjyrh64l","time":1612935131,"event":{"mods":["BaseMod","Better Altar","Better Match","Better Note","Better Sensory Stone","Better Silent Start","Better Skull","Better Third Choice","BetterRewards","Curses Come First","Defuse TimeMaze Blight","Infinite Spire","Minty Spire (QoL Compilation)","Permanent Neow","Rare Cards Sparkle","Relic Sorter","Reliquary","Replay The Spire","Shop Mod","Spicy Shops","StSLib","SuperFastMode","Wandering Minibosses"],"gold_per_floor":[119,119,119,132,233,233,259,279,279,305,305,316,316,329,329,428,428,448,448,547,557,574,602,602,602,602,602,602,679,23,58,58,58,58],"floor_reached":33,"language":"ENG","playtime":832,"items_purged":[],"score":379,"play_id":"1ece5840-22c9-4fd0-a53c-94deca9b531d","local_time":"20210209223211","is_ascension_mode":true,"campfire_choices":[{"data":"Cloak And Dagger","floor":6,"key":"SMITH"},{"data":"Accuracy","floor":11,"key":"SMITH"},{"data":"Fluid Movement","floor":13,"key":"SMITH"},{"data":"Cloak And Dagger","floor":15,"key":"SMITH"},{"data":"Envenom","floor":25,"key":"SMITH"},{"data":"Blade Dance","floor":27,"key":"SMITH"},{"data":"Mayhem","floor":32,"key":"SMITH"}],"circlet_count":0,"master_deck":["Strike_G+1","Strike_G","Strike_G+1","Strike_G","Defend_G+1","Defend_G+1","Defend_G+1","Defend_G+1","Survivor","Neutralize+1","Fluid Movement+1","Blade Dance+1","Cloak And Dagger+1","Toxin Wave","Accuracy+1","Infinite Blades","Cloak And Dagger+1","Envenom+1","Choke","Infinite Blades+1","Noxious Fumes","Mayhem+1","Fluid Movement"],"relics":["NeowsBlessing","Sizzling Blood","Centennial Puzzle","infinitespire:Beetle Shell","Tough Bandages","Coffee Dripper","Ancient Tea Set","Thread and Needle","MerchantsRug","Replay:Bottled Eggs","Whetstone","ReplayFunnel"],"acts_visited":["Exordium","TheCity"],"potions_floor_usage":[10,10,12,23,23],"damage_taken":[{"damage":0,"enemies":"Jaw Worm","floor":1,"turns":1},{"damage":0,"enemies":"Cultist","floor":4,"turns":1},{"damage":0,"enemies":"3 Sentries","floor":7,"turns":1},{"damage":0,"enemies":"Small Slimes","floor":8,"turns":4},{"damage":14,"enemies":"Lagavulin","floor":10,"turns":7},{"damage":2,"enemies":"Exordium Wildlife","floor":12,"turns":3},{"damage":0,"enemies":"Exordium Thugs","floor":14,"turns":3},{"damage":7,"enemies":"Fading Forest","floor":16,"turns":11},{"damage":19,"enemies":"2 Thieves","floor":18,"turns":6},{"damage":5,"enemies":"3 Byrds","floor":21,"turns":4},{"damage":34,"enemies":"Snake Plant","floor":22,"turns":4},{"damage":13,"enemies":"Book of Stabbing","floor":23,"turns":4},{"damage":10,"enemies":"Replay:Snechameleon","floor":31,"turns":5},{"damage":14,"enemies":"Automaton","floor":33,"turns":2}],"seed_played":"-5256216410633694613","potions_obtained":[{"floor":1,"key":"PowerPotion"},{"floor":7,"key":"EssenceOfSteel"},{"floor":10,"key":"SpeedPotion"},{"floor":12,"key":"DuplicationPotion"},{"floor":22,"key":"PowerPotion"}],"is_trial":false,"path_per_floor":["M","?","?","M","?","R","E","M","T","E","R","M","R","M","R","B",null,"M","?","?","M","M","E","?","R","T","R","AVR","T","$","E","R","B"],"character_chosen":"THE_SILENT","items_purchased":["MerchantsRug","Replay:Bottled Eggs","Mayhem","Whetstone","Fluid Movement"],"campfire_rested":0,"item_purchase_floors":[30,30,30,30,30],"current_hp_per_floor":[70,74,74,74,45,45,49,53,53,43,43,45,45,49,49,62,74,59,59,59,58,28,19,19,19,19,19,19,19,19,13,13,0,0],"gold":58,"neow_bonus":"THREE_ENEMY_KILL","is_daily":false,"chose_seed":false,"campfire_upgraded":7,"win_rate":0.0,"timestamp":1612935131,"path_taken":["M","?","?","?","?","R","E","M","T","E","R","M","R","M","R","BOSS","M","?","?","M","M","E","?","R","T","R","AVR","?","$","E","R","BOSS"],"items_purchased_type":["Relic","Relic","Card","Relic","Card"],"build_version":"2020-12-22","purchased_purges":0,"victory":false,"max_hp_per_floor":[70,74,74,74,74,74,74,74,74,74,74,74,74,74,74,74,74,74,74,74,74,74,74,74,74,74,74,74,74,74,74,74,74,74],"card_choices":[{"not_picked":["Accuracy","Slice"],"picked":"Fluid Movement","floor":1},{"not_picked":["Underhanded Strike","Calculated Gamble","Slice"],"picked":"SKIP","floor":4},{"not_picked":["Dagger Throw","Skewer"],"picked":"Blade Dance","floor":5},{"not_picked":["Bane","Quick Slash"],"picked":"Cloak And Dagger","floor":5},{"not_picked":["Toxin Wave","Bane","Dagger Throw"],"picked":"SKIP","floor":7},{"not_picked":["Bane","Dagger Throw"],"picked":"Toxin Wave","floor":7},{"not_picked":["Poisoned Stab","Sucker Punch","Heel Hook"],"picked":"SKIP","floor":8},{"not_picked":["Flying Knee","Dagger Throw"],"picked":"Accuracy","floor":10},{"not_picked":["Masterful Stab","Sneak Up"],"picked":"Infinite Blades","floor":12},{"not_picked":["Choke","Bane"],"picked":"Cloak And Dagger","floor":14},{"not_picked":["Night Terror","Replay:Bag of Tricks"],"picked":"Envenom","floor":16},{"not_picked":["Flechettes","Quick Slash+1"],"picked":"Choke","floor":18},{"not_picked":["Backflip","Toxin Wave"],"picked":"Noxious Fumes","floor":21},{"not_picked":["Bouncing Flask","Quick Slash+1","Well Laid Plans+1"],"picked":"SKIP","floor":22},{"not_picked":["Slice","PiercingWail","Poisoned Stab"],"picked":"SKIP","floor":23},{"not_picked":["Riddle With Holes","Night Terror","Underhanded Strike"],"picked":"SKIP","floor":31}],"player_experience":923810,"relics_obtained":[{"floor":5,"key":"Centennial Puzzle"},{"floor":7,"key":"infinitespire:Eraser"},{"floor":9,"key":"infinitespire:Beetle Shell"},{"floor":10,"key":"Tough Bandages"},{"floor":23,"key":"Ancient Tea Set"},{"floor":29,"key":"Replay:Bottled Snecko"},{"floor":31,"key":"ReplayFunnel"}],"event_choices":[{"damage_healed":0,"gold_gain":0,"player_choice":"Upgraded","damage_taken":0,"max_hp_gain":0,"max_hp_loss":0,"event_name":"Upgrade Shrine","floor":3,"gold_loss":0,"cards_upgraded":["Neutralize"]},{"cards_removed":["Accuracy"],"damage_healed":0,"gold_gain":0,"player_choice":"Take \u0026 Give","damage_taken":0,"max_hp_gain":0,"max_hp_loss":0,"event_name":"betterNote:BetterNote","floor":19,"gold_loss":0,"cards_obtained":["Infinite Blades"]},{"damage_healed":0,"gold_gain":99,"player_choice":"Steal","damage_taken":0,"max_hp_gain":0,"max_hp_loss":0,"event_name":"betterThird:BetterNest","floor":20,"gold_loss":0},{"damage_healed":0,"gold_gain":0,"player_choice":"Ignored","damage_taken":0,"max_hp_gain":0,"max_hp_loss":0,"event_name":"Vampires","floor":24,"gold_loss":0}],"is_beta":false,"boss_relics":[{"not_picked":["reliquary:Ember","Kintsugi"],"picked":"Coffee Dripper"}],"items_purged_floors":[],"is_endless":false,"potions_floor_spawned":[1,7,10,12,22],"killed_by":"Automaton","ascension_level":4}}