{"host":"ydb2tj77qwtn71sy","time":1612945914,"event":{"mods":["2.2 Compatiblity","AchievementEnabler","Aspiration","BaseMod","Bestiary","Better Note","Better Skull","Better Third Choice","BetterRewards","Colored Map","Colored Powertips","Conspire","DeckTracker","Displayed Cursed Tome","Infinite Spire","Lobotomy","Minty Spire (QoL Compilation)","Relic Stats","Replay The Spire","Spicy Shops","StSLib","The Blue Laboratory","Uncapped"],"gold_per_floor":[114,127,146,146,161,161,181,212,238,267,279,293,318,338,338,338,338],"floor_reached":16,"language":"ENG","playtime":874,"items_purged":[],"score":211,"play_id":"de41d1ce-05d6-4754-b5fb-a790ca3ac4e6","local_time":"20210210173154","is_ascension_mode":true,"campfire_choices":[{"floor":6,"key":"REST"},{"floor":15,"key":"REST"}],"circlet_count":0,"master_deck":["Strike_P","Strike_P+1","Strike_P","Strike_P","Defend_P","Defend_P","Defend_P","Defend_P","Eruption+1","Vigilance","Mind Blast","CrushJoints","EmptyFist","BowlingBash","ClearTheMind","WreathOfFlame","FollowUp","Conclude","Replay:BluntJabs","LikeWater","SashWhip","FearNoEvil","DeusExMachina","Adaptation"],"relics":["PureWater","Happy Flower","Sling","Whetstone","Juzu Bracelet","infinitespire:Lucky Rock","Replay:Multitool"],"acts_visited":["Exordium"],"potions_floor_usage":[13],"damage_taken":[{"damage":0,"enemies":"conspire:RoseBush","floor":1,"turns":2},{"damage":0,"enemies":"Small Slimes","floor":2,"turns":2},{"damage":0,"enemies":"2 Louse","floor":3,"turns":2},{"damage":9,"enemies":"Large Slime","floor":5,"turns":3},{"damage":10,"enemies":"Exordium Wildlife","floor":7,"turns":4},{"damage":4,"enemies":"Replay:BlueRogue","floor":8,"turns":4},{"damage":0,"enemies":"Lagavulin","floor":10,"turns":2},{"damage":5,"enemies":"3 Louse","floor":11,"turns":3},{"damage":3,"enemies":"Gremlin Gang","floor":12,"turns":2},{"damage":9,"enemies":"3 Sentries","floor":13,"turns":3},{"damage":11,"enemies":"Large Slime","floor":14,"turns":4},{"damage":51,"enemies":"Hexaghost","floor":16,"turns":9}],"seed_played":"162357991485089866","potions_obtained":[{"floor":1,"key":"Fire Potion"},{"floor":2,"key":"FearPotion"},{"floor":8,"key":"SneckoOil"},{"floor":10,"key":"Explosive Potion"},{"floor":13,"key":"blueLaboratory:HeartbeatPotion"}],"is_trial":false,"path_per_floor":["M","M","M","?","M","R","M","E","T","E","M","M","E","M","R","B"],"character_chosen":"WATCHER","items_purchased":["Happy Flower","Sling","Mind Blast","CrushJoints","Whetstone","EmptyFist"],"campfire_rested":2,"item_purchase_floors":[0,0,0,0,0,0],"current_hp_per_floor":[72,72,72,60,51,72,62,58,58,58,53,50,41,30,51,0,0],"gold":338,"neow_bonus":"","is_daily":false,"chose_seed":false,"campfire_upgraded":0,"win_rate":0.0,"timestamp":1612945914,"path_taken":["M","M","M","?","M","R","M","E","T","E","M","M","E","M","R","BOSS"],"items_purchased_type":["Relic","Relic","Card","Card","Relic","Card"],"build_version":"2020-12-22","purchased_purges":0,"victory":false,"max_hp_per_floor":[72,72,72,72,72,72,72,72,72,72,72,72,72,72,72,72,72],"relic_stats":{"Happy Flower":[13],"counters":[166,712],"Juzu Bracelet":0,"Whetstone":["Eruption","Strike_P"],"obtain_stats":[{"Ice Cream":13,"Gremlin Horn":0,"Vajra":12,"Whetstone":20,"Sling":0,"Replay:Wanted Poster":34,"conspire:GlowingRock":40,"Strawberry":29,"MealTicket":26,"Fusion Hammer":34,"aspiration:StickyExplosives":40,"Happy Flower":0,"aspiration:Nostalgia":28,"Counterbalance":21,"Oddly Smooth Stone":6,"Guardian:ModeShifter":28,"Eternal Feather":4,"Pen Nib":27,"aspiration:SeaSaltIceCream":28,"OrangePellets":0,"Replay:Baseball":45,"ReplayTheSpireMod:Shallot":0,"Bronze Scales":21,"Simple Rune":9,"ReplayTheSpireMod:TigerMarble":23,"infinitespire:EmpoweringShard":44,"Unceasing Top":27,"infinitespire:Cupcake":34,"conspire:Flyswatter":11,"ReplayFunnel":13,"aspiration:Lifesprig":0,"Regal Pillow":43,"Singing Bowl":6,"SacredBark":47,"Replay:Purple Gloves":41,"Painkiller Herb":17,"Juzu Bracelet":8,"Replay:Multitool":13,"Ancient Tea Set":42,"Cursed Key":17,"conspire:TopHat":12,"Replay:Rubber Ducky":39,"conspire:InfiniteJournal":29,"Chameleon Ring":43,"infinitespire:Bottled Soul":43,"Tiny Chest":24,"infinitespire:Eraser":26,"aspiration:RunicSpoon":34,"Damaru":39,"PreservedInsect":9,"infinitespire:FocusingShard":10,"aspiration:HummingbirdHeart":9,"Omamori":14,"aspiration:SecretTechniqueScroll":17,"infinitespire:Lucky Rock":9,"White Beast Statue":26,"Peace Pipe":42,"Anchor":26,"HolyWater":24,"Membership Card":12,"PureWater":0,"infinitespire:Midas Blood":40},{"Ice Cream":135,"Gremlin Horn":71,"Vajra":79,"Whetstone":59,"Sling":154,"Replay:Wanted Poster":118,"conspire:GlowingRock":94,"Strawberry":89,"MealTicket":87,"Fusion Hammer":63,"aspiration:StickyExplosives":151,"Happy Flower":154,"aspiration:Nostalgia":88,"Counterbalance":140,"Oddly Smooth Stone":77,"Guardian:ModeShifter":88,"Eternal Feather":50,"Pen Nib":61,"aspiration:SeaSaltIceCream":88,"OrangePellets":125,"Replay:Baseball":123,"ReplayTheSpireMod:Shallot":97,"Bronze Scales":85,"Simple Rune":53,"ReplayTheSpireMod:TigerMarble":87,"infinitespire:EmpoweringShard":122,"Unceasing Top":115,"infinitespire:Cupcake":90,"conspire:Flyswatter":105,"ReplayFunnel":107,"aspiration:Lifesprig":97,"Regal Pillow":152,"Singing Bowl":102,"SacredBark":69,"Replay:Purple Gloves":68,"Painkiller Herb":57,"Juzu Bracelet":160,"Replay:Multitool":164,"Ancient Tea Set":94,"Cursed Key":108,"conspire:TopHat":55,"Replay:Rubber Ducky":93,"conspire:InfiniteJournal":145,"Chameleon Ring":68,"infinitespire:Bottled Soul":121,"Tiny Chest":114,"infinitespire:Eraser":143,"aspiration:RunicSpoon":146,"Damaru":93,"PreservedInsect":103,"infinitespire:FocusingShard":133,"aspiration:HummingbirdHeart":78,"Omamori":107,"aspiration:SecretTechniqueScroll":82,"infinitespire:Lucky Rock":160,"White Beast Statue":61,"Peace Pipe":152,"Anchor":114,"HolyWater":60,"Membership Card":79,"PureWater":0,"infinitespire:Midas Blood":120},{"Ice Cream":588,"Gremlin Horn":312,"Vajra":337,"Whetstone":250,"Sling":672,"Replay:Wanted Poster":506,"conspire:GlowingRock":407,"Strawberry":379,"MealTicket":374,"Fusion Hammer":272,"aspiration:StickyExplosives":655,"Happy Flower":672,"aspiration:Nostalgia":376,"Counterbalance":612,"Oddly Smooth Stone":333,"Guardian:ModeShifter":376,"Eternal Feather":208,"Pen Nib":262,"aspiration:SeaSaltIceCream":376,"OrangePellets":557,"Replay:Baseball":546,"ReplayTheSpireMod:Shallot":423,"Bronze Scales":364,"Simple Rune":221,"ReplayTheSpireMod:TigerMarble":374,"infinitespire:EmpoweringShard":533,"Unceasing Top":487,"infinitespire:Cupcake":389,"conspire:Flyswatter":447,"ReplayFunnel":451,"aspiration:Lifesprig":423,"Regal Pillow":661,"Singing Bowl":435,"SacredBark":300,"Replay:Purple Gloves":296,"Painkiller Herb":240,"Juzu Bracelet":689,"Replay:Multitool":699,"Ancient Tea Set":407,"Cursed Key":462,"conspire:TopHat":227,"Replay:Rubber Ducky":400,"conspire:InfiniteJournal":627,"Chameleon Ring":296,"infinitespire:Bottled Soul":523,"Tiny Chest":482,"infinitespire:Eraser":623,"aspiration:RunicSpoon":634,"Damaru":400,"PreservedInsect":438,"infinitespire:FocusingShard":581,"aspiration:HummingbirdHeart":335,"Omamori":451,"aspiration:SecretTechniqueScroll":352,"infinitespire:Lucky Rock":689,"White Beast Statue":262,"Peace Pipe":661,"Anchor":482,"HolyWater":259,"Membership Card":337,"PureWater":0,"infinitespire:Midas Blood":519}]},"card_choices":[{"not_picked":["Replay:Cycle","ClearTheMind"],"picked":"BowlingBash","floor":1},{"not_picked":["CrushJoints","PathToVictory"],"picked":"ClearTheMind","floor":2},{"not_picked":["ClearTheMind","BowlingBash"],"picked":"WreathOfFlame","floor":3},{"not_picked":["Halt","Protect"],"picked":"FollowUp","floor":5},{"not_picked":["Scrawl","Replay:Anticipation"],"picked":"Conclude","floor":7},{"not_picked":["CrushJoints","ClearTheMind"],"picked":"Replay:BluntJabs","floor":8},{"not_picked":["PathToVictory","InnerPeace"],"picked":"LikeWater","floor":10},{"not_picked":["Replay:BluntJabs","EmptyFist"],"picked":"SashWhip","floor":11},{"not_picked":["Meditate","ClearTheMind"],"picked":"FearNoEvil","floor":12},{"not_picked":["Replay:BluntJabs","Halt"],"picked":"DeusExMachina","floor":13},{"not_picked":["ClearTheMind","FollowUp"],"picked":"Adaptation","floor":14}],"player_experience":414065,"relics_obtained":[{"floor":8,"key":"Juzu Bracelet"},{"floor":9,"key":"infinitespire:Lucky Rock"},{"floor":13,"key":"Replay:Multitool"}],"event_choices":[{"damage_healed":0,"gold_gain":0,"player_choice":"LEAVE","damage_taken":12,"max_hp_gain":0,"max_hp_loss":0,"event_name":"betterThird:BetterScrap","floor":4,"gold_loss":0,"cards_obtained":["Whirlwind"]}],"is_beta":false,"boss_relics":[],"items_purged_floors":[],"is_endless":false,"potions_floor_spawned":[1,2,8,10,12,13],"killed_by":"Hexaghost","ascension_level":1}}