{"host":"w05x4i13f2m9joq1","time":1612929856,"event":{"mods":["100% Spire Juice","Act Like it!","BaseMod","Better Altar","Better Match","Better Note","Better Sensory Stone","Better Skull","Better Third Choice","BetterRewards","CapriCore","Colored Map","Colored Powertips","Defective Defect","Downfall","Duelist Mod","Gensokyo","GifTheSpireLib","Googly Eyes","Infinite Spire","Ironclad Rager","Lobotomy","LobotomyExtend","Marisa????????","Melee Mod","Minty Spire (QoL Compilation)","Morshu Shopkeeper - ENHANCED","MostiFishMod","Quick Restart","Rare Cards Sparkle","Reliquary","Replay The Spire","Shop Mod","Spicy Shops","Spire Birthday Party","StSLib","The IronCluck","Uncapped","everything is the same but u backflip on backflip","slay the spire mod where everything is the same but ironclad has a cowboy hat"],"gold_per_floor":[14,31,45,63,83,110,128,128,128,158,158,188,201,31,31,126,126,145,145,145,163,175,205,130,144,144,177,192,208,218,248,248,348,348,367,384,398,417,417,446,446,481,481,507,521,534,545,545,557,569,581],"floor_reached":52,"language":"ENG","playtime":3422,"items_purged":["Amnesia","Replay:Undeath\u0027s Touch"],"score":1163,"play_id":"20b8795d-5ec2-406e-93f8-43f4ba6092e8","local_time":"20210209230416","is_ascension_mode":true,"campfire_choices":[{"data":"infinitespire:OneForAll","floor":15,"key":"SMITH"},{"data":"MostiFishMod:CullingBlade","floor":32,"key":"SMITH"},{"data":"MostiFishMod:CullingBlade","floor":49,"key":"SMITH"}],"circlet_count":0,"master_deck":["Bash","Twin Strike+1","Twin Strike+1","Twin Strike+1","Twin Strike+1","Twin Strike+1","Iron Wave","Iron Wave","Iron Wave","Iron Wave","Run Through","Cleave","Cleave","infinitespire:OneForAll+1","ReplayTheSpireMod:Muscle Training","Pommel Strike","ReplayTheSpireMod:Muscle Training","Twin Strike+1","Inflame","Flash of Steel","MostiFishMod:CullingBlade+1","Headbutt","MostiFishMod:CullingBlade+1","Thunderclap","Inflame","Seeing Red","Pommel Strike","Run Through","Uppercut","Rampage","MostiFishMod:TemporaryOutbreak","Headbutt+1","Pommel Strike+1","Pommel Strike","Massacre+1","Run Through+1","Pommel Strike","Pommel Strike"],"relics":["Burning Blood","DaveBox","FeatherPendant","SynthV:TestCard","LetterFromLob","Bag of Marbles","Happy Flower","Mirror","reliquary:PartyBalloon","sneckomod:SneckoTalon","Enchiridion","Letter Opener","Snack Pack","Replay:Mystery Machine","reliquary:PrincelyHelmet","SlaversCollar","Pet Ghost","Replay:Bottled Eggs","reliquary:TridentHead","ReplayTheSpireMod:Spearhead","Sozu","MawBank"],"acts_visited":["Exordium","TheCity","TheBeyond"],"potions_floor_usage":[16,16,23,31,33,50,50],"damage_taken":[{"damage":0,"enemies":"2 Louse","floor":1,"turns":1},{"damage":2,"enemies":"Jaw Worm","floor":2,"turns":2},{"damage":0,"enemies":"Cultist","floor":3,"turns":2},{"damage":0,"enemies":"Exordium Wildlife","floor":4,"turns":2},{"damage":0,"enemies":"Looter","floor":5,"turns":1},{"damage":2,"enemies":"Lagavulin","floor":6,"turns":2},{"damage":0,"enemies":"Exordium Thugs","floor":7,"turns":2},{"damage":4,"enemies":"Gremlin Nob","floor":10,"turns":1},{"damage":2,"enemies":"Lagavulin","floor":12,"turns":2},{"damage":0,"enemies":"Blue Slaver","floor":13,"turns":1},{"damage":4,"enemies":"Hexaghost","floor":16,"turns":2},{"damage":0,"enemies":"3 Byrds","floor":18,"turns":1},{"damage":1,"enemies":"2 Thieves","floor":21,"turns":2},{"damage":2,"enemies":"Snake Plant","floor":22,"turns":1},{"damage":20,"enemies":"Replay:Snechameleon","floor":23,"turns":2},{"damage":0,"enemies":"Shelled Parasite and Fungi","floor":25,"turns":1},{"damage":6,"enemies":"theDuelist:KaibaA2","floor":27,"turns":2},{"damage":0,"enemies":"Sentry and Sphere","floor":28,"turns":1},{"damage":16,"enemies":"Centurion and Healer","floor":29,"turns":2},{"damage":0,"enemies":"Snake Plant","floor":30,"turns":1},{"damage":0,"enemies":"Nightmare","floor":31,"turns":1},{"damage":14,"enemies":"Champ","floor":33,"turns":2},{"damage":18,"enemies":"3 Shapes","floor":35,"turns":1},{"damage":0,"enemies":"Orb Walker","floor":36,"turns":1},{"damage":0,"enemies":"Transient","floor":37,"turns":5},{"damage":6,"enemies":"Jaw Worm Horde","floor":38,"turns":2},{"damage":0,"enemies":"Giant Head","floor":40,"turns":1},{"damage":0,"enemies":"Reptomancer","floor":42,"turns":1},{"damage":0,"enemies":"Giant Head","floor":44,"turns":1},{"damage":0,"enemies":"Sphere and 2 Shapes","floor":45,"turns":1},{"damage":2,"enemies":"3 Darklings","floor":46,"turns":1},{"damage":0,"enemies":"Jaw Worm Horde","floor":47,"turns":2},{"damage":0,"enemies":"Replay:Hell Engine","floor":50,"turns":4}],"seed_played":"-7177051238753073123","potions_obtained":[{"floor":2,"key":"Venom Potion"},{"floor":3,"key":"DistilledChaos"},{"floor":4,"key":"AttackPotion"},{"floor":10,"key":"Fruit Juice"},{"floor":21,"key":"Reflective Coating"},{"floor":23,"key":"Fire Potion"},{"floor":27,"key":"BloodPotion"},{"floor":28,"key":"AttackPotion"},{"floor":31,"key":"Explosive Potion"},{"floor":33,"key":"Block Potion"},{"floor":45,"key":"LifebloodPotion"},{"floor":46,"key":"FairyPotion"}],"is_trial":false,"path_per_floor":["M","M","M","M","M","E","M","?","T","E","?","E","M","$","R","B",null,"M","?","?","M","M","E","$","M","T","E","M","M","M","NM","R","B",null,"M","M","M","M","?","E","?","E","T","E","M","M","M","AVR","R","B",null,null],"character_chosen":"IRONCLAD","items_purchased":["Inflame","Flash of Steel"],"campfire_rested":0,"item_purchase_floors":[14,14],"current_hp_per_floor":[57,61,67,72,72,72,72,72,72,72,72,72,72,72,72,77,77,77,61,61,66,70,56,56,62,62,66,74,66,74,77,77,71,77,69,77,77,77,77,77,77,77,77,77,77,77,77,77,77,77,77],"gold":593,"neow_bonus":"IRONCLAD_BERSERKER","is_daily":false,"chose_seed":false,"campfire_upgraded":3,"win_rate":0.0,"timestamp":1612929856,"path_taken":["M","M","M","M","M","E","M","?","T","E","?","E","M","?","R","BOSS","M","?","?","?","M","E","$","M","T","E","M","M","M","NM","R","BOSS","M","M","M","M","?","E","?","E","T","E","M","M","M","AVR","R","BOSS"],"items_purchased_type":["Card","Card"],"build_version":"2020-12-22","purchased_purges":2,"victory":true,"max_hp_per_floor":[72,72,72,72,72,72,72,72,72,72,72,72,72,72,72,77,77,77,77,77,77,77,77,77,77,77,77,77,77,77,77,77,77,77,77,77,77,77,77,77,77,77,77,77,77,77,77,77,77,77,77],"card_choices":[{"not_picked":["Armaments","Headbutt"],"picked":"Run Through","floor":1},{"not_picked":["Body Slam","Sword Boomerang","Rage","Rupture"],"picked":"Cleave","floor":2},{"not_picked":["Warcry","Hemokinesis","Abandon","MostiFishMod:DoubleSword"],"picked":"Cleave","floor":3},{"not_picked":["Heavy Blade","Metallicize","Flex","Pummel"],"picked":"infinitespire:OneForAll","floor":4},{"not_picked":["Dual Wield","ReplayTheSpireMod:LeadingStrike","Armaments","Warcry"],"picked":"ReplayTheSpireMod:Muscle Training","floor":5},{"not_picked":["Headbutt","Body Slam","Juggernaut","Anger"],"picked":"Pommel Strike","floor":6},{"not_picked":["Pummel","Anger","Clothesline","MostiFishMod:#F4004"],"picked":"ReplayTheSpireMod:Muscle Training","floor":7},{"not_picked":["Anger","MostiFishMod:UltimateDefense","Pommel Strike","Shrug It Off"],"picked":"Twin Strike","floor":10},{"not_picked":["Wild Strike","Infernal Blade","Abandon","Heavy Blade","Dark Embrace"],"picked":"SKIP","floor":12},{"not_picked":["Perfected Strike","Armaments","Ghostly Armor","Cleave","True Grit"],"picked":"SKIP","floor":13},{"not_picked":["MostiFishMod:Mania","Bludgeon","Exhume","MostiFishMod:UltimateDefense"],"picked":"MostiFishMod:CullingBlade","floor":16},{"not_picked":["Burning Pact","Abandon","Anger","Life Link"],"picked":"Headbutt","floor":18},{"not_picked":["Replay:Undeath\u0027s Touch","Life Link+1","Shrug It Off","ReplayTheSpireMod:Muscle Training"],"picked":"Thunderclap","floor":21},{"not_picked":["Whirlwind+1","Clothesline","Spot Weakness+1","Wild Strike"],"picked":"Inflame","floor":22},{"not_picked":["Combust+1","Hemokinesis+1","Spot Weakness+1","Ghostly Armor"],"picked":"Seeing Red","floor":23},{"not_picked":["Anger","Spot Weakness","Replay:Many Hands","Combust+1","Feel No Pain"],"picked":"SKIP","floor":25},{"not_picked":["True Grit","Body Slam","Hemokinesis","infinitespire:OneForAll"],"picked":"Pommel Strike","floor":27},{"not_picked":["Spot Weakness+1","ReplayTheSpireMod:LeadingStrike+1","Sever Soul","ICR:PowerAttack+1"],"picked":"Replay:Undeath\u0027s Touch","floor":28},{"not_picked":["Sword Boomerang","MostiFishMod:BrandingRite","Shrug It Off","Havoc+1"],"picked":"Run Through","floor":29},{"not_picked":["Shrug It Off","Limit Break","Blood for Blood+1","Wild Strike"],"picked":"Uppercut","floor":30},{"not_picked":["Armaments+1","MostiFishMod:ChineseTea","Shockwave","True Grit"],"picked":"Rampage","floor":31},{"not_picked":["Berserk","MostiFishMod:OrdinaryWorld","Barricade","MostiFishMod:FlyOverUtopia"],"picked":"MostiFishMod:TemporaryOutbreak","floor":33},{"not_picked":["Flex","Anger+1","ReplayTheSpireMod:Strike From Hell","Heavy Blade+1"],"picked":"Headbutt+1","floor":35},{"not_picked":["Armaments+1","Headbutt","Feel No Pain","Entrench"],"picked":"Pommel Strike+1","floor":36},{"not_picked":["MostiFishMod:404NotFound","Ghostly Armor+1","Shrug It Off+1","Havoc","Armaments"],"picked":"SKIP","floor":37},{"not_picked":["MostiFishMod:#F4004+1","Iron Wave+1","Cleave+1","Dark Embrace+1"],"picked":"Pommel Strike","floor":38},{"not_picked":["ReplayTheSpireMod:Stacked","Run Through+1","Abandon+1","Twin Strike+1"],"picked":"Massacre+1","floor":40},{"not_picked":["Rupture","Ghostly Armor+1","Cleave","Eclipse"],"picked":"Run Through+1","floor":42},{"not_picked":["Perfected Strike+1","Iron Wave+1","Entrench+1","MostiFishMod:FireWorks","Uppercut"],"picked":"SKIP","floor":44},{"not_picked":["ICR:PowerAttack","Disarm+1","ReplayTheSpireMod:Limb From Limb","Flame Barrier+1"],"picked":"Pommel Strike","floor":45},{"not_picked":["Havoc","Wild Strike+1","Armaments","Shockwave"],"picked":"Pommel Strike","floor":46},{"not_picked":["Clash+1","Havoc","Wild Strike","Carnage+1","Hemokinesis+1"],"picked":"SKIP","floor":47}],"player_experience":200456,"relics_obtained":[{"floor":1,"key":"SynthV:TestCard"},{"floor":1,"key":"LetterFromLob"},{"floor":6,"key":"Bag of Marbles"},{"floor":9,"key":"Happy Flower"},{"floor":10,"key":"Mirror"},{"floor":12,"key":"reliquary:PartyBalloon"},{"floor":19,"key":"Enchiridion"},{"floor":23,"key":"Letter Opener"},{"floor":26,"key":"Snack Pack"},{"floor":27,"key":"Replay:Mystery Machine"},{"floor":31,"key":"reliquary:PrincelyHelmet"},{"floor":40,"key":"Pet Ghost"},{"floor":42,"key":"Replay:Bottled Eggs"},{"floor":43,"key":"reliquary:TridentHead"},{"floor":44,"key":"ReplayTheSpireMod:Spearhead"}],"event_choices":[{"damage_healed":0,"gold_gain":0,"player_choice":"Obtained Book","damage_taken":16,"max_hp_gain":0,"max_hp_loss":0,"event_name":"Cursed Tome","floor":19,"gold_loss":0},{"damage_healed":0,"gold_gain":0,"player_choice":"Copied","damage_taken":0,"max_hp_gain":0,"max_hp_loss":0,"event_name":"Duplicator","floor":20,"gold_loss":0,"cards_obtained":["MostiFishMod:CullingBlade"]},{"damage_healed":0,"gold_gain":0,"player_choice":"Ignored","damage_taken":0,"max_hp_gain":0,"max_hp_loss":0,"event_name":"Tomb of Lord Red Mask","floor":39,"gold_loss":0}],"is_beta":false,"boss_relics":[{"not_picked":["Fusion Hammer","Astrolabe"],"picked":"sneckomod:SneckoTalon"},{"not_picked":["Black Blood","reliquary:KinkedSpring"],"picked":"SlaversCollar"}],"items_purged_floors":[24,48],"is_endless":false,"potions_floor_spawned":[2,3,4,10,13,21,23,27,28,30,31,33,44,45,46],"ascension_level":4}}