{"host":"qxeepl7ydvsgmfdb","time":1612977509,"event":{"mods":["AchievementEnabler","BaseMod","Colored Powertips","Minty Spire (QoL Compilation)","Quick Restart","slay the spire mod where everything is the same but ironclad has a cowboy hat"],"gold_per_floor":[115,115,390,402,402,402,435,446,446,456,456,489,501,512,512,512,512],"floor_reached":16,"language":"ENG","playtime":357,"items_purged":[],"score":219,"play_id":"70a4fc76-995b-4108-84c7-15cf093ff153","local_time":"20210210121829","is_ascension_mode":true,"campfire_choices":[{"data":"Deadly Poison","floor":6,"key":"SMITH"},{"floor":11,"key":"REST"},{"floor":15,"key":"REST"}],"circlet_count":0,"master_deck":["AscendersBane","Strike_G","Strike_G","Strike_G","Strike_G","Strike_G","Defend_G","Defend_G","Defend_G","Defend_G","Defend_G","Survivor","Neutralize","Deadly Poison+1","Regret","Deadly Poison","Noxious Fumes"],"relics":["Ring of the Snake","NeowsBlessing","Torii","Strawberry","StoneCalendar","Snake Skull"],"acts_visited":["Exordium"],"potions_floor_usage":[12,13,16],"damage_taken":[{"damage":0,"enemies":"2 Louse","floor":1,"turns":1},{"damage":0,"enemies":"Cultist","floor":4,"turns":1},{"damage":0,"enemies":"3 Sentries","floor":7,"turns":1},{"damage":11,"enemies":"Jaw Worm","floor":8,"turns":3},{"damage":23,"enemies":"3 Louse","floor":10,"turns":4},{"damage":27,"enemies":"Gremlin Nob","floor":12,"turns":6},{"damage":13,"enemies":"Lots of Slimes","floor":13,"turns":5},{"damage":1,"enemies":"Looter","floor":14,"turns":4},{"damage":46,"enemies":"The Guardian","floor":16,"turns":5}],"seed_played":"-5133936325500025657","potions_obtained":[{"floor":1,"key":"Block Potion"},{"floor":5,"key":"GhostInAJar"},{"floor":5,"key":"FairyPotion"},{"floor":12,"key":"SkillPotion"},{"floor":14,"key":"SpeedPotion"}],"is_trial":false,"path_per_floor":["M","?","?","M","?","R","E","M","T","M","R","E","M","M","R","B"],"character_chosen":"THE_SILENT","items_purchased":[],"campfire_rested":2,"item_purchase_floors":[],"current_hp_per_floor":[63,45,45,45,45,45,52,41,41,18,41,14,1,23,46,0,0],"gold":512,"neow_bonus":"THREE_ENEMY_KILL","is_daily":false,"chose_seed":false,"campfire_upgraded":1,"win_rate":0.0,"timestamp":1612977509,"path_taken":["M","?","?","?","?","R","E","M","T","?","R","E","M","M","R","BOSS"],"items_purchased_type":[],"build_version":"2020-12-22","purchased_purges":0,"victory":false,"max_hp_per_floor":[70,70,70,70,70,70,77,77,77,77,77,77,77,77,77,77,77],"card_choices":[{"not_picked":["Sucker Punch","Leg Sweep"],"picked":"Deadly Poison","floor":1},{"not_picked":["PiercingWail","Underhanded Strike","Setup"],"picked":"SKIP","floor":4},{"not_picked":["Caltrops","Bane","Riddle With Holes"],"picked":"SKIP","floor":7},{"not_picked":["Masterful Stab","Underhanded Strike","Outmaneuver"],"picked":"SKIP","floor":8},{"not_picked":["Reflex","All Out Attack"],"picked":"Deadly Poison","floor":10},{"not_picked":["Dash","Acrobatics"],"picked":"Noxious Fumes","floor":12},{"not_picked":["PiercingWail","Concentrate","Finisher"],"picked":"SKIP","floor":13},{"not_picked":["Bane","Flying Knee","Dagger Throw"],"picked":"SKIP","floor":14}],"player_experience":152586,"relics_obtained":[{"floor":7,"key":"Strawberry"},{"floor":9,"key":"StoneCalendar"},{"floor":12,"key":"Snake Skull"}],"event_choices":[{"damage_healed":0,"gold_gain":0,"player_choice":"Success","damage_taken":18,"relics_obtained":["Torii"],"max_hp_gain":0,"max_hp_loss":0,"event_name":"Scrap Ooze","floor":2,"gold_loss":0},{"damage_healed":0,"gold_gain":275,"player_choice":"Desecrate","damage_taken":0,"max_hp_gain":0,"max_hp_loss":0,"event_name":"Golden Shrine","floor":3,"gold_loss":0,"cards_obtained":["Regret"]},{"damage_healed":0,"gold_gain":0,"player_choice":"Got Potions","damage_taken":0,"max_hp_gain":0,"max_hp_loss":0,"event_name":"Lab","floor":5,"gold_loss":0}],"is_beta":false,"boss_relics":[],"items_purged_floors":[],"is_endless":false,"potions_floor_spawned":[1,7,10,12,14],"killed_by":"The Guardian","ascension_level":12}}