{"host":"is2s59edl8twrhoj","time":1612985034,"event":{"mods":["BaseMod","Colored Map","Colored Powertips","DeckTracker","Downfall","Minty Spire (QoL Compilation)","StSLib"],"gold_per_floor":[115,190,190,190,205,205,232,232,313,339,353,417,120,153,153,229,229,244,244,194,206,226,255,255,282,282,74,74,101,101,112,112,191,191,205,215,233,76,76,76],"floor_reached":39,"language":"ENG","playtime":1399,"items_purged":["Strike_R","Infernal Blade","Iron Wave","Berserk+1"],"score":801,"play_id":"9d2235d0-b101-44e6-bd2e-4cd5a17727bf","local_time":"20210210192354","is_ascension_mode":true,"campfire_choices":[{"data":"Bludgeon","floor":6,"key":"SMITH"},{"data":"Shrug It Off","floor":8,"key":"SMITH"},{"floor":15,"key":"REST"},{"data":"Demon Form","floor":24,"key":"SMITH"},{"data":"Limit Break","floor":28,"key":"SMITH"},{"data":"Pummel","floor":32,"key":"SMITH"}],"circlet_count":0,"master_deck":["AscendersBane","Strike_R","Strike_R+1","Defend_R+1","Defend_R","Defend_R","Bludgeon+1","Shrug It Off+1","Cleave","Demon Form+1","Pummel+1","Shrug It Off+1","Thunderclap","Limit Break+1","Reaper"],"relics":["Burning Blood","Odd Mushroom","StrikeDummy","Smiling Mask","Orichalcum","PreservedInsect","Boot","Busted Crown","Regal Pillow","Red Skull","Meat on the Bone","WingedGreaves","Tiny Chest","Empty Cage"],"acts_visited":["Exordium","TheCity","TheBeyond"],"potions_floor_usage":[14,22,23,29,33],"damage_taken":[{"damage":7,"enemies":"Jaw Worm","floor":1,"turns":2},{"damage":0,"enemies":"2 Louse","floor":5,"turns":3},{"damage":19,"enemies":"The Mushroom Lair","floor":7,"turns":5},{"damage":12,"enemies":"Gremlin Nob","floor":10,"turns":4},{"damage":0,"enemies":"Small Slimes","floor":11,"turns":2},{"damage":16,"enemies":"Gremlin Nob","floor":12,"turns":3},{"damage":5,"enemies":"3 Sentries","floor":14,"turns":5},{"damage":23,"enemies":"Slime Boss","floor":16,"turns":5},{"damage":22,"enemies":"2 Thieves","floor":18,"turns":4},{"damage":12,"enemies":"Shell Parasite","floor":21,"turns":4},{"damage":2,"enemies":"Cultist and Chosen","floor":22,"turns":4},{"damage":8,"enemies":"Slavers","floor":23,"turns":5},{"damage":20,"enemies":"Gremlin Leader","floor":25,"turns":4},{"damage":32,"enemies":"Book of Stabbing","floor":29,"turns":4},{"damage":1,"enemies":"Centurion and Healer","floor":31,"turns":4},{"damage":27,"enemies":"Champ","floor":33,"turns":6},{"damage":50,"enemies":"3 Darklings","floor":35,"turns":8},{"damage":10,"enemies":"Orb Walker","floor":36,"turns":2},{"damage":44,"enemies":"Jaw Worm Horde","floor":37,"turns":5},{"damage":82,"enemies":"2 Orb Walkers","floor":39,"turns":4}],"seed_played":"-1528935015424375556","potions_obtained":[{"floor":1,"key":"Dexterity Potion"},{"floor":10,"key":"Energy Potion"},{"floor":11,"key":"HeartOfIron"},{"floor":16,"key":"GamblersBrew"},{"floor":23,"key":"BloodPotion"},{"floor":25,"key":"Ancient Potion"},{"floor":31,"key":"FearPotion"}],"is_trial":false,"path_per_floor":["M","?","?","?","M","R","?","R","T","E","M","?","$","E","R","B",null,"M","?","$","M","M","E","R","E","T","$","R","E","T","M","R","B",null,"M","M","M","$","?"],"character_chosen":"IRONCLAD","items_purchased":["Regen Potion","PreservedInsect","Limit Break","FairyPotion"],"campfire_rested":1,"item_purchase_floors":[13,13,27,38],"current_hp_per_floor":[67,56,36,36,42,42,29,29,29,23,29,19,19,34,54,37,60,44,44,44,38,42,40,40,26,26,26,26,25,25,42,42,33,59,36,44,38,38,0,0],"gold":76,"neow_bonus":"TRANSFORM_TWO_CARDS","is_daily":false,"chose_seed":false,"campfire_upgraded":5,"win_rate":0.0,"timestamp":1612985034,"path_taken":["M","?","?","?","M","R","?","R","T","E","M","?","$","E","R","BOSS","M","?","$","M","?","E","R","E","T","?","R","E","?","?","R","BOSS","M","M","M","$","?"],"items_purchased_type":["Potion","Relic","Card","Potion"],"build_version":"2020-12-22","purchased_purges":4,"victory":false,"max_hp_per_floor":[68,68,68,68,68,68,68,68,68,68,68,68,68,68,68,68,68,68,68,68,68,68,68,68,68,68,68,68,68,68,68,68,68,68,68,68,68,68,68,68],"card_choices":[{"not_picked":["Fire Breathing","Wild Strike"],"picked":"Shrug It Off","floor":1},{"not_picked":["Battle Trance","Sword Boomerang"],"picked":"Cleave","floor":5},{"not_picked":["True Grit","Wild Strike"],"picked":"Iron Wave","floor":7},{"not_picked":["Evolve","Exhume"],"picked":"Berserk","floor":10},{"not_picked":["Heavy Blade","Bloodletting","Dual Wield"],"picked":"SKIP","floor":11},{"not_picked":["Blood for Blood","Iron Wave","Limit Break"],"picked":"SKIP","floor":14},{"not_picked":["Impervious","Feed"],"picked":"Demon Form","floor":16},{"not_picked":["Clothesline"],"picked":"SKIP","floor":18},{"not_picked":[],"picked":"Pummel","floor":21},{"not_picked":[],"picked":"Shrug It Off+1","floor":22},{"not_picked":[],"picked":"Thunderclap","floor":23},{"not_picked":["Disarm"],"picked":"SKIP","floor":25},{"not_picked":["Clothesline"],"picked":"SKIP","floor":29},{"not_picked":["Twin Strike"],"picked":"SKIP","floor":31},{"not_picked":[],"picked":"Reaper","floor":33},{"not_picked":["Flex+1"],"picked":"SKIP","floor":35},{"not_picked":["Entrench"],"picked":"SKIP","floor":36},{"not_picked":["Shockwave+1"],"picked":"SKIP","floor":37}],"player_experience":696362,"relics_obtained":[{"floor":7,"key":"Odd Mushroom"},{"floor":9,"key":"StrikeDummy"},{"floor":10,"key":"Smiling Mask"},{"floor":12,"key":"Orichalcum"},{"floor":14,"key":"Boot"},{"floor":23,"key":"Regal Pillow"},{"floor":25,"key":"Red Skull"},{"floor":26,"key":"Meat on the Bone"},{"floor":29,"key":"WingedGreaves"},{"floor":30,"key":"Tiny Chest"}],"event_choices":[{"damage_healed":0,"gold_gain":75,"player_choice":"Gather Gold","damage_taken":11,"max_hp_gain":0,"max_hp_loss":0,"event_name":"World of Goop","floor":2,"gold_loss":0},{"damage_healed":0,"gold_gain":0,"player_choice":"Entered Light","damage_taken":20,"max_hp_gain":0,"max_hp_loss":0,"event_name":"Shining Light","floor":3,"gold_loss":0,"cards_upgraded":["Defend_R","Strike_R"]},{"damage_healed":0,"gold_gain":0,"player_choice":"Ignored","damage_taken":0,"max_hp_gain":0,"max_hp_loss":0,"event_name":"Liars Game","floor":4,"gold_loss":0},{"damage_healed":0,"gold_gain":0,"player_choice":"Fought Mushrooms","damage_taken":0,"max_hp_gain":0,"max_hp_loss":0,"event_name":"Mushrooms","floor":7,"gold_loss":0},{"damage_healed":0,"gold_gain":0,"player_choice":"Searched \u00271\u0027 times","damage_taken":0,"max_hp_gain":0,"max_hp_loss":0,"event_name":"Dead Adventurer","floor":12,"gold_loss":0},{"damage_healed":0,"gold_gain":0,"player_choice":"Forge","damage_taken":0,"max_hp_gain":0,"max_hp_loss":0,"event_name":"Accursed Blacksmith","floor":19,"gold_loss":0,"cards_upgraded":["Berserk"]},{"damage_healed":0,"gold_gain":0,"player_choice":"Fight","damage_taken":0,"max_hp_gain":0,"max_hp_loss":0,"event_name":"Mysterious Sphere","floor":39,"gold_loss":0}],"is_beta":false,"boss_relics":[{"not_picked":["Runic Cube","Coffee Dripper"],"picked":"Busted Crown"},{"not_picked":["Astrolabe","Pandora\u0027s Box"],"picked":"Empty Cage"}],"items_purged_floors":[13,20,27,38],"is_endless":false,"potions_floor_spawned":[1,10,11,16,23,25,31],"killed_by":"2 Orb Walkers","ascension_level":16}}