{"host":"u6v0z43xi4vbzvq3","time":1612946043,"event":{"mods":["BaseMod","Beaked The Cultist","BetterRewards","Colored Map","Downfall","Googly Eyes","Hermit","Highlight Path","Hubris","Infinite Spire","Minty Spire (QoL Compilation)","Quick Restart","Rare Cards Sparkle","Replay The Spire","Shop Mod","StSLib","SuperFastMode"],"gold_per_floor":[118,122,135,149,74,74,91,91,91,101,181,198,198,214,214,318,318,331,331,343,343,362,362,493,505,505,505,505,505,515,515,515],"floor_reached":31,"language":"ENG","playtime":1317,"items_purged":["downfall:Haunted"],"score":299,"play_id":"a569a81f-8e41-40ea-bdc4-99dfb085a381","local_time":"20210210193403","is_ascension_mode":false,"campfire_choices":[{"data":"Defragment","floor":6.0,"key":"SMITH"},{"data":"White Noise","floor":8.0,"key":"SMITH"},{"floor":15.0,"key":"REST"},{"data":"Dualcast","floor":23,"key":"SMITH"},{"floor":29,"key":"REST"}],"circlet_count":0,"master_deck":["Strike_B","Strike_B","Strike_B","Strike_B","Defend_B","Defend_B","Defend_B","Defend_B","Zap+1","Dualcast+1","Defragment+1","Cold Snap","Conserve Battery","White Noise+1","Beam Cell","Coolheaded","Gash","Amplify","Go for the Eyes","ReplayTheSpireMod:Calculation Training","Sweeping Beam+1","Cold Snap","hubris:NaturalOne","Go for the Eyes+1","Static Discharge"],"relics":["Cracked Core","NeowsBlessing","ReplayTheSpireMod:CursedCoin","MerchantsRug","beaked:ShinyBauble","Darkstone Periapt","hubris:Icosahedron","hubris:CrystalStatue","Toxic Egg 2"],"acts_visited":["Exordium","TheCity"],"potions_floor_usage":[20,20,25,25,31],"damage_taken":[{"damage":0.0,"enemies":"infinitespire:Voidling","floor":1.0,"turns":1.0},{"damage":0.0,"enemies":"Cultist","floor":3.0,"turns":1.0},{"damage":0.0,"enemies":"2 Louse","floor":4.0,"turns":1.0},{"damage":3.0,"enemies":"Looter","floor":7.0,"turns":3.0},{"damage":5.0,"enemies":"Exordium Wildlife","floor":10.0,"turns":4.0},{"damage":11.0,"enemies":"Large Slime","floor":12.0,"turns":5.0},{"damage":5.0,"enemies":"3 Louse","floor":14.0,"turns":3.0},{"damage":0.0,"enemies":"Fading Forest","floor":16.0,"turns":11.0},{"damage":23,"enemies":"2 Thieves","floor":18,"turns":3},{"damage":44,"enemies":"Spheric Guardian","floor":20,"turns":8},{"damage":1,"enemies":"Chosen and Byrds","floor":22,"turns":8},{"damage":31,"enemies":"Book of Stabbing","floor":24,"turns":7},{"damage":12,"enemies":"Snecko","floor":25,"turns":9},{"damage":27,"enemies":"3 Cultists","floor":30,"turns":6},{"damage":14,"enemies":"Centurion and Healer","floor":31,"turns":2}],"seed_played":"-5802850287200091656","potions_obtained":[{"floor":3.0,"key":"Milkshake"},{"floor":7.0,"key":"Regen Potion"},{"floor":10.0,"key":"Regen Potion"},{"floor":14.0,"key":"PowerPotion"},{"floor":16.0,"key":"Fruit Juice"},{"floor":18,"key":"EssenceOfDarkness"},{"floor":24,"key":"Weak Potion"},{"floor":25,"key":"FearPotion"}],"is_trial":false,"path_per_floor":["M","$","M","M","$","R","M","R","T","M","T","M","?","M","R","B",null,"M","?","M","?","M","R","E","M","T","?","?","R","M","M"],"character_chosen":"DEFECT","items_purchased":["ReplayTheSpireMod:CursedCoin","MerchantsRug"],"campfire_rested":2,"item_purchase_floors":[2,2],"current_hp_per_floor":[75,75,75,75,75,75,72,72,72,67,67,56,56,51,73,78,80,57,57,47,47,46,46,15,9,9,12,12,38,11,0,0],"gold":515,"neow_bonus":"THREE_ENEMY_KILL","is_daily":false,"chose_seed":false,"campfire_upgraded":3,"win_rate":0.0,"timestamp":1612946043,"path_taken":["M","$","?","M","?","R","M","R","T","?","?","M","?","M","R","BOSS","M","?","M","?","M","R","E","M","T","?","?","R","?","M"],"items_purchased_type":["Relic","Relic"],"build_version":"2020-12-22","purchased_purges":1,"victory":false,"max_hp_per_floor":[75,75,75,75,75,75,75,75,75,75,75,75,75,75,75,80,80,80,80,80,80,80,80,80,86,86,89,89,89,89,89,89],"card_choices":[{"not_picked":["Conserve Battery","Coolheaded"],"picked":"Defragment","floor":1.0},{"not_picked":["Barrage","Blizzard"],"picked":"Cold Snap","floor":3.0},{"not_picked":["Streamline","ReplayTheSpireMod:System Scan"],"picked":"Conserve Battery","floor":4.0},{"not_picked":["Streamline","Storm"],"picked":"White Noise","floor":7.0},{"not_picked":["Conserve Battery","Compile Driver"],"picked":"Beam Cell","floor":10.0},{"not_picked":["Steam","Go for the Eyes"],"picked":"Coolheaded","floor":12.0},{"not_picked":["Turbo","White Noise"],"picked":"Gash","floor":14.0},{"not_picked":["Creative AI","Rainbow"],"picked":"Amplify","floor":16.0},{"not_picked":["Beam Cell","Sunder"],"picked":"Go for the Eyes","floor":18},{"not_picked":["Steam+1","Beam Cell"],"picked":"ReplayTheSpireMod:Calculation Training","floor":20},{"not_picked":["Panic Button","Self Repair+1"],"picked":"Sweeping Beam+1","floor":22},{"not_picked":["Panic Button+1","Steam+1"],"picked":"Cold Snap","floor":24},{"not_picked":["Crystallizer","Steam"],"picked":"Go for the Eyes+1","floor":25},{"not_picked":["Meteor Strike","Leap+1"],"picked":"Static Discharge","floor":30}],"player_experience":136690,"relics_obtained":[{"floor":9.0,"key":"beaked:ShinyBauble"},{"floor":11.0,"key":"Darkstone Periapt"},{"floor":24,"key":"hubris:CrystalStatue"},{"floor":26,"key":"Toxic Egg 2"}],"event_choices":[{"damage_healed":0.0,"max_hp_gain":0.0,"max_hp_loss":0.0,"gold_gain":0.0,"event_name":"Living Wall","player_choice":"Grow","floor":13.0,"gold_loss":0.0,"damage_taken":0.0,"cards_upgraded":["Zap"]},{"damage_healed":0,"gold_gain":0,"player_choice":"Ignored","damage_taken":0,"max_hp_gain":0,"max_hp_loss":0,"event_name":"Vampires","floor":19,"gold_loss":0}],"is_beta":false,"boss_relics":[{"not_picked":["Replay:Bronze Core","hubris:Stopwatch","Fusion Hammer"]}],"items_purged_floors":[5],"is_endless":false,"potions_floor_spawned":[3,7,10,14,16,18,24,25],"killed_by":"Centurion and Healer","ascension_level":0}}