{"host":"q2n6tlickby1elp8","time":1612965358,"event":{"mods":["BaseMod","BetterRewards","Colored Powertips","Marisa£®ÏF”Í°°ƒß¿Ì…≥£©","Minty Spire (QoL Compilation)","Remilia£®¿Ÿ√◊¿Ú—«£©","SOS£®Àπ∞Õ¥Ô÷Æ◊”£©","Shop Mod","SuperFastMode","The Construct","The Disciple","The Servant 0.9.4","Youmu£®ªÍ∆«—˝√Œ£©","[IsaacMod]“‘»ˆº‚À˛"],"gold_per_floor":[115,20,40,67,17,17,56,56,82,82,100,27,46,46,46,185,185,207,229,245,266,147,147,228,228,276,83,117,124,124,124,124,263,263,302,302,462,462,481,481,528,580,606,606,606,530,530,601,601,650],"floor_reached":51,"language":"ZHS","playtime":2011,"items_purged":["Regret"],"score":713,"play_id":"16874b4d-5d48-4b4f-bb41-7f8309e5a565","local_time":"20210210215558","is_ascension_mode":false,"campfire_choices":[{"data":"Maim","floor":6,"key":"SMITH"},{"data":"VampirishNight","floor":8,"key":"SMITH"},{"data":"ScarletDream","floor":10,"key":"SMITH"},{"data":"StarOfDavid","floor":15,"key":"SMITH"},{"data":"DemonKingCradle","floor":23,"key":"SMITH"},{"floor":25,"key":"REST"},{"floor":30,"key":"REST"},{"data":"BombardNight","floor":32,"key":"SMITH"},{"floor":40,"key":"REST"},{"floor":45,"key":"REST"},{"data":"HeartBreak","floor":49,"key":"SMITH"}],"circlet_count":0,"master_deck":["Strike_RM","Strike_RM","Strike_RM","Defend_RM","Defend_RM","Defend_RM","Defend_RM","RedMoon","ScarletShoot","DemonKingCradle+1","NightDance","ScarletDream+1","Maim+1","Stigmanizer","VampirishNight+1","LeisurelyOfLord","StarOfDavid+1","DemonKingCradle","RedRainbow","DiffusionOfMisfortune+1","VampireKiss+1","UnstableMagic","HeartBreak+1","LeisurelyOfLord","Regret","BloodHunter","BombardNight+1","EquivalentExchange","DevilSight","MillenniumVampire+1","EndlessAdversity+1","Injury","ScarletImprint+1","PanicButton","RedNightlessCastle","DevilSight+1"],"relics":["ScarletHat","HushsDoor","SteamSale","SalivaCoin","Blood Vial","BookOfRevelations","HowToJump","Cursed Key","Strange Spoon","Art of War","Vajra","MealTicket","DeadEye","ScarletEmblem","CatCart","Happy Flower","Orichalcum","Membership Card","Kunai","Bag of Preparation","Strawberry"],"acts_visited":["TheCity","TheBeyond"],"potions_floor_usage":[16,16,33,37,37,50,50,50],"damage_taken":[{"damage":0,"enemies":"Jaw Worm","floor":1,"turns":4},{"damage":0,"enemies":"2 Louse","floor":3,"turns":1},{"damage":2,"enemies":"Cultist","floor":4,"turns":5},{"damage":6,"enemies":"3 Sentries","floor":7,"turns":3},{"damage":0,"enemies":"Lots of Slimes","floor":11,"turns":1},{"damage":0,"enemies":"2 Fungi Beasts","floor":13,"turns":3},{"damage":26,"enemies":"The Guardian","floor":16,"turns":7},{"damage":3,"enemies":"3 Byrds","floor":18,"turns":1},{"damage":25,"enemies":"Chosen","floor":19,"turns":4},{"damage":0,"enemies":"Snecko","floor":20,"turns":3},{"damage":5,"enemies":"Centurion and Healer","floor":21,"turns":5},{"damage":59,"enemies":"Book of Stabbing","floor":24,"turns":4},{"damage":7,"enemies":"Chosen and Byrds","floor":28,"turns":3},{"damage":30,"enemies":"Automaton","floor":33,"turns":10},{"damage":12,"enemies":"3 Shapes","floor":35,"turns":1},{"damage":74,"enemies":"Orin","floor":37,"turns":12},{"damage":0,"enemies":"Orb Walker","floor":39,"turns":3},{"damage":27,"enemies":"3 Darklings","floor":42,"turns":4},{"damage":6,"enemies":"Maw","floor":48,"turns":7},{"damage":82,"enemies":"Awakened One","floor":50,"turns":8}],"seed_played":"-7573918888038077362","potions_obtained":[{"floor":3,"key":"Strength Potion"},{"floor":4,"key":"AttackPotion"},{"floor":7,"key":"Dexterity Potion"},{"floor":24,"key":"AttackPotion"},{"floor":33,"key":"SkillPotion"},{"floor":39,"key":"SpeedPotion"},{"floor":42,"key":"AttackPotion"},{"floor":48,"key":"Block Potion"}],"is_trial":false,"path_per_floor":["M","$","M","M","?","R","E","R","T","R","M","$","M","?","R","B",null,"M","M","M","M","$","R","E","R","T","$","M","?","R","?","R","B",null,"M","?","?","?","M","R","T","M","T","?","R","$","?","M","R","B",null],"character_chosen":"REMILIA","items_purchased":["SalivaCoin","ScarletDream","HowToJump","Strange Spoon","HeartBreak","MealTicket","DeadEye","Membership Card","Kunai","Bag of Preparation","PanicButton","RedNightlessCastle","DistilledChaos"],"campfire_rested":4,"item_purchase_floors":[2,2,12,22,22,27,27,46,46,46,46,46,46],"current_hp_per_floor":[75,75,75,74,74,74,75,75,75,75,75,75,75,75,75,67,75,75,50,61,72,72,72,27,49,49,49,58,44,68,68,68,78,80,70,70,34,34,37,61,61,45,45,45,69,80,87,87,87,45],"gold":650,"neow_bonus":"ONE_RANDOM_RARE_CARD","is_daily":false,"chose_seed":false,"campfire_upgraded":7,"win_rate":0.0,"timestamp":1612965358,"path_taken":["M","$","M","M","?","R","E","R","T","R","M","$","M","?","R","BOSS","M","M","M","M","?","R","E","R","T","$","M","?","R","?","R","BOSS","M","?","?","?","?","R","?","M","T","?","R","$","?","M","R","BOSS"],"items_purchased_type":["Relic","Card","Relic","Relic","Card","Relic","Relic","Relic","Relic","Relic","Card","Card","Potion"],"build_version":"2020-12-22","purchased_purges":1,"victory":true,"max_hp_per_floor":[75,75,75,75,75,75,75,75,75,75,75,75,75,75,75,75,75,75,75,75,75,75,75,75,75,75,75,75,80,80,80,80,80,80,80,80,80,80,80,80,80,80,80,80,80,80,87,87,87,87],"card_choices":[{"not_picked":["ScarletDevil","FavorOfDestiny"],"picked":"NightDance","floor":1},{"not_picked":["EternalNight","VampireClaw"],"picked":"Maim","floor":3},{"not_picked":["DiffusionOfMisfortune","ScarletDevil"],"picked":"Stigmanizer","floor":4},{"not_picked":["UnderTheZenith","HunterOfTheNight"],"picked":"VampirishNight","floor":7},{"not_picked":["ForbiddenFruit","FavorOfDestiny"],"picked":"LeisurelyOfLord","floor":11},{"not_picked":["FavorOfDestiny","BloodHunter"],"picked":"StarOfDavid","floor":13},{"not_picked":["BloodyCatastrophe","CurseOfVladTepes"],"picked":"DemonKingCradle","floor":16},{"not_picked":["VampireKiss","EndlessAdversity+1"],"picked":"RedRainbow","floor":18},{"not_picked":["CharismaGuard","StarOfDavid"],"picked":"DiffusionOfMisfortune+1","floor":19},{"not_picked":["EternalNight","Stigmanizer"],"picked":"VampireKiss+1","floor":20},{"not_picked":["ReincarnationDial","UltimateOffering"],"picked":"UnstableMagic","floor":21},{"not_picked":["BloodAndWine","ReincarnationDial"],"picked":"LeisurelyOfLord","floor":24},{"not_picked":["ScarletNetherworld","FavorOfDestiny"],"picked":"BloodHunter","floor":28},{"not_picked":["BatForm","BloodySeventeenLaser"],"picked":"EquivalentExchange","floor":33},{"not_picked":["VampireClaw","BombardNight"],"picked":"DevilSight","floor":35},{"not_picked":["Forethought","Sadistic Nature"],"picked":"Dark Shackles","floor":36},{"not_picked":["DiffusionOfMisfortune+1","StarOfDavid+1"],"picked":"MillenniumVampire+1","floor":37},{"not_picked":["LeisurelyOfLord","ScarletImprint"],"picked":"EndlessAdversity+1","floor":39},{"not_picked":["EndlessAdversity","Septette+1"],"picked":"ScarletImprint+1","floor":42},{"not_picked":["VampirishNight","UnstableMagic+1"],"picked":"DevilSight+1","floor":48}],"player_experience":131208,"relics_obtained":[{"floor":7,"key":"Blood Vial"},{"floor":9,"key":"BookOfRevelations"},{"floor":24,"key":"Art of War"},{"floor":26,"key":"Vajra"},{"floor":37,"key":"CatCart"},{"floor":41,"key":"Happy Flower"},{"floor":43,"key":"Orichalcum"}],"event_choices":[{"cards_removed":["Strike_RM"],"damage_healed":0,"gold_gain":0,"player_choice":"Card Removal","damage_taken":0,"max_hp_gain":0,"max_hp_loss":0,"event_name":"The Cleric","floor":5,"gold_loss":50},{"damage_healed":0,"gold_gain":0,"player_choice":"Shed Blood","damage_taken":19,"max_hp_gain":5,"max_hp_loss":0,"event_name":"Forgotten Altar","floor":29,"gold_loss":0},{"damage_healed":0,"gold_gain":0,"player_choice":"Read","damage_taken":0,"max_hp_gain":0,"max_hp_loss":0,"event_name":"The Library","floor":31,"gold_loss":0,"cards_obtained":["BombardNight"]},{"damage_healed":0,"gold_gain":0,"player_choice":"Memory 1","damage_taken":0,"max_hp_gain":0,"max_hp_loss":0,"event_name":"SensoryStone","floor":36,"gold_loss":0},{"damage_healed":0,"gold_gain":0,"player_choice":"Fight","damage_taken":0,"max_hp_gain":0,"max_hp_loss":0,"event_name":"OrinTheCat","floor":37,"gold_loss":0},{"cards_removed":["Dark Shackles"],"damage_healed":0,"gold_gain":0,"player_choice":"Removed Skill","damage_taken":0,"max_hp_gain":0,"max_hp_loss":0,"event_name":"Falling","floor":44,"gold_loss":0},{"damage_healed":0,"gold_gain":0,"player_choice":"Gave Potion","damage_taken":0,"relics_obtained":["Strawberry"],"max_hp_gain":0,"max_hp_loss":0,"event_name":"WeMeetAgain","floor":47,"gold_loss":0}],"is_beta":false,"boss_relics":[{"not_picked":["Coffee Dripper","Velvet Choker"],"picked":"Cursed Key"},{"not_picked":[]},{"not_picked":["Runic Pyramid","Empty Cage"],"picked":"ScarletEmblem"},{"not_picked":[]}],"items_purged_floors":[46],"is_endless":false,"potions_floor_spawned":[3,4,7,11,24,33,39,42,48],"ascension_level":0}}