{"host":"newqdrzxfhh2im9e","time":1612927465,"event":{"mods":["AchievementEnabler","BaseMod","Block Reminder","Colored Map","Minty Spire (QoL Compilation)","Rare Cards Sparkle","Shop Mod","StSLib"],"gold_per_floor":[19,29,29,29,52,95,108,141,141,161,24,44,44,18,18,148,148,166,41,0,18,18,18,42,56,56,56,56,100,100,100],"floor_reached":30,"language":"ENG","playtime":969,"items_purged":[],"score":310,"play_id":"3973717a-5637-4fa8-8dd1-f084e56dbc13","local_time":"20210209192425","is_ascension_mode":false,"campfire_choices":[{"floor":15,"key":"REST"},{"floor":23,"key":"RECALL"},{"floor":28,"key":"REST"}],"circlet_count":0,"master_deck":["Strike_B","Strike_B","Strike_B","Strike_B","Defend_B","Defend_B","Defend_B","Defend_B","Zap","Dualcast","The Bomb","Doom and Gloom","Sunder","Leap","Hello World","Multi-Cast","Storm","Fission","Rip and Tear","Rainbow","Tempest","Capacitor","Undo","Conserve Battery","Core Surge","Auto Shields+1","Self Repair","Enlightenment","Melter","Static Discharge","Force Field"],"relics":["Cracked Core","Golden Idol","StrikeDummy","Singing Bowl","Busted Crown","Centennial Puzzle","InkBottle"],"acts_visited":["Exordium","TheCity"],"potions_floor_usage":[6,7,16,25,29],"damage_taken":[{"damage":1,"enemies":"Jaw Worm","floor":1,"turns":4},{"damage":10,"enemies":"Cultist","floor":2,"turns":4},{"damage":0,"enemies":"2 Louse","floor":5,"turns":2},{"damage":14,"enemies":"Gremlin Nob","floor":6,"turns":3},{"damage":2,"enemies":"Exordium Wildlife","floor":7,"turns":4},{"damage":18,"enemies":"3 Sentries","floor":8,"turns":4},{"damage":1,"enemies":"2 Fungi Beasts","floor":10,"turns":3},{"damage":9,"enemies":"Blue Slaver","floor":12,"turns":5},{"damage":0,"enemies":"Slime Boss","floor":16,"turns":7},{"damage":0,"enemies":"Chosen","floor":18,"turns":4},{"damage":13,"enemies":"3 Byrds","floor":21,"turns":4},{"damage":42,"enemies":"Centurion and Healer","floor":24,"turns":7},{"damage":35,"enemies":"3 Cultists","floor":25,"turns":6},{"damage":34,"enemies":"Gremlin Leader","floor":29,"turns":4},{"damage":11,"enemies":"Snake Plant","floor":30,"turns":2}],"seed_played":"-5068917001691652151","potions_obtained":[{"floor":1,"key":"Swift Potion"},{"floor":2,"key":"Fire Potion"},{"floor":12,"key":"FocusPotion"},{"floor":24,"key":"Explosive Potion"},{"floor":25,"key":"PotionOfCapacity"}],"is_trial":false,"path_per_floor":["M","M","?","?","M","E","M","E","T","M","$","M","$","$","R","B",null,"M","$","?","M","?","R","M","M","T","?","R","E","M"],"character_chosen":"DEFECT","items_purchased":["Capacitor","Undo","Conserve Battery","Self Repair","Enlightenment"],"campfire_rested":2,"item_purchase_floors":[11,11,14,19,19],"current_hp_per_floor":[74,64,46,46,46,32,30,12,12,11,11,4,4,4,27,27,77,77,77,77,71,71,71,38,12,12,12,36,9,0,0],"gold":100,"neow_bonus":"RANDOM_COLORLESS_2","is_daily":false,"chose_seed":false,"campfire_upgraded":0,"win_rate":0.0,"timestamp":1612927465,"path_taken":["M","M","?","?","M","E","M","E","T","?","$","?","?","$","R","BOSS","M","$","?","M","?","R","M","M","T","?","R","E","M"],"items_purchased_type":["Card","Card","Card","Card","Card"],"build_version":"2020-12-22","purchased_purges":0,"victory":false,"max_hp_per_floor":[75,75,75,75,75,75,75,75,75,75,75,77,77,77,77,77,77,77,77,77,77,77,77,79,81,81,81,81,81,81,81],"card_choices":[{"not_picked":["Panache","Thinking Ahead"],"picked":"The Bomb","floor":0},{"not_picked":["Redo","Compile Driver"],"picked":"Doom and Gloom","floor":1},{"not_picked":["Coolheaded","Static Discharge"],"picked":"Sunder","floor":2},{"not_picked":["Compile Driver","Leap"],"picked":"Storm","floor":5},{"not_picked":["Recycle","Steam"],"picked":"Fission","floor":6},{"not_picked":["Go for the Eyes","Reprogram"],"picked":"Rip and Tear","floor":7},{"not_picked":["All For One","FTL"],"picked":"Rainbow","floor":8},{"not_picked":["Barrage","Storm"],"picked":"Tempest","floor":10},{"not_picked":["Go for the Eyes","Rebound","Skim"],"picked":"Singing Bowl","floor":12},{"not_picked":["Reboot","Multi-Cast"],"picked":"Core Surge","floor":16},{"not_picked":[],"picked":"Auto Shields+1","floor":18},{"not_picked":[],"picked":"Melter","floor":21},{"not_picked":["Barrage"],"picked":"Singing Bowl","floor":24},{"not_picked":["Blizzard"],"picked":"Singing Bowl","floor":25},{"not_picked":[],"picked":"Force Field","floor":29}],"player_experience":772992,"relics_obtained":[{"floor":6,"key":"StrikeDummy"},{"floor":8,"key":"Singing Bowl"},{"floor":26,"key":"Centennial Puzzle"},{"floor":29,"key":"InkBottle"}],"event_choices":[{"damage_healed":0,"gold_gain":0,"player_choice":"Take Damage","damage_taken":18,"relics_obtained":["Golden Idol"],"max_hp_gain":0,"max_hp_loss":0,"event_name":"Golden Idol","floor":3,"gold_loss":0},{"damage_healed":0,"gold_gain":0,"player_choice":"3 cards matched","damage_taken":0,"max_hp_gain":0,"max_hp_loss":0,"event_name":"Match and Keep!","floor":4,"gold_loss":0,"cards_obtained":["Leap","Hello World","Multi-Cast"]},{"damage_healed":0,"gold_gain":0,"player_choice":"Paid Fearfully","damage_taken":0,"max_hp_gain":0,"max_hp_loss":0,"event_name":"Masked Bandits","floor":20,"gold_loss":41},{"damage_healed":0,"gold_gain":0,"player_choice":"Read","damage_taken":0,"max_hp_gain":0,"max_hp_loss":0,"event_name":"The Library","floor":22,"gold_loss":0,"cards_obtained":["Static Discharge"]}],"is_beta":false,"boss_relics":[{"not_picked":["Sozu","Pandora\u0027s Box"],"picked":"Busted Crown"}],"items_purged_floors":[],"is_endless":false,"potions_floor_spawned":[1,2,12,24,25],"killed_by":"Snake Plant","ascension_level":0}}