{"host":"7f01flv6y0vhl3vt","time":1612980636,"event":{"mods":["Act Like it!","BaseMod","Downfall","Minty Spire (QoL Compilation)","StSLib"],"gold_per_floor":[99,114,214,226,236,256,256,268,68,243,243,243,243],"floor_reached":11,"language":"ENG","playtime":989,"items_purged":[],"score":65,"play_id":"2b617f19-51b1-4e09-aa69-7d17b52d5a65","local_time":"20210210131036","is_ascension_mode":false,"campfire_choices":[{"floor":1,"key":"RECALL"},{"floor":9,"key":"REST"}],"circlet_count":0,"master_deck":["champ:Strike","champ:Strike","champ:Strike","champ:Strike","champ:Defend","champ:Defend","champ:Defend","champ:Defend","champ:Execute","champ:Taunt","Normality","champ:Lariat","champ:FancyFootwork","champ:EnGarde","champ:HeartStrike","champ:RapidStrikes","Doubt"],"relics":["champ:ChampionCrown","Ginger","downfall:HeartBlessingBlue","downfall:HeartBlessingRed"],"acts_visited":["Exordium"],"potions_floor_usage":[6,6,8,11,11,11],"damage_taken":[{"damage":15,"enemies":"2 Louse","floor":2,"turns":2},{"damage":18,"enemies":"Cultist","floor":4,"turns":7},{"damage":16,"enemies":"Small Slimes","floor":5,"turns":6},{"damage":14,"enemies":"Exordium Thugs","floor":6,"turns":3},{"damage":23,"enemies":"Lots of Slimes","floor":8,"turns":9},{"damage":103,"enemies":"Gremlin Nob","floor":11,"turns":5}],"seed_played":"6502424401869275017","potions_obtained":[{"floor":2,"key":"ColorlessPotion"},{"floor":4,"key":"BlessingOfTheForge"},{"floor":5,"key":"EntropicBrew"}],"is_trial":false,"path_per_floor":["R","M","?","M","M","M","T","M","R","?","E"],"character_chosen":"THE_CHAMP","items_purchased":[],"campfire_rested":1,"item_purchase_floors":[],"current_hp_per_floor":[90,85,85,77,71,67,67,54,94,94,0,0,0],"gold":243,"neow_bonus":"ONE_RARE_RELIC","is_daily":false,"chose_seed":false,"campfire_upgraded":0,"win_rate":0.0,"timestamp":1612980636,"path_taken":["R","M","?","M","M","M","T","?","R","?","E"],"items_purchased_type":[],"build_version":"2020-12-22","purchased_purges":0,"victory":false,"max_hp_per_floor":[90,90,90,90,90,90,90,90,100,100,100,100,100],"card_choices":[{"not_picked":["champ:ShieldSigil","champ:FanOfKnives"],"picked":"champ:Lariat","floor":2},{"not_picked":["champ:RageSigil","champ:BerserkersShout"],"picked":"champ:FancyFootwork","floor":4},{"not_picked":["champ:AdrenalArmor","champ:StanceDance"],"picked":"champ:EnGarde","floor":5},{"not_picked":["champ:AdrenalArmor","champ:EnragedBash"],"picked":"champ:HeartStrike","floor":6},{"not_picked":["champ:Circumvent","champ:HeartStrike"],"picked":"champ:RapidStrikes","floor":8}],"player_experience":1699069,"relics_obtained":[],"event_choices":[],"is_beta":false,"boss_relics":[],"items_purged_floors":[],"is_endless":false,"potions_floor_spawned":[2,4,5,8],"killed_by":"Gremlin Nob","ascension_level":0}}