{"host":"i2ntsfwoh5q5m216","time":1612920649,"event":{"mods":["BaseMod","Colored Map","Downfall","Minty Spire (QoL Compilation)","StSLib"],"gold_per_floor":[14,14,32,32,132,170,183,226,249,249,262,296,314,354,354,354,354],"floor_reached":16,"language":"ENG","playtime":474,"items_purged":[],"score":137,"play_id":"a9933060-f056-4bb3-bf42-57eef888b23f","local_time":"20210209193049","is_ascension_mode":true,"campfire_choices":[{"floor":10,"key":"REST"},{"data":"Redo","floor":15,"key":"SMITH"}],"circlet_count":0,"master_deck":["Strike_B","Strike_B","Strike_B","Defend_B","Defend_B","Defend_B","Zap","Dualcast","Coolheaded","Injury","Self Repair","Streamline","Cold Snap","Streamline","Gash","Redo+1"],"relics":["Cracked Core","Golden Idol","Orichalcum","Oddly Smooth Stone","Ancient Tea Set","PreservedInsect","FossilizedHelix"],"acts_visited":["Exordium"],"potions_floor_usage":[7,8],"damage_taken":[{"damage":6,"enemies":"2 Louse","floor":1,"turns":2},{"damage":1,"enemies":"Cultist","floor":3,"turns":3},{"damage":43,"enemies":"Lagavulin","floor":6,"turns":9},{"damage":0,"enemies":"Small Slimes","floor":7,"turns":4},{"damage":15,"enemies":"3 Sentries","floor":8,"turns":8},{"damage":0,"enemies":"Exordium Wildlife","floor":11,"turns":2},{"damage":23,"enemies":"Gremlin Nob","floor":12,"turns":6},{"damage":3,"enemies":"2 Fungi Beasts","floor":13,"turns":3},{"damage":20,"enemies":"Lagavulin","floor":14,"turns":6},{"damage":18,"enemies":"The Guardian","floor":16,"turns":9}],"seed_played":"-443328297460420346","potions_obtained":[{"floor":1,"key":"Guardian:BlockOnCardUsePotion"},{"floor":7,"key":"champ:CounterPotion"},{"floor":13,"key":"LiquidBronze"},{"floor":14,"key":"EssenceOfSteel"}],"is_trial":false,"path_per_floor":["M","$","M","?","?","E","M","E","T","R","M","E","M","E","R","B"],"character_chosen":"DEFECT","items_purchased":[],"campfire_rested":1,"item_purchase_floors":[],"current_hp_per_floor":[69,69,68,68,68,25,32,24,24,46,46,23,27,14,14,0,0],"gold":354,"neow_bonus":"REMOVE_TWO","is_daily":false,"chose_seed":false,"campfire_upgraded":1,"win_rate":0.0,"timestamp":1612920649,"path_taken":["M","$","M","?","?","E","M","E","T","R","M","E","M","E","R","BOSS"],"items_purchased_type":[],"build_version":"2020-12-22","purchased_purges":0,"victory":false,"max_hp_per_floor":[75,75,75,75,75,75,75,75,75,75,75,75,75,75,75,75,75],"card_choices":[{"not_picked":["Reprogram","Melter","Aggregate"],"picked":"SKIP","floor":1},{"not_picked":["Barrage","Doom and Gloom"],"picked":"Coolheaded","floor":3},{"not_picked":["Rip and Tear","Sunder"],"picked":"Self Repair","floor":6},{"not_picked":["Auto Shields","Double Energy"],"picked":"Streamline","floor":7},{"not_picked":["Beam Cell","Consume"],"picked":"Cold Snap","floor":8},{"not_picked":["Barrage","Tempest","Melter"],"picked":"SKIP","floor":11},{"not_picked":["Compile Driver","Genetic Algorithm"],"picked":"Streamline","floor":12},{"not_picked":["Skim","Rebound"],"picked":"Gash","floor":13},{"not_picked":["Hologram","FTL"],"picked":"Redo","floor":14}],"player_experience":64753,"relics_obtained":[{"floor":6,"key":"Orichalcum"},{"floor":8,"key":"Oddly Smooth Stone"},{"floor":9,"key":"Ancient Tea Set"},{"floor":12,"key":"PreservedInsect"},{"floor":14,"key":"FossilizedHelix"}],"event_choices":[{"damage_healed":0,"gold_gain":0,"player_choice":"Take Wound","damage_taken":0,"relics_obtained":["Golden Idol"],"max_hp_gain":0,"max_hp_loss":0,"event_name":"Golden Idol","floor":4,"gold_loss":0,"cards_obtained":["Injury"]},{"damage_healed":0,"gold_gain":100,"player_choice":"Pray","damage_taken":0,"max_hp_gain":0,"max_hp_loss":0,"event_name":"Golden Shrine","floor":5,"gold_loss":0}],"is_beta":false,"boss_relics":[],"items_purged_floors":[],"is_endless":false,"potions_floor_spawned":[1,7,13,14],"killed_by":"The Guardian","ascension_level":1}}