{"host":"19r1ww88x2tc73i0","time":1612987281,"event":{"mods":["BaseMod","BetterRewards","Colored Map","Minty Spire (QoL Compilation)","Relic Stats","StSLib","SuperFastMode","slay the spire mod where everything is the same but ironclad has a cowboy hat"],"gold_per_floor":[112,112,125,141,141,175,185,185,185,210,222,222],"floor_reached":11,"language":"ENG","playtime":411,"items_purged":[],"score":150,"play_id":"4e2e9008-c9a4-40ba-b241-f46903b4efdd","local_time":"25640211030121","is_ascension_mode":true,"campfire_choices":[{"data":"Corruption","floor":8,"key":"SMITH"}],"circlet_count":0,"master_deck":["AscendersBane","Strike_R","Strike_R","Strike_R","Strike_R","Strike_R","Defend_R","Defend_R","Defend_R","Bash","Thunderclap","Shockwave","Flame Barrier","Corruption+1","Shrug It Off","Sever Soul","Dark Embrace","Disarm","Fire Breathing"],"relics":["Burning Blood","Pen Nib","MealTicket","MawBank"],"acts_visited":["Exordium"],"potions_floor_usage":[],"damage_taken":[{"damage":7.0,"enemies":"Small Slimes","floor":1.0,"turns":4.0},{"damage":1.0,"enemies":"Cultist","floor":3.0,"turns":3.0},{"damage":9.0,"enemies":"Jaw Worm","floor":4.0,"turns":4.0},{"damage":42,"enemies":"Lagavulin","floor":6,"turns":7},{"damage":3,"enemies":"Looter","floor":7,"turns":3},{"damage":27,"enemies":"Large Slime","floor":10,"turns":5},{"damage":8,"enemies":"Gremlin Nob","floor":11,"turns":3}],"seed_played":"8079926998286702235","potions_obtained":[{"floor":1.0,"key":"Ancient Potion"},{"floor":10,"key":"ElixirPotion"}],"is_trial":false,"path_per_floor":["M","?","M","M","?","E","M","R","T","M","E"],"character_chosen":"IRONCLAD","items_purchased":[],"campfire_rested":0,"item_purchase_floors":[],"current_hp_per_floor":[67,67,72,69,69,33,36,36,36,15,7,7],"gold":222,"neow_bonus":"RANDOM_COMMON_RELIC","is_daily":false,"chose_seed":false,"campfire_upgraded":1,"win_rate":0.0,"timestamp":1612987281,"path_taken":["M","?","M","?","?","E","M","R","T","?","E"],"items_purchased_type":[],"build_version":"2020-12-22","purchased_purges":0,"victory":false,"max_hp_per_floor":[75,75,75,75,75,75,75,75,75,75,75,75],"relic_stats":{"counters":[7,29],"MealTicket":0,"Pen Nib":[5],"MawBank":24,"obtain_stats":[{"MealTicket":6,"Pen Nib":0,"MawBank":9,"Burning Blood":0},{"MealTicket":4,"Pen Nib":0,"MawBank":5,"Burning Blood":0},{"MealTicket":18,"Pen Nib":0,"MawBank":21,"Burning Blood":0}],"Burning Blood":36},"card_choices":[{"not_picked":["Seeing Red","Evolve"],"picked":"Thunderclap","floor":1.0},{"not_picked":["Flex","Flame Barrier"],"picked":"Shockwave","floor":3.0},{"not_picked":["Perfected Strike","Entrench"],"picked":"Flame Barrier","floor":4.0},{"not_picked":["Reckless Charge","Carnage"],"picked":"Dark Embrace","floor":6},{"not_picked":["Dual Wield","Perfected Strike"],"picked":"Disarm","floor":7},{"not_picked":["Dual Wield","Sentinel"],"picked":"Fire Breathing","floor":10}],"player_experience":1047638,"relics_obtained":[{"floor":6,"key":"MealTicket"},{"floor":9,"key":"MawBank"}],"event_choices":[{"cards_removed":["Defend_R"],"damage_healed":0.0,"max_hp_gain":0.0,"max_hp_loss":0.0,"gold_gain":0.0,"event_name":"Bonfire Elementals","player_choice":"Offered Basic","floor":2.0,"gold_loss":0.0,"damage_taken":0.0},{"damage_healed":0,"gold_gain":0,"player_choice":"3 cards matched","damage_taken":0,"max_hp_gain":0,"max_hp_loss":0,"event_name":"Match and Keep!","floor":5,"gold_loss":0,"cards_obtained":["Corruption","Shrug It Off","Sever Soul"]},{"damage_healed":0,"gold_gain":0,"player_choice":"3 cards matched","damage_taken":0,"max_hp_gain":0,"max_hp_loss":0,"event_name":"Match and Keep!","floor":5,"gold_loss":0,"cards_obtained":["Corruption","Shrug It Off","Sever Soul"]}],"is_beta":false,"boss_relics":[],"items_purged_floors":[],"is_endless":false,"potions_floor_spawned":[1,10],"killed_by":"Gremlin Nob","ascension_level":20}}