{"host":"1sn8m3l2btf1jbx1","time":1612936494,"event":{"mods":["AchievementEnabler","BaseMod","Colored Map","Colored Powertips","Highlight Path","Minty Spire (QoL Compilation)","Quick Restart","Rare Cards Sparkle","StSLib"],"gold_per_floor":[111,286,299,172,192,192,92,92,116,116,145,166,186,186,186,287,287,305,305,98,98,98],"floor_reached":21,"language":"ZHS","playtime":770,"items_purged":["Doubt","Strike_P","Regret"],"score":318,"play_id":"bcbe1cf9-6fee-4951-a9c3-96736ebc1a46","local_time":"20210210135454","is_ascension_mode":true,"campfire_choices":[{"data":"PathToVictory","floor":6.0,"key":"SMITH"},{"data":"PathToVictory","floor":8.0,"key":"SMITH"},{"data":"Vigilance","floor":10.0,"key":"SMITH"},{"data":"Protect","floor":15.0,"key":"SMITH"}],"circlet_count":1,"master_deck":["Strike_P","Strike_P","Strike_P","Defend_P","Defend_P","Defend_P","Defend_P","Eruption","Vigilance+1","PathToVictory+1","PathToVictory+1","Protect+1","Worship","LikeWater","DevaForm","EmptyBody","PathToVictory","Wallop"],"relics":["Circlet","Centennial Puzzle","Ornamental Fan","Odd Mushroom","Oddly Smooth Stone","Sozu","Mercury Hourglass"],"acts_visited":["Exordium","TheCity"],"potions_floor_usage":[],"damage_taken":[{"damage":6.0,"enemies":"Small Slimes","floor":1.0,"turns":4.0},{"damage":0.0,"enemies":"2 Louse","floor":3.0,"turns":2.0},{"damage":7.0,"enemies":"Jaw Worm","floor":5.0,"turns":3.0},{"damage":8.0,"enemies":"Gremlin Nob","floor":11.0,"turns":3.0},{"damage":4.0,"enemies":"The Mushroom Lair","floor":12.0,"turns":3.0},{"damage":0.0,"enemies":"3 Louse","floor":13.0,"turns":5.0},{"damage":8.0,"enemies":"The Guardian","floor":16.0,"turns":8.0},{"damage":12.0,"enemies":"Spheric Guardian","floor":18.0,"turns":6.0},{"damage":0.0,"enemies":"Chosen","floor":21.0,"turns":3.0}],"seed_played":"5503568947082759919","potions_obtained":[{"floor":1.0,"key":"BottledMiracle"},{"floor":5.0,"key":"Weak Potion"},{"floor":12.0,"key":"Explosive Potion"},{"floor":13.0,"key":"BottledMiracle"},{"floor":16.0,"key":"Slimebound:ThreeZeroPotion"}],"is_trial":false,"path_per_floor":["M","?","M","$","M","R","$","R","T","R","E","?","M","?","R","B",null,"M","?","$","M"],"character_chosen":"WATCHER","items_purchased":["PathToVictory","PathToVictory","Wallop"],"campfire_rested":0,"item_purchase_floors":[4,20,20],"current_hp_per_floor":[59,59,59,59,52,52,52,52,52,52,44,40,40,40,40,32,62,50,50,50,50,50],"gold":98,"neow_bonus":"BOSS_RELIC","is_daily":false,"chose_seed":false,"campfire_upgraded":4,"win_rate":0.0,"timestamp":1612936494,"path_taken":["M","?","M","$","M","R","$","R","T","R","E","?","M","?","R","BOSS","M","?","$","M"],"items_purchased_type":["Card","Card","Card"],"build_version":"2020-12-22","purchased_purges":3,"victory":false,"max_hp_per_floor":[72,72,72,72,72,72,72,72,72,72,72,72,72,72,72,72,72,72,72,72,72,72],"card_choices":[{"not_picked":["Sanctity","Swivel"],"picked":"PathToVictory","floor":1.0},{"not_picked":["CrushJoints","Indignation","SashWhip"],"picked":"SKIP","floor":3.0},{"not_picked":["BowlingBash","SashWhip","FearNoEvil"],"picked":"SKIP","floor":5.0},{"not_picked":["EmptyFist","InnerPeace"],"picked":"Protect","floor":11.0},{"not_picked":["Brilliance","WreathOfFlame"],"picked":"Worship","floor":12.0},{"not_picked":["JustLucky","WreathOfFlame"],"picked":"LikeWater","floor":13.0},{"not_picked":["LessonLearned","Omniscience"],"picked":"DevaForm","floor":16.0},{"not_picked":["FollowUp","Vengeance"],"picked":"EmptyBody","floor":18.0}],"player_experience":327716,"relics_obtained":[{"floor":9.0,"key":"Centennial Puzzle"},{"floor":11.0,"key":"Ornamental Fan"},{"floor":12.0,"key":"Odd Mushroom"}],"event_choices":[{"damage_healed":0.0,"max_hp_gain":0.0,"max_hp_loss":0.0,"gold_gain":175.0,"event_name":"Liars Game","player_choice":"AGREE","floor":2.0,"gold_loss":0.0,"damage_taken":0.0,"cards_obtained":["Doubt"]},{"damage_healed":0.0,"max_hp_gain":0.0,"max_hp_loss":0.0,"gold_gain":0.0,"event_name":"Mushrooms","player_choice":"Fought Mushrooms","floor":12.0,"gold_loss":0.0,"damage_taken":0.0},{"damage_healed":0.0,"max_hp_gain":0.0,"max_hp_loss":0.0,"gold_gain":0.0,"event_name":"Big Fish","player_choice":"Box","floor":14.0,"gold_loss":0.0,"damage_taken":0.0,"relics_obtained":["Oddly Smooth Stone"],"cards_obtained":["Regret"]},{"damage_healed":0.0,"max_hp_gain":0.0,"max_hp_loss":0.0,"gold_gain":0.0,"event_name":"The Mausoleum","player_choice":"Opened","floor":19.0,"gold_loss":0.0,"damage_taken":0.0,"relics_obtained":["Mercury Hourglass"]}],"is_beta":false,"boss_relics":[{"not_picked":["SlaversCollar","VioletLotus"],"picked":"Sozu"}],"items_purged_floors":[4,7,20],"is_endless":false,"potions_floor_spawned":[1,5,12,13,16],"killed_by":"Chosen","ascension_level":8}}