{"host":"pmmuxs046gii331m","time":1612963113,"event":{"mods":["AchievementEnabler","BaseMod","Colored Powertips","Downfall","Gold Saver","Infinite Spire","Minty Spire (QoL Compilation)","Permanent Neow","Quick Restart","StSLib"],"gold_per_floor":[3850,3850,3200,3216,3216,3216,3252,2593,2593,2593,2593,2637,2068,2093,2093,2235,2235,2257,2257,2310,2328,2328],"floor_reached":21,"language":"ENG","playtime":1459,"items_purged":["Strike_R","Strike_R","Strike_R"],"score":263,"play_id":"a8370647-9350-49a4-b974-38d200eb9446","local_time":"20210210081833","is_ascension_mode":true,"campfire_choices":[{"data":"Pummel","floor":6,"key":"SMITH"},{"data":"Shrug It Off","floor":11,"key":"SMITH"},{"data":"Clothesline","floor":15,"key":"SMITH"}],"circlet_count":0,"master_deck":["Strike_R","Strike_R","Defend_R","Defend_R","Defend_R","Defend_R","Bash+1","Dropkick","Clothesline+1","Pummel+1","Twin Strike","Shrug It Off+1","Pommel Strike","Limit Break","Twin Strike+1","downfall:Bewildered","Barricade"],"relics":["Black Blood","NeowsBlessing","Golden Idol","Toy Ornithopter","Blood Vial","Frozen Eye","Pen Nib","infinitespire:Midas Blood","Meat on the Bone","Ornamental Fan","infinitespire:Lucky Rock","Oddly Smooth Stone","Chemical X","Bag of Preparation","sneckomod:BabySnecko"],"acts_visited":["Exordium","TheCity"],"potions_floor_usage":[16],"damage_taken":[{"damage":0,"enemies":"Small Slimes","floor":1,"turns":1},{"damage":0,"enemies":"2 Louse","floor":4,"turns":1},{"damage":0,"enemies":"Lagavulin","floor":7,"turns":1},{"damage":20,"enemies":"Gremlin Nob","floor":12,"turns":4},{"damage":0,"enemies":"Jaw Worm","floor":14,"turns":2},{"damage":27,"enemies":"The Guardian","floor":16,"turns":9},{"damage":6,"enemies":"Chosen","floor":18,"turns":5},{"damage":47,"enemies":"3 Byrds","floor":20,"turns":6},{"damage":64,"enemies":"Shelled Parasite and Fungi","floor":21,"turns":5}],"seed_played":"-8708615479556973663","potions_obtained":[{"floor":1,"key":"SpeedPotion"},{"floor":4,"key":"hexamod:SoulburnPotion"},{"floor":18,"key":"Strength Potion"}],"is_trial":false,"path_per_floor":["M","?","$","M","?","R","E","$","T","?","R","E","$","M","R","B",null,"M","?","M","M"],"character_chosen":"IRONCLAD","items_purchased":["Toy Ornithopter","Blood Vial","Frozen Eye","Dropkick","Clothesline","infinitespire:Midas Blood","Meat on the Bone","Shrug It Off","Pommel Strike","Oddly Smooth Stone","Chemical X","Bag of Preparation"],"campfire_rested":0,"item_purchase_floors":[3,3,3,3,3,8,8,8,8,13,13,13],"current_hp_per_floor":[80,60,60,68,68,68,76,76,76,81,81,69,69,77,77,63,80,85,85,62,0,0],"gold":2328,"neow_bonus":"THREE_ENEMY_KILL","is_daily":false,"chose_seed":false,"campfire_upgraded":3,"win_rate":0.0,"timestamp":1612963113,"path_taken":["M","?","$","M","?","R","E","$","T","?","R","E","$","M","R","BOSS","M","?","M","M"],"items_purchased_type":["Relic","Relic","Relic","Card","Card","Relic","Relic","Card","Card","Relic","Relic","Relic"],"build_version":"2020-12-22","purchased_purges":3,"victory":false,"max_hp_per_floor":[80,80,80,80,80,80,80,80,80,85,85,85,85,85,85,85,85,85,85,85,85,85],"card_choices":[{"not_picked":["Dual Wield","Blood for Blood","Sword Boomerang"],"picked":"SKIP","floor":1},{"not_picked":["infinitespire:OneForAll","Flex"],"picked":"Pummel","floor":4},{"not_picked":["Headbutt","Thunderclap"],"picked":"Twin Strike","floor":7},{"not_picked":["Evolve","Intimidate","Anger"],"picked":"SKIP","floor":12},{"not_picked":["Anger","Clothesline","True Grit"],"picked":"SKIP","floor":14},{"not_picked":["Impervious","Immolate"],"picked":"Limit Break","floor":16},{"not_picked":["Bloodletting","Havoc"],"picked":"Twin Strike+1","floor":18},{"not_picked":["Clothesline","Second Wind+1"],"picked":"Barricade","floor":20}],"player_experience":497916,"relics_obtained":[{"floor":7,"key":"Pen Nib"},{"floor":9,"key":"Ornamental Fan"},{"floor":12,"key":"infinitespire:Lucky Rock"}],"event_choices":[{"damage_healed":0,"gold_gain":0,"player_choice":"Take Damage","damage_taken":20,"relics_obtained":["Golden Idol"],"max_hp_gain":0,"max_hp_loss":0,"event_name":"Golden Idol","floor":2,"gold_loss":0},{"damage_healed":0,"gold_gain":0,"player_choice":"Donut","damage_taken":0,"max_hp_gain":5,"max_hp_loss":0,"event_name":"Big Fish","floor":10,"gold_loss":0}],"is_beta":false,"boss_relics":[{"not_picked":["infinitespire:Cupcake","Ectoplasm"],"picked":"Black Blood"}],"items_purged_floors":[3,8,13],"is_endless":false,"potions_floor_spawned":[1,4,18],"killed_by":"Shelled Parasite and Fungi","ascension_level":5}}