{"host":"j4g6ia6asvpyu2b0","time":1612974973,"event":{"mods":["BaseMod","Colored Map","Infinite Spire","Minty Spire (QoL Compilation)","Permanent Neow","Quick Restart","Relic Stats","StSLib","Unceasing Turn Reminder"],"gold_per_floor":[110,110,120,134,134,134,168,183,183,214,69,69,87,262,262,362,362,377,392,392,407,360,389,389,404,404,329,361,361,400,409,409,518,518,541,541,561,590,610,610,647,656,656,679,722,743,763,790,790,790,790,790,128,172,172],"floor_reached":56,"language":"ENG","playtime":3037,"items_purged":["Doubt"],"score":1403,"play_id":"59c08f30-dccb-4761-b342-50ef25c8c93f","local_time":"20210210093613","is_ascension_mode":true,"campfire_choices":[{"data":"Bouncing Flask","floor":6.0,"key":"SMITH"},{"data":"Blade Dance","floor":15.0,"key":"SMITH"},{"data":"infinitespire:Neurotoxin","floor":24.0,"key":"SMITH"},{"data":"Blade Dance","floor":29.0,"key":"SMITH"},{"data":"Cloak And Dagger","floor":32,"key":"SMITH"},{"floor":40,"key":"RECALL"},{"floor":49,"key":"REST"},{"data":"infinitespire:FutureSight","floor":52,"key":"SMITH"}],"circlet_count":0,"master_deck":["Survivor","Neutralize","All Out Attack","Blade Dance+1","Bouncing Flask+1","Outmaneuver","Dodge and Roll","Caltrops+1","After Image+1","Flying Knee+1","infinitespire:Neurotoxin+1","Bullet Time","Unload+1","Predator+1","Heel Hook+1","After Image+1","PiercingWail","Calculated Gamble","Poisoned Stab+1","Storm of Steel","Caltrops+1","PiercingWail","Well Laid Plans+1","Blade Dance+1","Cloak And Dagger+1","Sucker Punch+1","Predator+1","Caltrops+1","Noxious Fumes+1","After Image+1","Quick Slash+1","Blade Dance+1","Dash+1","Backflip+1","Crippling Poison","infinitespire:FutureSight+1","Finisher+1","Acrobatics","Choke+1","Malaise","Blade Dance+1","Caltrops+1","Leg Sweep","Bouncing Flask","Sadistic Nature+1","Purity","Noxious Fumes+1"],"relics":["Burning Blood","Gambling Chip","infinitespire:Cubic Diamond","Toy Ornithopter","Frozen Egg 2","Molten Egg 2","Pandora\u0027s Box","Sozu","Bag of Preparation","Ornamental Fan","Paper Crane","CeramicFish","Runic Dome","Bottled Tornado","Pen Nib","InkBottle","Mercury Hourglass"],"acts_visited":["Exordium","TheCity","TheBeyond","TheEnding"],"potions_floor_usage":[55],"damage_taken":[{"damage":0.0,"enemies":"2 Louse","floor":1.0,"turns":3.0},{"damage":0.0,"enemies":"Jaw Worm","floor":3.0,"turns":4.0},{"damage":2.0,"enemies":"Small Slimes","floor":4.0,"turns":3.0},{"damage":25.0,"enemies":"Gremlin Nob","floor":7.0,"turns":4.0},{"damage":1.0,"enemies":"2 Fungi Beasts","floor":8.0,"turns":4.0},{"damage":2.0,"enemies":"3 Sentries","floor":10.0,"turns":6.0},{"damage":4.0,"enemies":"3 Louse","floor":13.0,"turns":3.0},{"damage":14.0,"enemies":"Hexaghost","floor":16.0,"turns":8.0},{"damage":7.0,"enemies":"Shell Parasite","floor":18.0,"turns":4.0},{"damage":9.0,"enemies":"2 Thieves","floor":19.0,"turns":3.0},{"damage":2.0,"enemies":"Centurion and Healer","floor":21.0,"turns":5.0},{"damage":6.0,"enemies":"Book of Stabbing","floor":23.0,"turns":5.0},{"damage":9.0,"enemies":"Cultist and Chosen","floor":25.0,"turns":6.0},{"damage":0.0,"enemies":"Slavers","floor":28.0,"turns":5.0},{"damage":8,"enemies":"Book of Stabbing","floor":30,"turns":5},{"damage":2,"enemies":"Automaton","floor":33,"turns":8},{"damage":0,"enemies":"3 Darklings","floor":35,"turns":4},{"damage":5,"enemies":"3 Shapes","floor":37,"turns":5},{"damage":15,"enemies":"Writhing Mass","floor":38,"turns":4},{"damage":8,"enemies":"Spire Growth","floor":39,"turns":4},{"damage":4,"enemies":"Giant Head","floor":41,"turns":7},{"damage":0,"enemies":"Transient","floor":44,"turns":5},{"damage":6,"enemies":"Reptomancer","floor":45,"turns":5},{"damage":0,"enemies":"3 Darklings","floor":46,"turns":3},{"damage":0,"enemies":"Spire Growth","floor":47,"turns":3},{"damage":37,"enemies":"Writhing Mass","floor":48,"turns":4},{"damage":11,"enemies":"Donu and Deca","floor":50,"turns":8},{"damage":6,"enemies":"Shield and Spear","floor":54,"turns":6},{"damage":22,"enemies":"The Heart","floor":55,"turns":8}],"seed_played":"-5806201673774288190","potions_obtained":[{"floor":1.0,"key":"AttackPotion"},{"floor":8.0,"key":"CunningPotion"},{"floor":10.0,"key":"LiquidBronze"}],"is_trial":false,"path_per_floor":["M","?","M","M","?","R","E","M","T","E","$","?","M","?","R","B",null,"M","M","AVR","M","$","E","R","M","T","?","E","R","E","?","R","B",null,"M","?","M","M","M","R","E","?","T","M","E","M","M","M","R","B",null,"R","$","E","B",null],"character_chosen":"THE_SILENT","items_purchased":["After Image+1","Blade Dance","Caltrops+1","Leg Sweep","Bouncing Flask","InkBottle","Sadistic Nature+1","Purity"],"campfire_rested":1,"item_purchase_floors":[11,22,53,53,53,53,53,53],"current_hp_per_floor":[63,68,68,66,66,66,47,52,52,61,61,47,49,49,49,41,68,67,65,65,68,68,68,68,65,65,65,68,68,66,66,66,68,68,68,68,68,59,57,57,59,41,41,47,47,53,59,28,48,43,68,68,68,68,52],"gold":172,"neow_bonus":"ONE_RARE_RELIC","is_daily":false,"chose_seed":false,"campfire_upgraded":6,"win_rate":0.0,"timestamp":1612974973,"path_taken":["M","?","M","M","?","R","E","M","T","E","$","?","M","?","R","BOSS","M","M","AVR","M","$","E","R","M","T","?","E","R","E","?","R","BOSS","M","?","M","M","?","R","E","?","T","M","E","M","M","M","R","BOSS","R","$","E","BOSS"],"items_purchased_type":["Card","Card","Card","Card","Card","Relic","Card","Card"],"build_version":"2020-12-22","purchased_purges":1,"victory":true,"max_hp_per_floor":[63,68,68,68,68,68,68,68,68,68,68,68,68,68,68,68,68,68,68,68,68,68,68,68,68,68,68,68,68,68,68,68,68,68,68,68,68,68,68,68,68,68,68,68,68,68,68,68,68,68,68,68,68,68,68],"relic_stats":{"counters":[29,142],"CeramicFish":180,"Pen Nib":[9],"Bag of Preparation":[34],"Burning Blood":143,"Mercury Hourglass":[24],"Sozu":11,"Ornamental Fan":[260],"Gambling Chip":[15],"Pandora\u0027s Box":["Bullet Time","Unload","Flechettes","Predator","Heel Hook","After Image","PiercingWail","Calculated Gamble","Poisoned Stab","Storm of Steel"],"obtain_stats":[{"CeramicFish":30,"infinitespire:Cubic Diamond":5,"Pen Nib":45,"Bag of Preparation":23,"Frozen Egg 2":9,"Paper Crane":28,"Bottled Tornado":41,"Burning Blood":5,"Mercury Hourglass":54,"Sozu":20,"Runic Dome":34,"Ornamental Fan":26,"Gambling Chip":0,"Molten Egg 2":10,"Pandora\u0027s Box":17,"Toy Ornithopter":7,"InkBottle":53,"Ring of the Snake":0},{"CeramicFish":15,"infinitespire:Cubic Diamond":3,"Pen Nib":23,"Bag of Preparation":12,"Frozen Egg 2":5,"Paper Crane":14,"Bottled Tornado":21,"Burning Blood":3,"Mercury Hourglass":28,"Sozu":10,"Runic Dome":16,"Ornamental Fan":13,"Gambling Chip":0,"Molten Egg 2":6,"Pandora\u0027s Box":8,"Toy Ornithopter":4,"InkBottle":27,"Ring of the Snake":0},{"CeramicFish":68,"infinitespire:Cubic Diamond":10,"Pen Nib":110,"Bag of Preparation":52,"Frozen Egg 2":18,"Paper Crane":63,"Bottled Tornado":100,"Burning Blood":10,"Mercury Hourglass":134,"Sozu":42,"Runic Dome":76,"Ornamental Fan":58,"Gambling Chip":0,"Molten Egg 2":24,"Pandora\u0027s Box":35,"Toy Ornithopter":14,"InkBottle":128,"Ring of the Snake":0}],"Toy Ornithopter":6,"InkBottle":[7]},"card_choices":[{"not_picked":["Masterful Stab","Deflect"],"picked":"All Out Attack","floor":1.0},{"not_picked":["Prepared","Deadly Poison"],"picked":"Blade Dance","floor":3.0},{"not_picked":["Reflex","Deflect"],"picked":"Bouncing Flask","floor":4.0},{"not_picked":["Catalyst","Dagger Spray"],"picked":"Outmaneuver","floor":7.0},{"not_picked":["Deflect","Eviscerate"],"picked":"Dodge and Roll","floor":8.0},{"not_picked":["Dash+1","Escape Plan"],"picked":"Caltrops+1","floor":10.0},{"not_picked":["Tactician","Deflect"],"picked":"Flying Knee+1","floor":13.0},{"not_picked":["Doppelganger","Unload+1"],"picked":"infinitespire:Neurotoxin","floor":16.0},{"not_picked":["Heel Hook+1","Deadly Poison"],"picked":"Caltrops+1","floor":18.0},{"not_picked":["Cloak And Dagger","Slice+1"],"picked":"PiercingWail","floor":19.0},{"not_picked":["Outmaneuver","Bouncing Flask"],"picked":"Well Laid Plans+1","floor":21.0},{"not_picked":["Slice+1","Bane+1"],"picked":"Cloak And Dagger","floor":23.0},{"not_picked":["Bullet Time","Prepared"],"picked":"Sucker Punch+1","floor":25.0},{"not_picked":["Prepared","Masterful Stab+1"],"picked":"Predator+1","floor":28.0},{"not_picked":["Blade Dance","Deadly Poison"],"picked":"Caltrops+1","floor":30},{"not_picked":["Phantasmal Killer","Corpse Explosion"],"picked":"After Image+1","floor":33},{"not_picked":["Endless Agony+1","Backstab+1"],"picked":"Quick Slash+1","floor":35},{"not_picked":["Outmaneuver+1","Poisoned Stab+1"],"picked":"Blade Dance+1","floor":37},{"not_picked":["Setup","Distraction+1"],"picked":"Dash+1","floor":38},{"not_picked":["Acrobatics+1","Sucker Punch+1"],"picked":"Backflip+1","floor":39},{"not_picked":["Unload+1","Deflect+1"],"picked":"Crippling Poison","floor":41},{"not_picked":["infinitespire:Fortify","infinitespire:SealOfDarkness+"],"picked":"infinitespire:FutureSight","floor":42},{"not_picked":["Bane+1","Underhanded Strike+1"],"picked":"Finisher+1","floor":44},{"not_picked":["Backflip+1","Terror+1"],"picked":"Acrobatics","floor":45},{"not_picked":["Deflect+1","Quick Slash+1"],"picked":"Choke+1","floor":46},{"not_picked":["Expertise","Cloak And Dagger"],"picked":"Malaise","floor":47},{"not_picked":["Underhanded Strike+1","Acrobatics"],"picked":"Blade Dance+1","floor":48},{"not_picked":["Reflex+1","Dagger Throw+1"],"picked":"Noxious Fumes+1","floor":54}],"player_experience":1221856,"relics_obtained":[{"floor":7.0,"key":"Toy Ornithopter"},{"floor":9.0,"key":"Frozen Egg 2"},{"floor":10.0,"key":"Molten Egg 2"},{"floor":23.0,"key":"Bag of Preparation"},{"floor":26.0,"key":"Ornamental Fan"},{"floor":28.0,"key":"Paper Crane"},{"floor":30,"key":"CeramicFish"},{"floor":41,"key":"Bottled Tornado"},{"floor":45,"key":"Pen Nib"},{"floor":54,"key":"Mercury Hourglass"}],"event_choices":[{"damage_healed":0.0,"max_hp_gain":5.0,"max_hp_loss":0.0,"gold_gain":0.0,"event_name":"Big Fish","player_choice":"Donut","floor":2.0,"gold_loss":0.0,"damage_taken":0.0},{"damage_healed":0.0,"max_hp_gain":0.0,"max_hp_loss":0.0,"gold_gain":0.0,"event_name":"Shining Light","player_choice":"Entered Light","floor":12.0,"gold_loss":0.0,"damage_taken":14.0,"cards_upgraded":["Defend_G","Strike_G"]},{"damage_healed":0.0,"max_hp_gain":0.0,"max_hp_loss":0.0,"gold_gain":175.0,"event_name":"Liars Game","player_choice":"AGREE","floor":14.0,"gold_loss":0.0,"damage_taken":0.0,"cards_obtained":["Doubt"]},{"cards_removed":["Flechettes"],"damage_healed":0.0,"max_hp_gain":0.0,"max_hp_loss":0.0,"gold_gain":0.0,"event_name":"Beggar","player_choice":"Gave Gold","floor":27.0,"gold_loss":75.0,"damage_taken":0.0},{"damage_healed":0,"gold_gain":0,"player_choice":"Read","damage_taken":0,"max_hp_gain":0,"max_hp_loss":0,"event_name":"The Library","floor":31,"gold_loss":0,"cards_obtained":["Noxious Fumes"]},{"damage_healed":0,"gold_gain":0,"player_choice":"Bought 0 Potions","damage_taken":0,"max_hp_gain":0,"max_hp_loss":0,"event_name":"The Woman in Blue","floor":36,"gold_loss":0}],"is_beta":false,"boss_relics":[{"not_picked":["Busted Crown","Calling Bell"],"picked":"Pandora\u0027s Box"},{"not_picked":["Snecko Eye","SacredBark"],"picked":"Runic Dome"}],"items_purged_floors":[20],"is_endless":false,"potions_floor_spawned":[1,8,10,21,23,25,28,33,37,39,45,47,48,54],"ascension_level":1}}