{"host":"85rg8sallz0lemh6","time":1612942594,"event":{"mods":["BaseMod","Bestiary","Colored Powertips","Highlight Path","Minty Spire (QoL Compilation)","Quick Restart"],"gold_per_floor":[113,113,113,113,129,129,154,154,177,194,214,267,281,297,297,392,392,406,406,406,39,39,39,65,75,75,91,10,24,58,58,58,160,160,179,179,198,149,168,168,128,128,128,148,48,0,0,15,15,15],"floor_reached":51,"language":"ENG","playtime":1500,"items_purged":["Shame","Writhe"],"score":837,"play_id":"b35e7e37-a1d2-4cfe-9270-3a9d625da253","local_time":"20210210013634","is_ascension_mode":true,"campfire_choices":[{"data":"FlyingSleeves","floor":6.0,"key":"SMITH"},{"data":"Ragnarok","floor":15.0,"key":"SMITH"},{"data":"Adaptation","floor":23.0,"key":"SMITH"},{"floor":32.0,"key":"REST"},{"data":"ConjureBlade","floor":40,"key":"SMITH"},{"floor":42,"key":"REST"},{"floor":47,"key":"REST"},{"floor":49,"key":"REST"}],"circlet_count":0,"master_deck":["Strike_P+1","Strike_P+1","Strike_P+1","Defend_P+1","Defend_P+1","Defend_P+1","Defend_P+1","Eruption+1","Vigilance","Worship+1","FlyingSleeves+1","Adaptation+1","FollowUp","Ragnarok+1","DevaForm+1","Adaptation+1","Worship","EmptyFist+1","ConjureBlade+1","Swift Strike","Prostrate"],"relics":["PureWater","Question Card","Oddly Smooth Stone","Nunchaku","Cursed Key","CloakClasp","Incense Burner","HornCleat","Pear","StrikeDummy","Philosopher\u0027s Stone","Lantern","Red Mask"],"acts_visited":["Exordium","TheCity","TheBeyond"],"potions_floor_usage":[44,50,50],"damage_taken":[{"damage":3.0,"enemies":"2 Louse","floor":1.0,"turns":3.0},{"damage":0.0,"enemies":"Small Slimes","floor":5.0,"turns":3.0},{"damage":62.0,"enemies":"3 Sentries","floor":7.0,"turns":11.0},{"damage":0.0,"enemies":"Cultist","floor":10.0,"turns":2.0},{"damage":0.0,"enemies":"Large Slime","floor":11.0,"turns":3.0},{"damage":0.0,"enemies":"Lagavulin","floor":12.0,"turns":3.0},{"damage":0.0,"enemies":"Lots of Slimes","floor":13.0,"turns":5.0},{"damage":0.0,"enemies":"Blue Slaver","floor":14.0,"turns":1.0},{"damage":4.0,"enemies":"Hexaghost","floor":16.0,"turns":7.0},{"damage":8.0,"enemies":"Shell Parasite","floor":18.0,"turns":3.0},{"damage":18.0,"enemies":"Book of Stabbing","floor":24.0,"turns":7.0},{"damage":0.0,"enemies":"Chosen","floor":25.0,"turns":3.0},{"damage":0.0,"enemies":"Snecko","floor":27.0,"turns":2.0},{"damage":0.0,"enemies":"Sentry and Sphere","floor":29.0,"turns":3.0},{"damage":30.0,"enemies":"Slavers","floor":30.0,"turns":7.0},{"damage":32.0,"enemies":"Automaton","floor":33.0,"turns":7.0},{"damage":0.0,"enemies":"Orb Walker","floor":35.0,"turns":3.0},{"damage":24.0,"enemies":"3 Darklings","floor":37.0,"turns":4.0},{"damage":37,"enemies":"4 Shapes","floor":39,"turns":6},{"damage":27,"enemies":"Transient","floor":44,"turns":5},{"damage":13,"enemies":"Spire Growth","floor":48,"turns":3},{"damage":72,"enemies":"Time Eater","floor":50,"turns":13}],"seed_played":"-4100589197008824156","potions_obtained":[{"floor":7.0,"key":"ColorlessPotion"},{"floor":11.0,"key":"FairyPotion"},{"floor":14.0,"key":"BottledMiracle"},{"floor":24.0,"key":"Weak Potion"},{"floor":27.0,"key":"Explosive Potion"},{"floor":48,"key":"SpeedPotion"}],"is_trial":false,"path_per_floor":["M","?","?","?","M","R","E","?","T","M","M","E","M","M","R","B",null,"M","?","?","$","?","R","E","M","T","M","$","M","E","?","R","B",null,"M","?","M","$","M","R","?","R","T","M","$","?","R","M","R","B",null],"character_chosen":"WATCHER","items_purchased":["Incense Burner","Worship","Prostrate"],"campfire_rested":4,"item_purchase_floors":[21,28,38],"current_hp_per_floor":[69,69,69,69,69,69,7,7,7,7,7,7,7,7,7,3,72,64,64,51,51,51,51,33,33,43,43,43,43,13,13,39,7,87,87,87,63,63,26,26,26,52,52,25,25,25,51,38,64,26],"gold":15,"neow_bonus":"UPGRADE_CARD","is_daily":false,"chose_seed":false,"campfire_upgraded":4,"win_rate":0.0,"timestamp":1612942594,"path_taken":["M","?","?","?","?","R","E","?","T","M","?","E","M","M","R","BOSS","M","?","?","$","?","R","E","M","T","?","$","M","E","?","R","BOSS","M","?","M","$","M","R","?","R","T","?","$","?","R","M","R","BOSS"],"items_purchased_type":["Relic","Card","Card"],"build_version":"2020-12-22","purchased_purges":2,"victory":true,"max_hp_per_floor":[72,72,72,72,72,72,72,72,72,72,72,72,72,72,72,72,72,72,72,77,77,77,77,77,77,87,87,87,87,87,87,87,87,87,87,87,87,87,87,87,87,87,87,87,87,87,87,87,87,87],"card_choices":[{"not_picked":["Protect","DeceiveReality"],"picked":"Worship","floor":1.0},{"not_picked":["Prostrate","Evaluate"],"picked":"FlyingSleeves","floor":5.0},{"not_picked":["Omniscience","CrushJoints","InnerPeace"],"picked":"SKIP","floor":7.0},{"not_picked":["WindmillStrike","Halt","Crescendo"],"picked":"Adaptation","floor":10.0},{"not_picked":["ForeignInfluence","Halt","Crescendo"],"picked":"FollowUp","floor":11.0},{"not_picked":["JustLucky","Wireheading","EmptyFist","WheelKick"],"picked":"SKIP","floor":12.0},{"not_picked":["Swivel","JustLucky","BowlingBash"],"picked":"Ragnarok","floor":13.0},{"not_picked":["SashWhip","SandsOfTime","FlurryOfBlows","Swivel"],"picked":"SKIP","floor":14.0},{"not_picked":["Judgement","Wish","Brilliance"],"picked":"DevaForm","floor":16.0},{"not_picked":["FlyingSleeves","Wallop","BowlingBash","FollowUp+1"],"picked":"SKIP","floor":18.0},{"not_picked":["FollowUp+1","InnerPeace","SandsOfTime","DeceiveReality"],"picked":"SKIP","floor":24.0},{"not_picked":["FlyingSleeves","EmptyBody","ReachHeaven"],"picked":"Adaptation+1","floor":25.0},{"not_picked":["ClearTheMind","EmptyBody+1","Swivel","Wireheading"],"picked":"SKIP","floor":27.0},{"not_picked":["FollowUp","SignatureMove","MentalFortress+1","Vault"],"picked":"SKIP","floor":29.0},{"not_picked":["FollowUp","Prostrate","Crescendo"],"picked":"EmptyFist+1","floor":30.0},{"not_picked":["SpiritShield","Vault","Wish"],"picked":"ConjureBlade","floor":33.0},{"not_picked":["Evaluate+1","SandsOfTime+1","BowlingBash","CutThroughFate"],"picked":"SKIP","floor":35.0},{"not_picked":["Violence","Jack Of All Trades","PanicButton"],"picked":"Swift Strike","floor":36.0},{"not_picked":["Evaluate+1","FearNoEvil","WheelKick+1","Study"],"picked":"SKIP","floor":37.0},{"not_picked":["Evaluate+1","FearNoEvil","WheelKick+1","Study"],"picked":"SKIP","floor":37.0},{"not_picked":["Swivel+1","FlurryOfBlows+1","Indignation","FollowUp"],"picked":"SKIP","floor":39},{"not_picked":["WaveOfTheHand+1","ClearTheMind","Crescendo","BowlingBash+1"],"picked":"SKIP","floor":44},{"not_picked":["TalkToTheHand","Meditate","Prostrate+1","WheelKick"],"picked":"SKIP","floor":48}],"player_experience":89227,"relics_obtained":[{"floor":7.0,"key":"Question Card"},{"floor":9.0,"key":"Oddly Smooth Stone"},{"floor":12.0,"key":"Nunchaku"},{"floor":24.0,"key":"HornCleat"},{"floor":26.0,"key":"Pear"},{"floor":30.0,"key":"StrikeDummy"},{"floor":43,"key":"Lantern"}],"event_choices":[{"damage_healed":0.0,"max_hp_gain":0.0,"max_hp_loss":0.0,"gold_gain":0.0,"event_name":"Living Wall","player_choice":"Grow","floor":2.0,"gold_loss":0.0,"damage_taken":0.0,"cards_upgraded":["Worship"]},{"damage_healed":0.0,"max_hp_gain":0.0,"max_hp_loss":0.0,"gold_gain":0.0,"event_name":"The Cleric","player_choice":"Leave","floor":3.0,"gold_loss":0.0,"damage_taken":0.0},{"cards_removed":["Strike_P"],"damage_healed":0.0,"max_hp_gain":0.0,"max_hp_loss":0.0,"gold_gain":0.0,"event_name":"Purifier","player_choice":"Purged","floor":4.0,"gold_loss":0.0,"damage_taken":0.0},{"damage_healed":0.0,"max_hp_gain":0.0,"max_hp_loss":0.0,"gold_gain":0.0,"event_name":"FaceTrader","player_choice":"Leave","floor":8.0,"gold_loss":0.0,"damage_taken":0.0},{"damage_healed":0.0,"max_hp_gain":0.0,"max_hp_loss":0.0,"gold_gain":0.0,"event_name":"Addict","player_choice":"Stole Relic","floor":19.0,"gold_loss":0.0,"damage_taken":0.0,"relics_obtained":["CloakClasp"],"cards_obtained":["Shame"]},{"damage_healed":0.0,"max_hp_gain":5.0,"max_hp_loss":0.0,"gold_gain":0.0,"event_name":"Forgotten Altar","player_choice":"Shed Blood","floor":20.0,"gold_loss":0.0,"damage_taken":18.0},{"damage_healed":0.0,"max_hp_gain":0.0,"max_hp_loss":0.0,"gold_gain":0.0,"event_name":"Back to Basics","player_choice":"Simplicity","floor":22.0,"gold_loss":0.0,"damage_taken":0.0,"cards_upgraded":["Strike_P","Strike_P","Strike_P","Defend_P","Defend_P","Defend_P","Defend_P"]},{"cards_removed":["Writhe"],"damage_healed":0.0,"max_hp_gain":0.0,"max_hp_loss":0.0,"gold_gain":0.0,"event_name":"Purifier","player_choice":"Purged","floor":31.0,"gold_loss":0.0,"damage_taken":0.0},{"damage_healed":0.0,"max_hp_gain":0.0,"max_hp_loss":0.0,"gold_gain":0.0,"event_name":"SensoryStone","player_choice":"Memory 1","floor":36.0,"gold_loss":0.0,"damage_taken":0.0},{"damage_healed":0,"gold_gain":0,"player_choice":"Upgrade","damage_taken":0,"max_hp_gain":0,"max_hp_loss":0,"event_name":"Designer","floor":41,"gold_loss":40,"cards_upgraded":["DevaForm"]},{"damage_healed":0,"gold_gain":0,"player_choice":"Paid","damage_taken":0,"relics_obtained":["Red Mask"],"max_hp_gain":0,"max_hp_loss":0,"event_name":"Tomb of Lord Red Mask","floor":46,"gold_loss":48}],"is_beta":false,"boss_relics":[{"not_picked":["Velvet Choker","Astrolabe"],"picked":"Cursed Key"},{"not_picked":["VioletLotus","SacredBark"],"picked":"Philosopher\u0027s Stone"}],"items_purged_floors":[21,45],"is_endless":false,"potions_floor_spawned":[7,11,14,24,27,37,39,48],"ascension_level":2}}