{"host":"guk5h31bsklpp7e4","time":1612920815,"event":{"mods":["AchievementEnabler","BaseMod","Colored Map","Colored Powertips","Highlight Path","Minty Spire (QoL Compilation)","Quick Restart"],"gold_per_floor":[110,120,120,120,131,131,146,146,146,156,172,187,187,201,201,296,296,236,236,161,76,76,76,76,76,76,76,27,27,27,27,27,27,27],"floor_reached":33,"language":"ENG","playtime":2420,"items_purged":["Decay"],"score":329,"play_id":"aa977fce-2423-48eb-bce0-cd177708c108","local_time":"20210209203335","is_ascension_mode":true,"campfire_choices":[{"floor":6,"key":"REST"},{"data":"Body Slam","floor":8,"key":"SMITH"},{"data":"Flex","floor":13,"key":"SMITH"},{"data":"Ghostly Armor","floor":15,"key":"SMITH"},{"data":"Entrench","floor":23,"key":"SMITH"},{"floor":25,"key":"REST"},{"floor":32,"key":"REST"}],"circlet_count":0,"master_deck":["Strike_R","Strike_R","Strike_R","Strike_R","Strike_R","Defend_R+1","Defend_R+1","Defend_R","Defend_R","Bash","Violence","Combust","Cleave","Battle Trance","Body Slam+1","Flex+1","Ghostly Armor+1","Heavy Blade","Juggernaut","Entrench+1","Entrench+1","Perfected Strike","Pommel Strike+1","Demon Form","Metallicize","Shrug It Off"],"relics":["Burning Blood","Anchor","Ectoplasm","Letter Opener","Sundial","Paper Frog"],"acts_visited":["Exordium","TheCity"],"potions_floor_usage":[16,16,24,27,29,30,33],"damage_taken":[{"damage":20,"enemies":"Jaw Worm","floor":1,"turns":4},{"damage":15,"enemies":"Small Slimes","floor":2,"turns":4},{"damage":1,"enemies":"Cultist","floor":5,"turns":3},{"damage":5,"enemies":"Looter","floor":7,"turns":4},{"damage":1,"enemies":"Exordium Wildlife","floor":10,"turns":2},{"damage":15,"enemies":"Blue Slaver","floor":11,"turns":3},{"damage":10,"enemies":"Exordium Thugs","floor":12,"turns":4},{"damage":0,"enemies":"3 Louse","floor":14,"turns":2},{"damage":19,"enemies":"Hexaghost","floor":16,"turns":11},{"damage":18,"enemies":"2 Thieves","floor":18,"turns":3},{"damage":0,"enemies":"Chosen","floor":22,"turns":3},{"damage":15,"enemies":"3 Cultists","floor":24,"turns":4},{"damage":36,"enemies":"Gremlin Leader","floor":27,"turns":6},{"damage":24,"enemies":"Shelled Parasite and Fungi","floor":29,"turns":5},{"damage":21,"enemies":"Centurion and Healer","floor":30,"turns":5},{"damage":31,"enemies":"Snecko","floor":31,"turns":5},{"damage":79,"enemies":"Automaton","floor":33,"turns":6}],"seed_played":"-1352291995383454896","potions_obtained":[{"floor":7,"key":"FearPotion"},{"floor":11,"key":"HeartOfIron"},{"floor":12,"key":"DuplicationPotion"},{"floor":18,"key":"Fire Potion"},{"floor":24,"key":"ElixirPotion"},{"floor":29,"key":"GamblersBrew"},{"floor":30,"key":"Ancient Potion"}],"is_trial":false,"path_per_floor":["M","M","?","?","M","R","M","R","T","M","M","M","R","M","R","B",null,"M","?","$","?","M","R","M","R","T","E","$","M","M","M","R","B"],"character_chosen":"IRONCLAD","items_purchased":["BloodPotion"],"campfire_rested":3,"item_purchase_floors":[28],"current_hp_per_floor":[66,57,41,41,46,70,71,71,71,76,67,63,63,69,69,56,74,62,62,62,62,68,68,59,80,80,50,50,48,33,8,32,0,0],"gold":27,"neow_bonus":"RANDOM_COLORLESS_2","is_daily":false,"chose_seed":false,"campfire_upgraded":4,"win_rate":0.0,"timestamp":1612920815,"path_taken":["M","M","?","?","M","R","M","R","T","M","M","?","R","M","R","BOSS","M","?","$","?","M","R","M","R","T","E","?","M","M","?","R","BOSS"],"items_purchased_type":["Potion"],"build_version":"2020-12-22","purchased_purges":1,"victory":false,"max_hp_per_floor":[80,80,80,80,80,80,80,80,80,80,80,80,80,80,80,80,80,80,80,80,80,80,80,80,80,80,80,80,80,80,80,80,80,80],"card_choices":[{"not_picked":["Apotheosis","HandOfGreed"],"picked":"Violence","floor":0},{"not_picked":["Twin Strike","Thunderclap"],"picked":"Combust","floor":1},{"not_picked":["Havoc","Feel No Pain"],"picked":"Cleave","floor":2},{"not_picked":["Armaments","Carnage"],"picked":"Battle Trance","floor":5},{"not_picked":["Clothesline","Headbutt"],"picked":"Body Slam","floor":7},{"not_picked":["Anger","Perfected Strike"],"picked":"Flex","floor":10},{"not_picked":["Sever Soul","Headbutt","Clothesline"],"picked":"SKIP","floor":11},{"not_picked":["Battle Trance","Double Tap"],"picked":"Ghostly Armor","floor":12},{"not_picked":["Armaments","Thunderclap"],"picked":"Heavy Blade","floor":14},{"not_picked":["Impervious","Bludgeon"],"picked":"Juggernaut","floor":16},{"not_picked":["Clash","Feel No Pain+1"],"picked":"Entrench","floor":18},{"not_picked":["Headbutt","Hemokinesis+1"],"picked":"Entrench+1","floor":22},{"not_picked":["Sword Boomerang","Dark Embrace"],"picked":"Perfected Strike","floor":24},{"not_picked":["Sword Boomerang+1","Searing Blow+1"],"picked":"Pommel Strike+1","floor":27},{"not_picked":["Thunderclap+1","Cleave"],"picked":"Demon Form","floor":29},{"not_picked":["Cleave+1","Anger"],"picked":"Metallicize","floor":30},{"not_picked":["Havoc","Clothesline+1"],"picked":"Shrug It Off","floor":31}],"player_experience":329994,"relics_obtained":[{"floor":9,"key":"Anchor"},{"floor":26,"key":"Sundial"},{"floor":27,"key":"Paper Frog"}],"event_choices":[{"damage_healed":0,"gold_gain":0,"player_choice":"Entered Light","damage_taken":16,"max_hp_gain":0,"max_hp_loss":0,"event_name":"Shining Light","floor":3,"gold_loss":0,"cards_upgraded":["Defend_R","Defend_R"]},{"cards_removed":["Decay"],"damage_healed":0,"gold_gain":0,"player_choice":"Removed Curses","damage_taken":0,"max_hp_gain":0,"max_hp_loss":0,"event_name":"Fountain of Cleansing","floor":4,"gold_loss":0},{"damage_healed":0,"gold_gain":0,"player_choice":"Smashed Altar","damage_taken":0,"max_hp_gain":0,"max_hp_loss":0,"event_name":"Forgotten Altar","floor":19,"gold_loss":0,"cards_obtained":["Decay"]},{"damage_healed":0,"gold_gain":0,"player_choice":"Obtained Relic","damage_taken":0,"relics_obtained":["Letter Opener"],"max_hp_gain":0,"max_hp_loss":0,"event_name":"Addict","floor":21,"gold_loss":85}],"is_beta":false,"boss_relics":[{"not_picked":["Empty Cage","Tiny House"],"picked":"Ectoplasm"}],"items_purged_floors":[20],"is_endless":false,"potions_floor_spawned":[7,11,12,18,24,29,30],"killed_by":"Automaton","ascension_level":5}}