{"host":"dzs26xzxvr8oc34c","time":1612917990,"event":{"mods":["BaseMod","Colored Map","Downfall","Minty Spire (QoL Compilation)","StSLib","SuperFastMode","Waifu the Spire"],"gold_per_floor":[99,113,113,113,23,23,48,148,165,180,228,228,240,272,286,385,385,385,401,133,149,9,41,92,102,135,154,154,164,180,191,207,304,304,104,114,114,134,188,188,215,240,287,331,359,359,259,84,98,98,98,98],"floor_reached":50,"language":"ZHS","playtime":4341,"items_purged":["bronze:Strike","bronze:Strike","bronze:Defend","bronze:Defend","bronze:Defend"],"score":617,"play_id":"4bf85632-cd48-43b0-a7d9-f5db2c3123b1","local_time":"20210210084630","is_ascension_mode":false,"campfire_choices":[{"data":"bronze:Replicate","floor":1.0,"key":"SMITH"},{"data":"bronze:GetLatest","floor":6.0,"key":"SMITH"},{"data":"bronze:Goto","floor":12.0,"key":"SMITH"},{"floor":18.0,"key":"RECALL"},{"data":"bronze:Optimize","floor":35.0,"key":"SMITH"},{"data":"bronze:Mutator","floor":40.0,"key":"SMITH"},{"data":"bronze:ItsAFeature","floor":47.0,"key":"SMITH"}],"circlet_count":0,"master_deck":["bronze:Defend","bronze:Replicate+1","bronze:Goto+1","bronze:Optimize+1","bronze:CutThrough","bronze:GetLatest+1","bronze:Fortify","bronze:Assembly","bronze:FineTuning","bronze:HyperBeam","bronze:DelayedSlice+1","bronze:Backtrace","bronze:ShipIt","bronze:Repair+1","bronze:ForceShield","bronze:ClassDefault","bronze:AlphaBuild","bronze:Turbo","bronze:Mutator+1","bronze:Goto+1","bronze:GetLatest+1","bronze:ItsAFeature+1","bronze:DelayedSlice+1","expansioncontent:Chronoboost"],"relics":["bronze:BronzeCore","Happy Flower","Bronze Scales","StoneCalendar","Philosopher\u0027s Stone","PreservedInsect","InkBottle","Guardian:PocketSentry","Mercury Hourglass","sneckomod:SneckoTalon","downfall:HeartBlessingRed","downfall:HeartBlessingGreen","Torii","Regal Pillow","Strawberry","Akabeko","Bottled Flame","downfall:HeartBlessingBlue"],"acts_visited":["Exordium","TheCity","TheBeyond"],"potions_floor_usage":[50],"damage_taken":[{"damage":0.0,"enemies":"2 Louse","floor":2.0,"turns":3.0},{"damage":5.0,"enemies":"downfall:FleeingMerchant","floor":5.0,"turns":4.0},{"damage":1.0,"enemies":"Jaw Worm","floor":9.0,"turns":2.0},{"damage":0.0,"enemies":"Cultist","floor":10.0,"turns":2.0},{"damage":3.0,"enemies":"Red Slaver","floor":13.0,"turns":2.0},{"damage":2.0,"enemies":"Lagavulin","floor":14.0,"turns":6.0},{"damage":7.0,"enemies":"Blue Slaver","floor":15.0,"turns":2.0},{"damage":22.0,"enemies":"IC_STATUS_ARCHETYPE","floor":16.0,"turns":7.0},{"damage":11.0,"enemies":"Spheric Guardian","floor":19.0,"turns":3.0},{"damage":6.0,"enemies":"downfall:FleeingMerchant","floor":20.0,"turns":4.0},{"damage":6.0,"enemies":"Shell Parasite","floor":21.0,"turns":3.0},{"damage":7.0,"enemies":"downfall:FleeingMerchant","floor":22.0,"turns":4.0},{"damage":45.0,"enemies":"Book of Stabbing","floor":23.0,"turns":3.0},{"damage":0.0,"enemies":"Snake Plant","floor":25.0,"turns":3.0},{"damage":0.0,"enemies":"Slavers","floor":26.0,"turns":4.0},{"damage":10.0,"enemies":"Shelled Parasite and Fungi","floor":27.0,"turns":3.0},{"damage":0.0,"enemies":"Sentry and Sphere","floor":29.0,"turns":3.0},{"damage":16.0,"enemies":"Snake Plant","floor":30.0,"turns":2.0},{"damage":10.0,"enemies":"Shelled Parasite and Fungi","floor":31.0,"turns":4.0},{"damage":6.0,"enemies":"Cultist and Chosen","floor":32.0,"turns":3.0},{"damage":29.0,"enemies":"DF_ARCHETYPE_CLAW","floor":33.0,"turns":7.0},{"damage":11.0,"enemies":"Orb Walker","floor":36.0,"turns":3.0},{"damage":17.0,"enemies":"3 Shapes","floor":38.0,"turns":2.0},{"damage":13.0,"enemies":"2 Orb Walkers","floor":39.0,"turns":3.0},{"damage":43.0,"enemies":"Giant Head","floor":42.0,"turns":7.0},{"damage":0.0,"enemies":"downfall:FleeingMerchant","floor":44.0,"turns":1.0},{"damage":19.0,"enemies":"Nemesis","floor":45.0,"turns":5.0},{"damage":14.0,"enemies":"3 Darklings","floor":49.0,"turns":2.0},{"damage":63,"enemies":"WA_ARCHETYPE_DIVINITY","floor":50,"turns":5}],"seed_played":"-7986838864076198741","potions_obtained":[{"floor":10.0,"key":"LiquidBronze"},{"floor":13.0,"key":"Strength Potion"},{"floor":16.0,"key":"bronze:FreeFunctionsPotion"},{"floor":23.0,"key":"EntropicBrew"},{"floor":30.0,"key":"Slimebound:ThreeZeroPotion"},{"floor":31.0,"key":"bronze:CleanCodePotion"}],"is_trial":false,"path_per_floor":["R","M","?","?","$","R","T","?","M","M","T","R","M","E","M","B",null,"R","M","$","M","$","E","T","M","E","M","?","M","M","M","M","B",null,"R","M","?","M","?","R","T","E","T","$","E","?","R","$","M","B"],"character_chosen":"THE_AUTOMATON","items_purchased":["PreservedInsect","Akabeko"],"campfire_rested":0,"item_purchase_floors":[20,44],"current_hp_per_floor":[77,77,77,77,72,72,72,72,71,71,71,71,68,66,59,37,77,77,66,60,54,47,2,2,2,12,13,13,23,17,17,21,2,77,77,66,66,49,46,46,46,35,42,52,43,43,53,53,39,0,0,0],"gold":98,"neow_bonus":"TEN_PERCENT_HP_BONUS","is_daily":false,"chose_seed":false,"campfire_upgraded":6,"win_rate":0.0,"timestamp":1612917990,"path_taken":["R","M","?","?","?","R","T","?","M","M","?","R","M","E","M","BOSS","R","M","$","?","?","E","T","M","E","M","?","M","M","?","M","BOSS","R","M","?","?","?","R","T","E","?","$","E","?","R","$","M","BOSS"],"items_purchased_type":["Relic","Relic"],"build_version":"2020-12-22","purchased_purges":5,"victory":false,"max_hp_per_floor":[77,77,77,77,77,77,77,77,77,77,77,77,77,77,77,77,77,77,77,77,77,77,77,77,77,77,77,77,77,77,77,77,77,77,77,77,77,77,77,77,77,77,84,84,84,84,94,94,94,94,94,94],"card_choices":[{"not_picked":["bronze:Overheat","bronze:Invalidate"],"picked":"bronze:Optimize","floor":2.0},{"not_picked":["bronze:Overheat","bronze:NullPointer"],"picked":"bronze:GetLatest","floor":5.0},{"not_picked":["bronze:WhirlingStrike","bronze:ItsAFeature","bronze:Shield"],"picked":"SKIP","floor":9.0},{"not_picked":["bronze:WildBeam","bronze:Frontload","bronze:Allocate"],"picked":"SKIP","floor":10.0},{"not_picked":["bronze:Iterate","bronze:Flail"],"picked":"bronze:Fortify","floor":13.0},{"not_picked":["bronze:Frontload","bronze:Iterate"],"picked":"bronze:Assembly","floor":14.0},{"not_picked":["bronze:Overload","bronze:Deprecate"],"picked":"bronze:FineTuning","floor":15.0},{"not_picked":["bronze:ThunderWave","bronze:Assembly"],"picked":"bronze:HyperBeam","floor":16.0},{"not_picked":["bronze:Invalidate","bronze:Shield+1","bronze:WhirlingStrike"],"picked":"SKIP","floor":19.0},{"not_picked":["bronze:BronzeArmor+1","bronze:Frontload+1"],"picked":"bronze:DelayedSlice+1","floor":20.0},{"not_picked":["bronze:Iterate+1","bronze:FindAndReplace","bronze:ItsAFeature"],"picked":"SKIP","floor":21.0},{"not_picked":["bronze:ChosenStrike","bronze:FineTuning+1"],"picked":"bronze:Backtrace","floor":22.0},{"not_picked":["bronze:Invalidate","bronze:Turbo"],"picked":"bronze:ShipIt","floor":23.0},{"not_picked":["bronze:ChosenStrike","bronze:Turbo"],"picked":"bronze:Repair+1","floor":25.0},{"not_picked":["bronze:Overheat","bronze:Shield+1"],"picked":"bronze:ForceShield","floor":26.0},{"not_picked":["bronze:Deprecate","bronze:CutThrough"],"picked":"bronze:ClassDefault","floor":27.0},{"not_picked":["bronze:ItsAFeature","bronze:Backtrace"],"picked":"bronze:AlphaBuild","floor":29.0},{"not_picked":["bronze:OilSpill","bronze:ForLoop","bronze:Shell"],"picked":"SKIP","floor":30.0},{"not_picked":["bronze:DelayedGuard+1","bronze:WhirlingStrike","bronze:Philosophize"],"picked":"SKIP","floor":31.0},{"not_picked":["bronze:Turbo","bronze:Invalidate","bronze:WhirlingStrike"],"picked":"SKIP","floor":32.0},{"not_picked":["bronze:Invalidate","bronze:WhirlingStrike"],"picked":"bronze:Turbo","floor":32.0},{"not_picked":["bronze:ShipIt","bronze:Verify"],"picked":"bronze:Mutator","floor":33.0},{"not_picked":["bronze:OilSpill","bronze:DelayedGuard","bronze:Invalidate+1"],"picked":"SKIP","floor":36.0},{"not_picked":["bronze:OilSpill","bronze:DelayedGuard","bronze:Invalidate+1"],"picked":"SKIP","floor":36.0},{"not_picked":["bronze:MaxOutput","bronze:Frontload+1"],"picked":"bronze:GetLatest+1","floor":38.0},{"not_picked":["bronze:Fortify+1","bronze:Break"],"picked":"bronze:ItsAFeature","floor":42.0},{"not_picked":["bronze:Overheat+1","bronze:CleanCode"],"picked":"bronze:DelayedSlice+1","floor":44.0},{"not_picked":["bronze:Frontload+1","bronze:Overheat","bronze:ShipIt"],"picked":"SKIP","floor":45.0},{"not_picked":["expansioncontent:PolyBeam","expansioncontent:YouAreMine"],"picked":"expansioncontent:Chronoboost","floor":46.0},{"not_picked":["bronze:Frontload+1","bronze:ForLoop+1","bronze:ThunderWave"],"picked":"SKIP","floor":49.0}],"player_experience":1203034,"relics_obtained":[{"floor":7.0,"key":"Happy Flower"},{"floor":11.0,"key":"Bronze Scales"},{"floor":14.0,"key":"StoneCalendar"},{"floor":23.0,"key":"InkBottle"},{"floor":24.0,"key":"Guardian:PocketSentry"},{"floor":26.0,"key":"Mercury Hourglass"},{"floor":39.0,"key":"Torii"},{"floor":42.0,"key":"Regal Pillow"},{"floor":43.0,"key":"Strawberry"},{"floor":45.0,"key":"Bottled Flame"}],"event_choices":[{"damage_healed":0.0,"max_hp_gain":0.0,"max_hp_loss":0.0,"gold_gain":0.0,"event_name":"Vampires","player_choice":"Ignored","floor":28.0,"gold_loss":0.0,"damage_taken":0.0},{"damage_healed":0.0,"max_hp_gain":0.0,"max_hp_loss":0.0,"gold_gain":0.0,"event_name":"Mysterious Sphere","player_choice":"Fight","floor":39.0,"gold_loss":0.0,"damage_taken":0.0}],"is_beta":false,"boss_relics":[{"not_picked":["Fusion Hammer","SacredBark"],"picked":"Philosopher\u0027s Stone"},{"not_picked":["Pandora\u0027s Box","Calling Bell"],"picked":"sneckomod:SneckoTalon"}],"items_purged_floors":[5,20,22,44,48],"is_endless":false,"potions_floor_spawned":[10,13,16,19,21,23,30,31,32,39,42,45,49],"killed_by":"WA_ARCHETYPE_DIVINITY","ascension_level":0}}