{"host":"mgjbkrm6zb65cm01","time":1612966577,"event":{"mods":["ATMod(°¢èªMod)","BaseMod","Conspire","Good Game Mod","Minty Spire (QoL Compilation)","Quick Restart","Relic Stats","Spicy Shops","StSLib","UnlockEverythingMod","noobMod"],"gold_per_floor":[115,129,146,162,162,162,201,201,254,268,281,295,295,308,308,428,428,451,451,451,464,2,34,45,45,45,65,78,110,125,144,144,245,245,258,308,319,348,366,366,393,393,393,393,393,411,411,14,14,14,14,14,14,49,49],"floor_reached":56,"language":"ZHS","playtime":3608,"items_purged":["Strike_R","Strike_R"],"score":1223,"play_id":"858a8189-1d50-4bf7-8426-2ab532ff0560","local_time":"20210210221617","is_ascension_mode":false,"campfire_choices":[{"data":"Berserk","floor":6.0,"key":"SMITH"},{"data":"AT_ChampionKick","floor":8.0,"key":"SMITH"},{"data":"Armaments","floor":13.0,"key":"SMITH"},{"floor":15.0,"key":"REST"},{"floor":25.0,"key":"RECALL"},{"data":"Uppercut","floor":32.0,"key":"SMITH"},{"data":"Juggernaut","floor":40.0,"key":"SMITH"},{"data":"Searing Blow+1","floor":45.0,"key":"SMITH"},{"data":"Searing Blow+2","floor":47.0,"key":"SMITH"},{"floor":49.0,"key":"REST"},{"data":"AT_LightSaberMaster","floor":52.0,"key":"SMITH"}],"circlet_count":0,"master_deck":["Strike_R","Strike_R","Strike_R","Defend_R+1","Defend_R","Defend_R","Defend_R","Bash","AT_ChampionKick+1","conspire:Banana","Cleave","Shockwave","Berserk+1","AT_ManFootWork","Ghostly Armor","Combust","Armaments+1","Thunderclap","Ghostly Armor","Juggernaut+1","AT_BodySlamDance+1","Battle Trance","Dual Wield","Cleave+1","Uppercut+1","Metallicize","Immolate","Warcry+1","AT_Dispersion","Hemokinesis","Headbutt+1","Searing Blow+3","Shrug It Off+1","AT_LightSaberMaster+1","Shrug It Off","AT_DrawKnifeCut","Body Slam+1"],"relics":["Burning Blood","REME:ComplimentaryCards","ice","AT_ATBox","NeowsBlessing","Bloody Idol","conspire:Flyswatter","PreservedInsect","Velvet Choker","Pantograph","Orichalcum","Boot","conspire:SpecialSausage","Thread and Needle","conspire:Dentures","Pocketwatch","InkBottle","War Paint","AT_DeathDance"],"acts_visited":["Exordium","TheCity","TheBeyond","TheEnding"],"potions_floor_usage":[],"damage_taken":[{"damage":0.0,"enemies":"Jaw Worm","floor":1.0,"turns":1.0},{"damage":0.0,"enemies":"Small Slimes","floor":2.0,"turns":11.0},{"damage":0.0,"enemies":"2 Louse","floor":3.0,"turns":1.0},{"damage":9.0,"enemies":"Blue Slaver","floor":4.0,"turns":3.0},{"damage":13.0,"enemies":"Lagavulin","floor":7.0,"turns":6.0},{"damage":19.0,"enemies":"3 Louse","floor":10.0,"turns":2.0},{"damage":5.0,"enemies":"2 Fungi Beasts","floor":11.0,"turns":3.0},{"damage":18.0,"enemies":"Exordium Wildlife","floor":12.0,"turns":4.0},{"damage":5.0,"enemies":"Looter","floor":14.0,"turns":3.0},{"damage":36.0,"enemies":"Hexaghost","floor":16.0,"turns":12.0},{"damage":24.0,"enemies":"Spheric Guardian","floor":18.0,"turns":5.0},{"damage":47.0,"enemies":"3 Byrds","floor":21.0,"turns":5.0},{"damage":24.0,"enemies":"Book of Stabbing","floor":23.0,"turns":4.0},{"damage":13.0,"enemies":"conspire:HollyBat","floor":24.0,"turns":7.0},{"damage":0.0,"enemies":"Cultist and Chosen","floor":27.0,"turns":4.0},{"damage":8.0,"enemies":"Chosen and Byrds","floor":28.0,"turns":6.0},{"damage":7.0,"enemies":"Gremlin Leader","floor":29.0,"turns":5.0},{"damage":9.0,"enemies":"conspire:HollyBat","floor":30.0,"turns":7.0},{"damage":31.0,"enemies":"Sentry and Sphere","floor":31.0,"turns":5.0},{"damage":72.0,"enemies":"Automaton","floor":33.0,"turns":9.0},{"damage":9.0,"enemies":"Orb Walker","floor":35.0,"turns":4.0},{"damage":13.0,"enemies":"Mind Bloom Boss Battle","floor":36.0,"turns":6.0},{"damage":33.0,"enemies":"3 Darklings","floor":37.0,"turns":4.0},{"damage":7.0,"enemies":"conspire:MimicChest","floor":38.0,"turns":6.0},{"damage":18.0,"enemies":"Writhing Mass","floor":39.0,"turns":5.0},{"damage":24.0,"enemies":"Reptomancer","floor":41.0,"turns":5.0},{"damage":20.0,"enemies":"Maw","floor":46.0,"turns":7.0},{"damage":53.0,"enemies":"Time Eater","floor":50.0,"turns":11.0},{"damage":31,"enemies":"Shield and Spear","floor":54,"turns":7},{"damage":197,"enemies":"The Heart","floor":55,"turns":12}],"seed_played":"872799777385660672","potions_obtained":[{"floor":1.0,"key":"SteroidPotion"},{"floor":3.0,"key":"BlessingOfTheForge"},{"floor":11.0,"key":"SteroidPotion"},{"floor":14.0,"key":"Fire Potion"},{"floor":16.0,"key":"SteroidPotion"},{"floor":23.0,"key":"conspire:TimeTravelPotion"},{"floor":24.0,"key":"SteroidPotion"},{"floor":29.0,"key":"SpeedPotion"},{"floor":31.0,"key":"Swift Potion"},{"floor":33.0,"key":"DistilledChaos"},{"floor":38.0,"key":"FairyPotion"},{"floor":41.0,"key":"Weak Potion"},{"floor":46.0,"key":"Weak Potion"}],"is_trial":false,"path_per_floor":["M","M","M","M","?","R","E","R","T","M","M","M","R","M","R","B",null,"M","?","?","M","$","E","M","R","T","M","M","E","M","M","R","B",null,"M","?","M","?","M","R","E","?","T","?","R","M","R","$","R","B",null,"R","$","E","B",null],"character_chosen":"IRONCLAD","items_purchased":["Pantograph","SkillPotion","Dual Wield","Weak Potion","War Paint","AT_LightSaberMaster","Shrug It Off","AT_DrawKnifeCut"],"campfire_rested":2,"item_purchase_floors":[22,22,22,22,48,48,48,48],"current_hp_per_floor":[80,81,81,79,76,76,70,70,70,57,59,48,48,50,74,45,81,64,64,64,29,29,17,85,85,85,88,90,91,93,74,74,34,95,96,95,74,79,73,73,61,61,61,61,61,53,53,53,83,56,103,103,103,84,149],"gold":49,"neow_bonus":"THREE_ENEMY_KILL","is_daily":false,"chose_seed":false,"campfire_upgraded":8,"win_rate":0.0,"timestamp":1612966577,"path_taken":["M","M","M","M","?","R","E","R","T","M","M","M","R","M","R","BOSS","M","?","?","M","$","E","M","R","T","M","M","E","M","M","R","BOSS","M","?","M","?","M","R","E","?","T","?","R","M","R","$","R","BOSS","R","$","E","BOSS"],"items_purchased_type":["Relic","Potion","Card","Potion","Relic","Card","Card","Card"],"build_version":"2020-12-22","purchased_purges":2,"victory":true,"max_hp_per_floor":[80,81,81,82,76,76,77,77,77,77,78,79,79,80,80,81,81,82,82,82,83,83,84,85,85,85,88,90,91,93,94,94,95,95,96,97,98,99,100,100,101,101,101,101,101,102,102,102,102,103,103,103,103,104,149],"relic_stats":{"counters":[30,170],"Bloody Idol":64,"Pantograph":59,"PreservedInsect":211,"Orichalcum":[168],"War Paint":["Defend_R","AT_BodySlamDance"],"Boot":[20],"obtain_stats":[{"conspire:Dentures":38,"AT_ATBox":0,"NeowsBlessing":0,"Golden Idol":5,"Velvet Choker":17,"conspire:SpecialSausage":34,"Thread and Needle":36,"PreservedInsect":9,"ice":0,"Orichalcum":23,"War Paint":48,"Boot":29,"Burning Blood":0,"REME:ComplimentaryCards":0,"Bloody Idol":19,"Pantograph":22,"AT_DeathDance":54,"InkBottle":43,"conspire:Flyswatter":7,"Pocketwatch":41},{"conspire:Dentures":24,"AT_ATBox":0,"NeowsBlessing":0,"Golden Idol":4,"Velvet Choker":10,"conspire:SpecialSausage":20,"Thread and Needle":22,"PreservedInsect":5,"ice":0,"Orichalcum":13,"War Paint":27,"Boot":17,"Burning Blood":0,"REME:ComplimentaryCards":0,"Bloody Idol":11,"Pantograph":12,"AT_DeathDance":29,"InkBottle":26,"conspire:Flyswatter":5,"Pocketwatch":26},{"conspire:Dentures":123,"AT_ATBox":0,"NeowsBlessing":0,"Golden Idol":16,"Velvet Choker":46,"conspire:SpecialSausage":103,"Thread and Needle":113,"PreservedInsect":22,"ice":0,"Orichalcum":60,"War Paint":140,"Boot":82,"Burning Blood":0,"REME:ComplimentaryCards":0,"Bloody Idol":51,"Pantograph":56,"AT_DeathDance":158,"InkBottle":133,"conspire:Flyswatter":22,"Pocketwatch":133}],"Burning Blood":153,"InkBottle":[14],"Pocketwatch":[18]},"card_choices":[{"not_picked":["Anger","True Grit"],"picked":"Cleave","floor":1.0},{"not_picked":["Sever Soul","AT_BodySlamDance"],"picked":"Shockwave","floor":2.0},{"not_picked":["Headbutt","Shrug It Off"],"picked":"Berserk","floor":3.0},{"not_picked":["Wild Strike","Perfected Strike"],"picked":"AT_ManFootWork","floor":4.0},{"not_picked":["Pummel","Wild Strike"],"picked":"Ghostly Armor","floor":7.0},{"not_picked":["Iron Wave","Cleave"],"picked":"Combust","floor":10.0},{"not_picked":["Dual Wield","Shockwave"],"picked":"Armaments","floor":11.0},{"not_picked":["Warcry","Havoc"],"picked":"Thunderclap","floor":12.0},{"not_picked":["AT_IchimonjiDouble","Combust"],"picked":"Ghostly Armor","floor":14.0},{"not_picked":["Feed","Offering"],"picked":"Juggernaut","floor":16.0},{"not_picked":["Perfected Strike","Armaments","Rage+1"],"picked":"SKIP","floor":18.0},{"not_picked":["Sentinel","Clash"],"picked":"Battle Trance","floor":21.0},{"not_picked":["Perfected Strike","Spot Weakness"],"picked":"Cleave+1","floor":23.0},{"not_picked":["AT_ManFootWork","Anger"],"picked":"Uppercut","floor":24.0},{"not_picked":["Inflame","Havoc"],"picked":"Metallicize","floor":27.0},{"not_picked":["AT_IchimonjiDouble","Dark Embrace"],"picked":"Immolate","floor":28.0},{"not_picked":["Intimidate","Carnage","Anger"],"picked":"SKIP","floor":29.0},{"not_picked":["Cleave","Heavy Blade"],"picked":"Warcry+1","floor":30.0},{"not_picked":["Clash+1","Flex","Reckless Charge"],"picked":"SKIP","floor":31.0},{"not_picked":["Exhume","Juggernaut"],"picked":"AT_Dispersion","floor":33.0},{"not_picked":["AT_IchimonjiDouble+1","Second Wind"],"picked":"True Grit+1","floor":35.0},{"not_picked":["Dual Wield+1","Feel No Pain+1"],"picked":"Hemokinesis","floor":36.0},{"not_picked":["Havoc","Warcry+1"],"picked":"Headbutt+1","floor":37.0},{"not_picked":["Dropkick","Bloodletting","AT_IchimonjiDouble+1"],"picked":"SKIP","floor":39.0},{"not_picked":["Reckless Charge+1","Seeing Red"],"picked":"Searing Blow+1","floor":41.0},{"not_picked":["Flex+1","Intimidate"],"picked":"Shrug It Off+1","floor":46.0},{"not_picked":["True Grit","Flame Barrier+1"],"picked":"Body Slam+1","floor":54}],"player_experience":142579,"relics_obtained":[{"floor":7.0,"key":"conspire:Flyswatter"},{"floor":9.0,"key":"PreservedInsect"},{"floor":23.0,"key":"Orichalcum"},{"floor":29.0,"key":"Boot"},{"floor":36.0,"key":"Thread and Needle"},{"floor":38.0,"key":"conspire:Dentures"},{"floor":41.0,"key":"Pocketwatch"},{"floor":43.0,"key":"InkBottle"},{"floor":54,"key":"AT_DeathDance"}],"event_choices":[{"damage_healed":0.0,"max_hp_gain":0.0,"max_hp_loss":6.0,"gold_gain":0.0,"event_name":"Golden Idol","player_choice":"Lose Max HP","floor":5.0,"gold_loss":0.0,"damage_taken":0.0,"relics_obtained":["Golden Idol"]},{"damage_healed":0.0,"max_hp_gain":0.0,"max_hp_loss":0.0,"gold_gain":0.0,"event_name":"Forgotten Altar","player_choice":"Gave Idol","floor":19.0,"relics_lost":["Golden Idol"],"gold_loss":0.0,"damage_taken":0.0,"relics_obtained":["Bloody Idol"]},{"damage_healed":0.0,"max_hp_gain":0.0,"max_hp_loss":0.0,"gold_gain":0.0,"event_name":"The Library","player_choice":"Read","floor":20.0,"gold_loss":0.0,"damage_taken":0.0,"cards_obtained":["AT_BodySlamDance"]},{"damage_healed":0.0,"max_hp_gain":0.0,"max_hp_loss":0.0,"gold_gain":0.0,"event_name":"MindBloom","player_choice":"Fight","floor":36.0,"gold_loss":0.0,"damage_taken":0.0},{"cards_removed":["True Grit"],"damage_healed":0.0,"max_hp_gain":0.0,"max_hp_loss":0.0,"gold_gain":0.0,"event_name":"Falling","player_choice":"Removed Skill","floor":42.0,"gold_loss":0.0,"damage_taken":0.0},{"damage_healed":0.0,"max_hp_gain":0.0,"max_hp_loss":0.0,"gold_gain":0.0,"event_name":"Tomb of Lord Red Mask","player_choice":"Ignored","floor":44.0,"gold_loss":0.0,"damage_taken":0.0}],"is_beta":false,"boss_relics":[{"not_picked":["Runic Dome","Cursed Key"],"picked":"Velvet Choker"},{"not_picked":["Fusion Hammer","SlaversCollar"],"picked":"conspire:SpecialSausage"}],"items_purged_floors":[22,48],"is_endless":false,"potions_floor_spawned":[1,3,11,14,16,23,24,29,31,33,38,41,46],"ascension_level":0}}