{"host":"t4313i2190y6fz3q","time":1612992685,"event":{"mods":["2.2 Compatiblity","AchievementEnabler","Act Like it!","BaseMod","Colored Powertips","Minty Spire (QoL Compilation)","Permanent Neow","Quick Restart","Rare Cards Sparkle","StSLib"],"gold_per_floor":[117,117,192,117,133,133,146,146,146,146,7,25,38,51,51,148,148,165,127,158,76,93,93,112,112,112,125,135,153,153,153,153,249,249,266,1265,1278,942,959,959,959,959,959,639,650,376,376,389,389,389],"floor_reached":51,"language":"ENG","playtime":1534,"items_purged":["Strike_R","Normality","Normality","Strike_R"],"score":664,"play_id":"47f0e1d1-c1a4-4f8e-9968-f7b295ed4efe","local_time":"20210210133125","is_ascension_mode":false,"campfire_choices":[{"data":"Fire Breathing","floor":6.0,"key":"SMITH"},{"data":"Burning Pact","floor":8.0,"key":"SMITH"},{"data":"Fiend Fire","floor":15.0,"key":"SMITH"},{"data":"Fire Breathing","floor":23.0,"key":"SMITH"},{"floor":30.0,"key":"REST"},{"data":"Fiend Fire","floor":32.0,"key":"SMITH"},{"data":"Warcry","floor":40.0,"key":"SMITH"},{"data":"Evolve","floor":42.0,"key":"SMITH"},{"data":"Bash","floor":47.0,"key":"SMITH"},{"floor":49.0,"key":"REST"}],"circlet_count":0,"master_deck":["Strike_R","Strike_R","Strike_R","Defend_R","Defend_R","Defend_R","Bash+1","Fire Breathing+1","Shrug It Off","Burning Pact+1","Fiend Fire+1","Power Through","Fiend Fire+1","Pommel Strike","Feel No Pain","Fire Breathing+1","Pommel Strike","Shrug It Off","Warcry+1","Impervious","Evolve+1","Inflame","Warcry","Dark Embrace","Wild Strike","Battle Trance+1"],"relics":["Mark of Pain"],"acts_visited":["Exordium","TheCity","TheBeyond"],"potions_floor_usage":[50,50,50],"damage_taken":[{"damage":1.0,"enemies":"Cultist","floor":1.0,"turns":3.0},{"damage":0.0,"enemies":"Small Slimes","floor":5.0,"turns":3.0},{"damage":5.0,"enemies":"Jaw Worm","floor":7.0,"turns":3.0},{"damage":6.0,"enemies":"Exordium Thugs","floor":12.0,"turns":4.0},{"damage":4.0,"enemies":"Gremlin Gang","floor":13.0,"turns":3.0},{"damage":8.0,"enemies":"2 Fungi Beasts","floor":14.0,"turns":3.0},{"damage":37.0,"enemies":"The Guardian","floor":16.0,"turns":10.0},{"damage":4.0,"enemies":"Shell Parasite","floor":18.0,"turns":3.0},{"damage":5.0,"enemies":"Masked Bandits","floor":20.0,"turns":8.0},{"damage":10.0,"enemies":"3 Byrds","floor":22.0,"turns":4.0},{"damage":10.0,"enemies":"Snecko","floor":24.0,"turns":3.0},{"damage":14.0,"enemies":"Centurion and Healer","floor":27.0,"turns":6.0},{"damage":6.0,"enemies":"Shelled Parasite and Fungi","floor":28.0,"turns":3.0},{"damage":9.0,"enemies":"Snecko","floor":29.0,"turns":4.0},{"damage":19.0,"enemies":"Colosseum Slavers","floor":31.0,"turns":4.0},{"damage":19.0,"enemies":"Automaton","floor":33.0,"turns":6.0},{"damage":8.0,"enemies":"3 Shapes","floor":35.0,"turns":3.0},{"damage":0.0,"enemies":"Orb Walker","floor":37.0,"turns":4.0},{"damage":9.0,"enemies":"3 Darklings","floor":39.0,"turns":3.0},{"damage":38.0,"enemies":"Jaw Worm Horde","floor":45.0,"turns":5.0},{"damage":17.0,"enemies":"Transient","floor":48.0,"turns":5.0},{"damage":24,"enemies":"Time Eater","floor":50,"turns":9}],"seed_played":"-9064379514670596350","potions_obtained":[{"floor":1.0,"key":"SkillPotion"},{"floor":7.0,"key":"Strength Potion"},{"floor":16.0,"key":"Swift Potion"},{"floor":22.0,"key":"Strength Potion"},{"floor":24.0,"key":"SpeedPotion"},{"floor":29.0,"key":"Regen Potion"},{"floor":39.0,"key":"ElixirPotion"}],"is_trial":false,"path_per_floor":["M","T","?","$","M","R","M","R","T","T","$","M","M","M","R","B",null,"M","$","?","$","M","R","M","?","T","M","M","M","R","?","R","B",null,"M","?","M","$","M","R","?","R","T","$","M","$","R","M","R","B",null],"character_chosen":"IRONCLAD","items_purchased":["Fiend Fire","Feel No Pain","Fire Breathing","Inflame","Strength Potion","Swift Potion","Weak Potion","Warcry","Dark Embrace","Regen Potion","DuplicationPotion","Swift Potion"],"campfire_rested":2,"item_purchase_floors":[11,19,21,38,38,38,38,44,44,44,46,46],"current_hp_per_floor":[79,79,68,68,68,68,63,63,63,63,63,57,53,45,45,8,80,76,76,71,71,61,61,51,51,51,37,31,22,46,39,39,20,80,72,72,72,72,63,63,63,63,63,63,39,39,39,22,46,22],"gold":389,"neow_bonus":"BOSS_RELIC","is_daily":false,"chose_seed":false,"campfire_upgraded":8,"win_rate":0.0,"timestamp":1612992685,"path_taken":["M","?","?","$","?","R","M","R","T","?","?","M","M","?","R","BOSS","M","$","?","?","M","R","M","?","T","M","M","M","R","?","R","BOSS","M","?","M","$","M","R","?","R","T","?","M","$","R","?","R","BOSS"],"items_purchased_type":["Card","Card","Card","Card","Potion","Potion","Potion","Card","Card","Potion","Potion","Potion"],"build_version":"2020-12-22","purchased_purges":4,"victory":true,"max_hp_per_floor":[80,80,80,80,80,80,80,80,80,80,80,80,80,80,80,80,80,80,80,80,80,80,80,80,80,80,80,80,80,80,80,80,80,80,80,80,80,80,80,80,80,80,80,80,80,80,80,80,80,80],"card_choices":[{"not_picked":["Twin Strike","Flex"],"picked":"Fire Breathing","floor":1.0},{"not_picked":["Inflame","Thunderclap"],"picked":"Shrug It Off","floor":5.0},{"not_picked":["True Grit","Clash"],"picked":"Burning Pact","floor":7.0},{"not_picked":["Twin Strike","Anger","Rampage"],"picked":"SKIP","floor":12.0},{"not_picked":["Headbutt","Fiend Fire"],"picked":"Power Through","floor":13.0},{"not_picked":["Sword Boomerang","Clash","Twin Strike"],"picked":"SKIP","floor":14.0},{"not_picked":["Reaper","Immolate"],"picked":"Fiend Fire","floor":16.0},{"not_picked":["Metallicize+1","Clothesline"],"picked":"Pommel Strike","floor":18.0},{"not_picked":["Sword Boomerang","Flex"],"picked":"Pommel Strike","floor":22.0},{"not_picked":["Reaper","Combust"],"picked":"Shrug It Off","floor":24.0},{"not_picked":["Reckless Charge","Clothesline+1"],"picked":"Warcry","floor":27.0},{"not_picked":["Headbutt","True Grit","Body Slam"],"picked":"SKIP","floor":28.0},{"not_picked":["Clothesline","Combust","Bloodletting"],"picked":"SKIP","floor":29.0},{"not_picked":["Brutality","Bludgeon"],"picked":"Impervious","floor":33.0},{"not_picked":["Spot Weakness","Twin Strike"],"picked":"Evolve","floor":35.0},{"not_picked":["Carnage","Rupture","Sword Boomerang+1"],"picked":"SKIP","floor":37.0},{"not_picked":["Intimidate+1","Heavy Blade","Anger+1"],"picked":"SKIP","floor":39.0},{"not_picked":["Clothesline+1","Armaments+1"],"picked":"Wild Strike","floor":45.0},{"not_picked":["Armaments+1","Twin Strike+1"],"picked":"Battle Trance+1","floor":48.0}],"player_experience":193046,"relics_obtained":[],"event_choices":[{"damage_healed":0.0,"max_hp_gain":0.0,"max_hp_loss":0.0,"gold_gain":75.0,"event_name":"World of Goop","player_choice":"Gather Gold","floor":3.0,"gold_loss":0.0,"damage_taken":11.0},{"damage_healed":0.0,"max_hp_gain":0.0,"max_hp_loss":0.0,"gold_gain":0.0,"event_name":"Masked Bandits","player_choice":"Fought Bandits","floor":20.0,"gold_loss":0.0,"damage_taken":0.0},{"damage_healed":0.0,"max_hp_gain":0.0,"max_hp_loss":0.0,"gold_gain":0.0,"event_name":"Cursed Tome","player_choice":"Ignored","floor":25.0,"gold_loss":0.0,"damage_taken":0.0},{"damage_healed":0.0,"max_hp_gain":0.0,"max_hp_loss":0.0,"gold_gain":0.0,"event_name":"Colosseum","player_choice":"Fight","floor":31.0,"gold_loss":0.0,"damage_taken":0.0},{"damage_healed":0.0,"max_hp_gain":0.0,"max_hp_loss":0.0,"gold_gain":0.0,"event_name":"Colosseum","player_choice":"Fled From Nobs","floor":31.0,"gold_loss":0.0,"damage_taken":0.0},{"damage_healed":0.0,"max_hp_gain":0.0,"max_hp_loss":0.0,"gold_gain":999.0,"event_name":"MindBloom","player_choice":"Gold","floor":36.0,"gold_loss":0.0,"damage_taken":0.0,"cards_obtained":["Normality","Normality"]},{"cards_removed":["Defend_R"],"damage_healed":0.0,"max_hp_gain":0.0,"max_hp_loss":0.0,"gold_gain":0.0,"event_name":"Falling","player_choice":"Removed Skill","floor":41.0,"gold_loss":0.0,"damage_taken":0.0}],"is_beta":false,"boss_relics":[{"not_picked":["Black Star","Pandora\u0027s Box","Runic Dome"]},{"not_picked":["Velvet Choker","Snecko Eye","SlaversCollar"]}],"items_purged_floors":[4,38,44,46],"is_endless":false,"potions_floor_spawned":[1,7,16,22,24,29,39,48],"ascension_level":0}}