{"host":"z609fbm6pkeriks8","time":1612923316,"event":{"mods":["AchievementEnabler","BaseMod","Colored Map","Colored Powertips","Highlight Path","Minty Spire (QoL Compilation)","StSLib"],"gold_per_floor":[111,33,48,61,72,101,101,26,26,54,110,125,25,25,25,25,25],"floor_reached":16,"language":"ZHS","playtime":386,"items_purged":["Strike_R","Strike_R"],"score":132,"play_id":"3c636883-96cc-44f1-b6c4-e7fdf9c0d97a","local_time":"20210210101516","is_ascension_mode":true,"campfire_choices":[{"data":"Uppercut","floor":7,"key":"SMITH"},{"floor":15,"key":"REST"}],"circlet_count":0,"master_deck":["Strike_R","Strike_R","Strike_R","Defend_R","Defend_R","Defend_R","Defend_R","Bash","Uppercut+1","Dropkick","Headbutt","Battle Trance","Pommel Strike","Dropkick"],"relics":["Burning Blood","NeowsBlessing","Paper Frog","Darkstone Periapt","Question Card","Boot"],"acts_visited":["Exordium"],"potions_floor_usage":[16,16,16,16],"damage_taken":[{"damage":0,"enemies":"Small Slimes","floor":1,"turns":1},{"damage":0,"enemies":"Cultist","floor":3,"turns":1},{"damage":0,"enemies":"Jaw Worm","floor":4,"turns":1},{"damage":18,"enemies":"3 Louse","floor":5,"turns":4},{"damage":50,"enemies":"3 Sentries","floor":6,"turns":8},{"damage":12,"enemies":"Gremlin Nob","floor":10,"turns":3},{"damage":3,"enemies":"Exordium Thugs","floor":12,"turns":4},{"damage":76,"enemies":"Slime Boss","floor":16,"turns":10}],"seed_played":"4252049362634364032","potions_obtained":[{"floor":3,"key":"Dexterity Potion"},{"floor":6,"key":"Ancient Potion"},{"floor":10,"key":"EntropicBrew"}],"is_trial":false,"path_per_floor":["M","?","M","M","M","E","R","$","T","E","?","M","$","?","R","B"],"character_chosen":"IRONCLAD","items_purchased":[],"campfire_rested":1,"item_purchase_floors":[],"current_hp_per_floor":[80,80,80,80,68,24,24,24,24,18,18,21,21,47,71,0,0],"gold":25,"neow_bonus":"THREE_ENEMY_KILL","is_daily":false,"chose_seed":false,"campfire_upgraded":1,"win_rate":0.0,"timestamp":1612923316,"path_taken":["M","?","?","M","M","E","R","$","T","E","?","M","?","?","R","BOSS"],"items_purchased_type":[],"build_version":"2020-12-22","purchased_purges":2,"victory":false,"max_hp_per_floor":[80,80,80,80,80,80,80,80,80,80,80,80,80,80,80,80,80],"card_choices":[{"not_picked":["Cleave","Inflame"],"picked":"Uppercut","floor":1},{"not_picked":["Battle Trance","Headbutt"],"picked":"Dropkick","floor":3},{"not_picked":["Sword Boomerang","Clothesline","Clash"],"picked":"SKIP","floor":4},{"not_picked":["Metallicize","Fire Breathing"],"picked":"Headbutt","floor":5},{"not_picked":["Flex","True Grit"],"picked":"Battle Trance","floor":6},{"not_picked":["Blood for Blood","Twin Strike","Warcry"],"picked":"Pommel Strike","floor":10},{"not_picked":["Metallicize","Sentinel","Dual Wield"],"picked":"Dropkick","floor":12}],"player_experience":56021,"relics_obtained":[{"floor":6,"key":"Darkstone Periapt"},{"floor":9,"key":"Question Card"},{"floor":10,"key":"Boot"}],"event_choices":[{"damage_healed":0,"gold_gain":0,"player_choice":"Paid Gold","damage_taken":0,"relics_obtained":["Paper Frog"],"max_hp_gain":0,"max_hp_loss":0,"event_name":"WeMeetAgain","floor":2,"gold_loss":78},{"damage_healed":0,"gold_gain":56,"player_choice":"Gained Gold","damage_taken":0,"max_hp_gain":0,"max_hp_loss":0,"event_name":"Golden Wing","floor":11,"gold_loss":0},{"damage_healed":26,"gold_gain":0,"player_choice":"Banana","damage_taken":0,"max_hp_gain":0,"max_hp_loss":0,"event_name":"Big Fish","floor":14,"gold_loss":0}],"is_beta":false,"boss_relics":[],"items_purged_floors":[8,13],"is_endless":false,"potions_floor_spawned":[3,6,10],"killed_by":"Slime Boss","ascension_level":4}}