{"host":"lv3zv4svf9qrs9uo","time":1612930912,"event":{"mods":["AchievementEnabler","BaseMod","Minty Spire (QoL Compilation)"],"gold_per_floor":[117,132,132,144,154,154,180,180,207,232,247,276,289,305,305,409,409,421,421,421,433,446,446,475,475,475,491,0,16,43,68,68,163,163,176,226,239,239,250,276,276,276,276,276,289,511,526,274,274,274],"floor_reached":51,"language":"ENG","playtime":5598,"items_purged":["Adaptation","Strike_P"],"score":1002,"play_id":"70cb25ce-d812-4e76-a2ad-d2f509ff6c7d","local_time":"20210209202152","is_ascension_mode":true,"campfire_choices":[{"data":"Alpha","floor":6.0,"key":"SMITH"},{"data":"ThirdEye","floor":8.0,"key":"SMITH"},{"data":"LikeWater","floor":15.0,"key":"SMITH"},{"data":"Vigilance","floor":23.0,"key":"SMITH"},{"data":"Evaluate","floor":25.0,"key":"SMITH"},{"floor":32.0,"key":"REST"},{"data":"Scrawl","floor":42,"key":"SMITH"},{"data":"Protect","floor":44,"key":"SMITH"},{"data":"Defend_P","floor":49,"key":"SMITH"}],"circlet_count":0,"master_deck":["Strike_P+1","Strike_P","Strike_P+1","Defend_P","Defend_P+1","Vigilance+1","ThirdEye+1","EmptyFist","Alpha+1","Protect+1","LikeWater+1","Scrawl+1","Evaluate+1","Writhe","Secret Technique","ThirdEye+1","Sanctity+1"],"relics":["PureWater","Damaru","Bag of Preparation","Centennial Puzzle","Blue Candle","Busted Crown","Boot","Bottled Tornado","Pear","Strawberry","Art of War","Red Mask","Sozu","CaptainsWheel","Whetstone","Calipers","Lee\u0027s Waffle"],"acts_visited":["Exordium","TheCity","TheBeyond"],"potions_floor_usage":[50,50,50],"damage_taken":[{"damage":0.0,"enemies":"Cultist","floor":1.0,"turns":2.0},{"damage":0.0,"enemies":"2 Louse","floor":2.0,"turns":1.0},{"damage":3.0,"enemies":"Small Slimes","floor":4.0,"turns":3.0},{"damage":0.0,"enemies":"3 Louse","floor":5.0,"turns":3.0},{"damage":10.0,"enemies":"3 Sentries","floor":7.0,"turns":3.0},{"damage":0.0,"enemies":"Lagavulin","floor":10.0,"turns":4.0},{"damage":8.0,"enemies":"Exordium Wildlife","floor":11.0,"turns":3.0},{"damage":8.0,"enemies":"3 Sentries","floor":12.0,"turns":3.0},{"damage":0.0,"enemies":"Large Slime","floor":13.0,"turns":4.0},{"damage":11.0,"enemies":"3 Louse","floor":14.0,"turns":3.0},{"damage":0.0,"enemies":"Hexaghost","floor":16.0,"turns":6.0},{"damage":0.0,"enemies":"Chosen","floor":18.0,"turns":4.0},{"damage":7.0,"enemies":"2 Thieves","floor":21.0,"turns":3.0},{"damage":3.0,"enemies":"3 Cultists","floor":22.0,"turns":3.0},{"damage":26.0,"enemies":"Slavers","floor":24.0,"turns":3.0},{"damage":13.0,"enemies":"Sentry and Sphere","floor":27.0,"turns":4.0},{"damage":0.0,"enemies":"Snecko","floor":29.0,"turns":4.0},{"damage":5.0,"enemies":"Book of Stabbing","floor":30.0,"turns":5.0},{"damage":7.0,"enemies":"Masked Bandits","floor":31.0,"turns":2.0},{"damage":12.0,"enemies":"Collector","floor":33.0,"turns":6.0},{"damage":1,"enemies":"3 Shapes","floor":35,"turns":2},{"damage":1,"enemies":"Mind Bloom Boss Battle","floor":36,"turns":4},{"damage":1,"enemies":"Orb Walker","floor":37,"turns":3},{"damage":14,"enemies":"Maw","floor":39,"turns":6},{"damage":24,"enemies":"Giant Head","floor":40,"turns":10},{"damage":1,"enemies":"Spire Growth","floor":45,"turns":4},{"damage":5,"enemies":"Transient","floor":47,"turns":5},{"damage":1,"enemies":"Awakened One","floor":50,"turns":13}],"seed_played":"-7343544105670555796","potions_obtained":[{"floor":1.0,"key":"SkillPotion"},{"floor":5.0,"key":"BlessingOfTheForge"},{"floor":11.0,"key":"SpeedPotion"},{"floor":13.0,"key":"DistilledChaos"},{"floor":16.0,"key":"SkillPotion"},{"floor":27.0,"key":"SmokeBomb"},{"floor":30.0,"key":"Strength Potion"},{"floor":31.0,"key":"Explosive Potion"}],"is_trial":false,"path_per_floor":["M","M","?","M","M","R","E","R","T","E","M","E","M","M","R","B",null,"M","?","?","M","M","R","E","R","T","M","$","M","E","?","R","B",null,"M","?","M","?","M","E","?","R","T","R","M","?","M","$","R","B",null],"character_chosen":"WATCHER","items_purchased":["Secret Technique","DistilledChaos","Strawberry","Lee\u0027s Waffle"],"campfire_rested":1,"item_purchase_floors":[28,28,28,48],"current_hp_per_floor":[72,72,72,69,69,69,59,59,59,59,51,43,43,32,32,32,72,72,72,72,65,62,62,36,36,46,33,40,40,35,28,54,42,89,88,87,86,86,72,48,48,48,48,48,47,47,42,96,96,95],"gold":274,"neow_bonus":"REMOVE_CARD","is_daily":false,"chose_seed":false,"campfire_upgraded":8,"win_rate":0.0,"timestamp":1612930912,"path_taken":["M","?","?","M","M","R","E","R","T","E","M","E","M","M","R","BOSS","M","?","?","M","M","R","E","R","T","?","$","M","E","?","R","BOSS","M","?","M","?","M","E","?","R","T","R","M","?","M","$","R","BOSS"],"items_purchased_type":["Card","Potion","Relic","Relic"],"build_version":"2020-12-22","purchased_purges":2,"victory":true,"max_hp_per_floor":[72,72,72,72,72,72,72,72,72,72,72,72,72,72,72,72,72,72,72,72,72,72,72,72,72,82,82,89,89,89,89,89,89,89,89,89,89,89,89,89,89,89,89,89,89,89,89,96,96,96],"card_choices":[{"not_picked":["Swivel","SashWhip"],"picked":"ThirdEye","floor":1.0},{"not_picked":["FlyingSleeves","SandsOfTime"],"picked":"EmptyFist","floor":2.0},{"not_picked":["ClearTheMind","Halt"],"picked":"Adaptation","floor":4.0},{"not_picked":["ThirdEye","JustLucky"],"picked":"Alpha","floor":5.0},{"not_picked":["Perseverance","DevaForm"],"picked":"Protect","floor":7.0},{"not_picked":["PathToVictory","Ragnarok","FlurryOfBlows"],"picked":"SKIP","floor":10.0},{"not_picked":["Consecrate","FlyingSleeves","Conclude"],"picked":"SKIP","floor":11.0},{"not_picked":["FollowUp","Halt"],"picked":"LikeWater","floor":12.0},{"not_picked":["JustLucky","TalkToTheHand","FlyingSleeves"],"picked":"SKIP","floor":13.0},{"not_picked":["ClearTheMind","WreathOfFlame","Pray"],"picked":"SKIP","floor":14.0},{"not_picked":["SpiritShield","Judgement"],"picked":"Scrawl","floor":16.0},{"not_picked":[],"picked":"Evaluate","floor":18.0},{"not_picked":["Collect+1"],"picked":"SKIP","floor":21.0},{"not_picked":["CutThroughFate"],"picked":"SKIP","floor":22.0},{"not_picked":["Alpha"],"picked":"SKIP","floor":24.0},{"not_picked":["FlurryOfBlows"],"picked":"SKIP","floor":27.0},{"not_picked":["CarveReality"],"picked":"SKIP","floor":29.0},{"not_picked":["Wallop"],"picked":"SKIP","floor":30.0},{"not_picked":[],"picked":"ThirdEye+1","floor":35},{"not_picked":[],"picked":"Sanctity+1","floor":37},{"not_picked":["Study+1"],"picked":"SKIP","floor":39},{"not_picked":["ClearTheMind+1"],"picked":"SKIP","floor":40},{"not_picked":["FlyingSleeves"],"picked":"SKIP","floor":45},{"not_picked":["WreathOfFlame"],"picked":"SKIP","floor":47}],"player_experience":548534,"relics_obtained":[{"floor":7.0,"key":"Damaru"},{"floor":9.0,"key":"Bag of Preparation"},{"floor":10.0,"key":"Centennial Puzzle"},{"floor":12.0,"key":"Blue Candle"},{"floor":24.0,"key":"Bottled Tornado"},{"floor":26.0,"key":"Pear"},{"floor":30.0,"key":"Art of War"},{"floor":31.0,"key":"Red Mask"},{"floor":36,"key":"CaptainsWheel"},{"floor":40,"key":"Whetstone"},{"floor":43,"key":"Calipers"}],"event_choices":[{"damage_healed":0.0,"max_hp_gain":0.0,"max_hp_loss":0.0,"gold_gain":0.0,"event_name":"Liars Game","player_choice":"Ignored","floor":3.0,"gold_loss":0.0,"damage_taken":0.0},{"cards_removed":["Eruption"],"damage_healed":0.0,"max_hp_gain":0.0,"max_hp_loss":0.0,"gold_gain":0.0,"event_name":"Back to Basics","player_choice":"Elegance","floor":19.0,"gold_loss":0.0,"damage_taken":0.0},{"damage_healed":0.0,"max_hp_gain":0.0,"max_hp_loss":0.0,"gold_gain":0.0,"event_name":"The Mausoleum","player_choice":"Opened","floor":20.0,"gold_loss":0.0,"damage_taken":0.0,"relics_obtained":["Boot"],"cards_obtained":["Writhe"]},{"damage_healed":0.0,"max_hp_gain":0.0,"max_hp_loss":0.0,"gold_gain":0.0,"event_name":"Masked Bandits","player_choice":"Fought Bandits","floor":31.0,"gold_loss":0.0,"damage_taken":0.0},{"damage_healed":0,"gold_gain":0,"player_choice":"Fight","damage_taken":0,"max_hp_gain":0,"max_hp_loss":0,"event_name":"MindBloom","floor":36,"gold_loss":0},{"damage_healed":0,"gold_gain":0,"player_choice":"Memory 1","damage_taken":0,"max_hp_gain":0,"max_hp_loss":0,"event_name":"SensoryStone","floor":38,"gold_loss":0},{"cards_removed":["Defend_P"],"damage_healed":0,"gold_gain":0,"player_choice":"Removed Skill","damage_taken":0,"max_hp_gain":0,"max_hp_loss":0,"event_name":"Falling","floor":41,"gold_loss":0},{"damage_healed":0,"gold_gain":222,"player_choice":"Wore Mask","damage_taken":0,"max_hp_gain":0,"max_hp_loss":0,"event_name":"Tomb of Lord Red Mask","floor":46,"gold_loss":0}],"is_beta":false,"boss_relics":[{"not_picked":["Philosopher\u0027s Stone","SlaversCollar"],"picked":"Busted Crown"},{"not_picked":["SacredBark","Black Star"],"picked":"Sozu"}],"items_purged_floors":[28,48],"is_endless":false,"potions_floor_spawned":[1,5,11,13,16,27,30,31,35,37,40],"ascension_level":4}}