{"host":"y6zg4wwu39otf01a","time":1612917965,"event":{"mods":["Act Like it!","Aspiration","BaseMod","Better Altar","Better Match","Better Note","Better Sensory Stone","Better Skull","Better Third Choice","Challenge The Spire","Colored Map","Colored Powertips","Conspire","GifTheSpireLib","Glutton Mod","Halation","Hermit","Highlight Path","Hubris","Infinite Spire","Mimic Mod","Minty Spire (QoL Compilation)","Quick Restart","Random Character Button","Rare Cards Sparkle","Replay The Spire","Retaliation","Spicy Shops","Spire Arcade","StSLib","Stuff the Spire","The Blue Laboratory","The Jungle"],"gold_per_floor":[119,78,78,90,90,122,122,122,122,33,48,76,76,76,76,180,230,243,260,273,273,206,206,206,234,304,304,304,304,320,333,333,450,450,491,491,491,451,490,490,36,36,110,153,181,211,97,138,138,138,138,138,18,46,46],"floor_reached":56,"language":"ENG","playtime":3929,"items_purged":[],"score":1329,"play_id":"27de6ae0-7598-423b-8b12-7008bd5182f3","local_time":"20210209184605","is_ascension_mode":true,"campfire_choices":[{"data":"Eruption","floor":7.0,"key":"SMITH"},{"data":"Protect","floor":15.0,"key":"SMITH"},{"data":"Fasting2","floor":28.0,"key":"SMITH"},{"floor":42.0,"key":"RECALL"}],"circlet_count":0,"master_deck":["Strike_P","Strike_P","Strike_P","Strike_P","Defend_P","Defend_P","Defend_P","Defend_P","Eruption+1","Vigilance","Crescendo+1","Indignation","SandsOfTime+1","JustLucky+1","Protect+1","Fasting2+1","JustLucky","FollowUp","ConjureBlade+1","CutThroughFate+1","CarveReality+1","ReachHeaven","ClearTheMind+1","ClearTheMind","Study+1","infinitespire:Collect","Hemokinesis+1","Replay:Sssssssssshield+1","Headbutt"],"relics":["aspiration:RitualDagger","Happy Flower","StuffTheSpire:Barrel","Chameleon Ring","Replay:Bottled Flurry","aspiration:HummingbirdHeart","Tiny House","halation:PinkSoulGem","aspiration:StickyExplosives_weak","infinitespire:EvilPickle","Fusion Hammer","Gambling Chip","Toy Ornithopter","PrismaticShard","aspiration:TomeofQuesting","The Courier","Blood Vial","StuffTheSpire:Gunfinga","aspiration:HatOfInfinitePower","Du-Vu Doll","Replay:Bottled Steam"],"acts_visited":["Exordium","TheCity","TheBeyond","TheEnding"],"potions_floor_usage":[55,55],"damage_taken":[{"damage":15.0,"enemies":"2 Louse","floor":1.0,"turns":3.0},{"damage":6.0,"enemies":"Cultist","floor":4.0,"turns":2.0},{"damage":20.0,"enemies":"Gremlin Nob","floor":6.0,"turns":3.0},{"damage":6.0,"enemies":"Small Slimes","floor":11.0,"turns":2.0},{"damage":30.0,"enemies":"Lagavulin","floor":12.0,"turns":3.0},{"damage":12.0,"enemies":"Hexaghost","floor":16.0,"turns":6.0},{"damage":39.0,"enemies":"2 Thieves","floor":18.0,"turns":5.0},{"damage":17.0,"enemies":"Shell Parasite","floor":19.0,"turns":3.0},{"damage":39.0,"enemies":"Snecko","floor":20.0,"turns":5.0},{"damage":48.0,"enemies":"Slavers","floor":25.0,"turns":4.0},{"damage":9.0,"enemies":"Cultist and Chosen","floor":30.0,"turns":3.0},{"damage":15.0,"enemies":"Snake Plant","floor":31.0,"turns":2.0},{"damage":35.0,"enemies":"Pondfish","floor":33.0,"turns":5.0},{"damage":21.0,"enemies":"Orb Walker","floor":35.0,"turns":2.0},{"damage":3.0,"enemies":"3 Darklings","floor":39.0,"turns":1.0},{"damage":12.0,"enemies":"R_Hoarder","floor":44.0,"turns":4.0},{"damage":33.0,"enemies":"Maw","floor":45.0,"turns":4.0},{"damage":18.0,"enemies":"4 Shapes","floor":46.0,"turns":3.0},{"damage":18.0,"enemies":"Reptomancer","floor":48.0,"turns":3.0},{"damage":47.0,"enemies":"hubris:GrandSnecko","floor":50.0,"turns":7.0},{"damage":25,"enemies":"Shield and Spear","floor":54,"turns":5},{"damage":57,"enemies":"The Heart","floor":55,"turns":5}],"seed_played":"9207752342732029591","potions_obtained":[{"floor":6.0,"key":"Swift Potion"},{"floor":11.0,"key":"FairyPotion"},{"floor":12.0,"key":"Ancient Potion"},{"floor":14.0,"key":"blueLaboratory:ImpenetrablePotion"},{"floor":14.0,"key":"Regen Potion"},{"floor":17.0,"key":"Dexterity Potion"},{"floor":23.0,"key":"blueLaboratory:AlphaPotion"},{"floor":23.0,"key":"CultistPotion"},{"floor":25.0,"key":"AttackPotion"},{"floor":32.0,"key":"EntropicBrew"},{"floor":32.0,"key":"Reflective Coating"},{"floor":39.0,"key":"blueLaboratory:MidnightOil"},{"floor":40.0,"key":"Swift Potion"},{"floor":40.0,"key":"blueLaboratory:BottledHope"},{"floor":45.0,"key":"Languid Potion"},{"floor":48.0,"key":"blueLaboratory:EpiphanyPotion"},{"floor":49.0,"key":"blueLaboratory:AlphaPotion"},{"floor":49.0,"key":"BottledMiracle"},{"floor":52.0,"key":"blueLaboratory:HorrorPotion"},{"floor":52.0,"key":"blueLaboratory:BottledTrinity"}],"is_trial":false,"path_per_floor":["M","$","?","M","?","E","R","T","T","$","M","E","?","?","R","B",null,"M","M","M","?","$","R","?","E","T","?","R","?","M","M","R","B",null,"M","?","AVR","?","M","R","$","R","T","E","M","M","$","E","R","B",null,"R","$","E","B",null],"character_chosen":"WATCHER","items_purchased":["Indignation","Protect","Fasting2","ReachHeaven","Toy Ornithopter","PrismaticShard","aspiration:TomeofQuesting","StuffTheSpire:Gunfinga","Du-Vu Doll"],"campfire_rested":0,"item_purchase_floors":[2,10,10,22,41,41,41,47,53],"current_hp_per_floor":[57,57,57,51,51,31,31,31,31,31,33,11,11,11,11,32,77,51,34,76,76,76,76,76,47,47,47,47,47,54,49,49,70,80,68,68,68,68,80,80,80,80,80,80,78,75,75,80,80,80,80,80,80,80,80],"gold":46,"neow_bonus":"BOSS_RELIC","is_daily":false,"chose_seed":false,"campfire_upgraded":3,"win_rate":0.0,"timestamp":1612917965,"path_taken":["M","$","?","?","?","E","R","?","T","$","?","E","?","?","R","BOSS","M","M","?","?","$","R","?","E","T","?","R","?","M","M","R","BOSS","M","?","AVR","?","M","R","$","R","T","E","M","?","?","E","R","BOSS","R","$","E","BOSS"],"items_purchased_type":["Card","Card","Card","Card","Relic","Relic","Relic","Relic","Relic"],"build_version":"2020-12-22","purchased_purges":0,"victory":true,"max_hp_per_floor":[72,72,72,72,72,72,72,72,72,72,72,72,72,72,72,72,77,77,77,77,77,77,77,77,77,77,77,77,77,77,77,77,80,80,80,80,80,80,80,80,80,80,80,80,80,80,80,80,80,80,80,80,80,80,80],"card_choices":[{"not_picked":["Replay:ManipulateFuture","PathToVictory"],"picked":"Crescendo","floor":1.0},{"not_picked":["BowlingBash","Replay:BluntJabs"],"picked":"SandsOfTime","floor":4.0},{"not_picked":["PathToVictory","Indignation"],"picked":"JustLucky","floor":6.0},{"not_picked":["Replay:AtTheReady","Protect"],"picked":"JustLucky","floor":11.0},{"not_picked":["SandsOfTime","SashWhip"],"picked":"FollowUp","floor":12.0},{"not_picked":["Brilliance","Vault"],"picked":"ConjureBlade","floor":16.0},{"not_picked":["Protect","Replay:Anticipation"],"picked":"CutThroughFate","floor":17.0},{"not_picked":["PathToVictory","CrushJoints","Sanctity"],"picked":"SKIP","floor":18.0},{"not_picked":["JustLucky+1","Crescendo","Worship"],"picked":"SKIP","floor":19.0},{"not_picked":["Brilliance","Replay:ManipulateFuture"],"picked":"CarveReality+1","floor":20.0},{"not_picked":["Replay:AtTheReady","Vengeance"],"picked":"ClearTheMind+1","floor":25.0},{"not_picked":["TalkToTheHand+1","Consecrate+1","CrushJoints"],"picked":"SKIP","floor":30.0},{"not_picked":["FlyingSleeves","Crescendo+1"],"picked":"ClearTheMind","floor":31.0},{"not_picked":["Establishment","Wish"],"picked":"Vault","floor":33.0},{"not_picked":["Evaluate","FollowUp+1"],"picked":"Study+1","floor":35.0},{"not_picked":["Replay:BluntJabs+1","CrushJoints","EmptyBody+1"],"picked":"SKIP","floor":39.0},{"not_picked":["ReplayGash","Redo","Scrawl"],"picked":"SKIP","floor":44.0},{"not_picked":["StuffTheSpire:Fury","BattleHymn+1"],"picked":"Hemokinesis+1","floor":45.0},{"not_picked":["Glutton:LashOut","Replay:Vibes+1","Redo"],"picked":"SKIP","floor":46.0},{"not_picked":["Glutton:Voracity+1","hubris:PowerSurge+1"],"picked":"Replay:Sssssssssshield+1","floor":48.0},{"not_picked":["Glutton:LashOut","DDmod:CallousedSkill+1"],"picked":"Headbutt","floor":54}],"player_experience":768531,"relics_obtained":[{"floor":6.0,"key":"Happy Flower"},{"floor":8.0,"key":"StuffTheSpire:Barrel"},{"floor":9.0,"key":"Chameleon Ring"},{"floor":12.0,"key":"Replay:Bottled Flurry"},{"floor":25.0,"key":"aspiration:StickyExplosives_weak"},{"floor":43.0,"key":"The Courier"},{"floor":44.0,"key":"Blood Vial"},{"floor":48.0,"key":"aspiration:HatOfInfinitePower"},{"floor":54,"key":"Replay:Bottled Steam"}],"event_choices":[{"damage_healed":0.0,"max_hp_gain":0.0,"max_hp_loss":0.0,"gold_gain":0.0,"event_name":"Accursed Blacksmith","player_choice":"Forge","floor":3.0,"gold_loss":0.0,"damage_taken":0.0,"cards_upgraded":["Crescendo"]},{"damage_healed":0.0,"max_hp_gain":0.0,"max_hp_loss":0.0,"gold_gain":0.0,"event_name":"conspire:Investor","player_choice":"Leave","floor":5.0,"gold_loss":0.0,"damage_taken":0.0},{"damage_healed":0.0,"max_hp_gain":0.0,"max_hp_loss":0.0,"gold_gain":0.0,"event_name":"Lab","player_choice":"Got Potions","floor":14.0,"gold_loss":0.0,"damage_taken":0.0},{"damage_healed":0.0,"max_hp_gain":0.0,"max_hp_loss":0.0,"gold_gain":0.0,"event_name":"Vampires","player_choice":"Ignored","floor":29.0,"gold_loss":0.0,"damage_taken":0.0},{"cards_removed":["Vault"],"damage_healed":0.0,"max_hp_gain":0.0,"max_hp_loss":0.0,"gold_gain":0.0,"event_name":"Falling","player_choice":"Removed Skill","floor":36.0,"gold_loss":0.0,"damage_taken":0.0},{"damage_healed":0.0,"max_hp_gain":0.0,"max_hp_loss":0.0,"gold_gain":0.0,"event_name":"Designer","player_choice":"Upgraded Two","floor":38.0,"gold_loss":40.0,"damage_taken":0.0,"cards_upgraded":["CutThroughFate","JustLucky"]}],"is_beta":false,"boss_relics":[{"not_picked":["ReplayTheSpireMod:DimensionalGlitch","ChewingGum"],"picked":"Tiny House"},{"not_picked":["infinitespire:Cupcake","hubris:TerracottaHorce"],"picked":"Fusion Hammer"}],"items_purged_floors":[],"is_endless":false,"potions_floor_spawned":[6,11,12,25,39,45,48],"ascension_level":1}}