{"host":"f7rb14kzcw8hx1r1","time":1612963052,"event":{"mods":["BaseMod","Better Note","Better Third Choice","Colored Map","Highlight Path","Hubris","Minty Spire (QoL Compilation)","Replay The Spire","StSLib","The Forsaken"],"gold_per_floor":[118,43,43,55,55,67,98,113,140,168,168,68,68,41,41,136,136,116,116,116,116,132,132,132,146,146,146,163,193,206,206,206,310,310,326,226,239,239,258,292,17,49,74,108,108,108,458,490,490,490],"floor_reached":51,"language":"ENG","playtime":1622,"items_purged":["Strike_G","Strike_G","Strike_G"],"score":1009,"play_id":"b1bcfecf-0a2a-408f-88a6-5bcb176610ac","local_time":"20210210141732","is_ascension_mode":false,"campfire_choices":[{"data":"Neutralize","floor":11,"key":"SMITH"},{"data":"Deadly Poison","floor":13,"key":"SMITH"},{"data":"Footwork","floor":15,"key":"SMITH"},{"data":"Blade Dance","floor":24,"key":"SMITH"},{"data":"Dash","floor":27,"key":"SMITH"},{"data":"A Thousand Cuts","floor":32,"key":"SMITH"},{"data":"Accuracy","floor":49,"key":"SMITH"}],"circlet_count":0,"master_deck":["Defend_G","Defend_G+1","Defend_G+1","Defend_G","Survivor","Neutralize+1","Backstab","Dash+1","Blade Dance+1","Blade Dance+1","Accuracy+1","A Thousand Cuts+1","Accuracy","Replay:Bag of Tricks+1","Phantasmal Killer","Poisoned Stab","Sucker Punch+1","Escape Plan+1","Hidden Blade+1"],"relics":["Ring of the Snake","Juzu Bracelet","hubris:OldNail","Tiny Chest","betterThird:SlimedRelic","Coffee Dripper","Nloth\u0027s Gift","Dream Catcher","hubris:PeanutButter","hubris:ToyBattleship","ChewingGum","ReplayTheSpireMod:Lightbulb","theForsaken:Lifeblossom","Chameleon Ring","Pen Nib","Replay:Baseball","Simple Rune","Old Coin","hubris:Zylophone"],"acts_visited":["Exordium","TheCity","TheBeyond"],"potions_floor_usage":[23,23,35,40,48],"damage_taken":[{"damage":1,"enemies":"Cultist","floor":1,"turns":4},{"damage":1,"enemies":"Jaw Worm","floor":4,"turns":6},{"damage":0,"enemies":"Small Slimes","floor":6,"turns":3},{"damage":6,"enemies":"3 Sentries","floor":7,"turns":8},{"damage":3,"enemies":"2 Fungi Beasts","floor":8,"turns":3},{"damage":14,"enemies":"Gremlin Nob","floor":10,"turns":4},{"damage":0,"enemies":"The Guardian","floor":16,"turns":13},{"damage":4,"enemies":"2 Thieves","floor":18,"turns":4},{"damage":12,"enemies":"Spheric Guardian","floor":22,"turns":4},{"damage":4,"enemies":"Slavers","floor":23,"turns":3},{"damage":3,"enemies":"Snecko","floor":25,"turns":5},{"damage":0,"enemies":"Centurion and Healer","floor":28,"turns":8},{"damage":2,"enemies":"Gremlin Leader","floor":29,"turns":6},{"damage":2,"enemies":"Shelled Parasite and Fungi","floor":30,"turns":5},{"damage":0,"enemies":"Automaton","floor":33,"turns":6},{"damage":0,"enemies":"Orb Walker","floor":35,"turns":2},{"damage":0,"enemies":"3 Darklings","floor":37,"turns":3},{"damage":0,"enemies":"4 Shapes","floor":39,"turns":2},{"damage":7,"enemies":"Nemesis","floor":40,"turns":5},{"damage":0,"enemies":"Reptomancer","floor":42,"turns":3},{"damage":0,"enemies":"Giant Head","floor":44,"turns":3},{"damage":0,"enemies":"Mind Bloom Boss Battle","floor":47,"turns":3},{"damage":0,"enemies":"Nemesis","floor":48,"turns":3},{"damage":4,"enemies":"Awakened One","floor":50,"turns":4}],"seed_played":"-7732456824646491877","potions_obtained":[{"floor":7,"key":"SmokeBomb"},{"floor":8,"key":"EssenceOfSteel"},{"floor":16,"key":"SmokeBomb"},{"floor":28,"key":"DistilledChaos"},{"floor":30,"key":"SteroidPotion"},{"floor":39,"key":"SkillPotion"},{"floor":40,"key":"Flashbang"},{"floor":42,"key":"Elixir"},{"floor":47,"key":"Weak Potion"}],"is_trial":false,"path_per_floor":["M","$","?","M","?","M","E","M","T","E","R","$","R","?","R","B",null,"M","?","?","T","M","E","R","M","T","R","M","E","M","?","R","B",null,"M","NS","M","?","M","E","$","E","T","E","?","T","?","E","R","B",null],"character_chosen":"THE_SILENT","items_purchased":["theForsaken:Lifeblossom"],"campfire_rested":0,"item_purchase_floors":[41],"current_hp_per_floor":[69,69,69,68,68,68,62,59,59,45,45,45,45,34,34,34,70,66,66,66,66,54,50,50,47,47,47,47,45,43,43,43,43,70,70,70,70,70,70,63,63,68,68,70,70,70,70,70,70,66],"gold":490,"neow_bonus":"RANDOM_COMMON_RELIC","is_daily":false,"chose_seed":false,"campfire_upgraded":7,"win_rate":0.0,"timestamp":1612963052,"path_taken":["M","?","?","M","?","M","E","M","T","E","R","$","R","?","R","BOSS","M","?","?","?","M","E","R","M","T","R","M","E","M","?","R","BOSS","M","NS","M","?","M","E","$","E","T","E","?","?","?","E","R","BOSS"],"items_purchased_type":["Relic"],"build_version":"2020-12-22","purchased_purges":3,"victory":true,"max_hp_per_floor":[70,70,70,70,70,70,70,70,70,70,70,70,70,70,70,70,70,70,70,70,70,70,70,70,70,70,70,70,70,70,70,70,70,70,70,70,70,70,70,70,70,70,70,70,70,70,70,70,70,70],"card_choices":[{"not_picked":["Bane","Dagger Throw"],"picked":"Backstab","floor":1},{"not_picked":["PiercingWail","Bane"],"picked":"Deadly Poison","floor":4},{"not_picked":["Flying Knee","Deflect"],"picked":"Blade Dance","floor":6},{"not_picked":["Prepared","Quick Slash","Heel Hook"],"picked":"SKIP","floor":7},{"not_picked":["Skewer","Poisoned Stab"],"picked":"Footwork","floor":8},{"not_picked":["Dagger Spray","Outmaneuver","ReplayTheSpireMod:Scrap Shanks"],"picked":"SKIP","floor":10},{"not_picked":["Reflex","Sucker Punch+1"],"picked":"Blade Dance","floor":18},{"not_picked":["Bane","Underhanded Strike+1","Tactician"],"picked":"SKIP","floor":22},{"not_picked":["hubris:Counter","Backflip","Expertise"],"picked":"SKIP","floor":25},{"not_picked":["Slice","hubris:SlightOfHand"],"picked":"Accuracy","floor":28},{"not_picked":["hubris:SlightOfHand+1","Atom Bomb"],"picked":"A Thousand Cuts","floor":29},{"not_picked":["Dagger Spray","Quick Slash"],"picked":"Accuracy","floor":30},{"not_picked":["Glass Knife","Wraith Form v2"],"picked":"Phantasmal Killer","floor":33},{"not_picked":["Slice+1","Toxin Wave+1","Phantasmal Killer"],"picked":"SKIP","floor":35},{"not_picked":["Toxin Wave","Bane+1","ReplayTheSpireMod:Necrosis"],"picked":"SKIP","floor":37},{"not_picked":["Underhanded Strike+1","Deadly Poison+1"],"picked":"Sucker Punch+1","floor":39},{"not_picked":["Poison Darts","Dagger Spray","Backstab"],"picked":"SKIP","floor":40},{"not_picked":["Underhanded Strike","Sucker Punch","Poison Darts"],"picked":"SKIP","floor":42},{"not_picked":["Deflect","Slice"],"picked":"Escape Plan+1","floor":44},{"not_picked":["Sucker Punch+1","Dagger Throw"],"picked":"Hidden Blade+1","floor":47},{"not_picked":["Doppelganger","Slice+1","ReplayTheSpireMod:From All Sides"],"picked":"SKIP","floor":48}],"player_experience":968431,"relics_obtained":[{"floor":7,"key":"hubris:OldNail"},{"floor":9,"key":"Boot"},{"floor":10,"key":"Tiny Chest"},{"floor":21,"key":"Dream Catcher"},{"floor":26,"key":"hubris:PeanutButter"},{"floor":29,"key":"hubris:ToyBattleship"},{"floor":40,"key":"ReplayTheSpireMod:Lightbulb"},{"floor":42,"key":"Chameleon Ring"},{"floor":43,"key":"Pen Nib"},{"floor":44,"key":"Replay:Baseball"},{"floor":46,"key":"Simple Rune"},{"floor":47,"key":"Old Coin"},{"floor":48,"key":"hubris:Zylophone"}],"event_choices":[{"damage_healed":0,"gold_gain":0,"cards_transformed":["Strike_G"],"player_choice":"Change","damage_taken":0,"max_hp_gain":0,"max_hp_loss":0,"event_name":"Living Wall","floor":5,"gold_loss":0,"cards_obtained":["Dash"]},{"damage_healed":0,"gold_gain":0,"player_choice":"Slimed","damage_taken":11,"max_hp_gain":0,"max_hp_loss":0,"event_name":"betterThird:BetterGoop","floor":14,"gold_loss":27},{"damage_healed":0,"gold_gain":0,"player_choice":"Forge","damage_taken":0,"max_hp_gain":0,"max_hp_loss":0,"event_name":"Accursed Blacksmith","floor":19,"gold_loss":0,"cards_upgraded":["Blade Dance"]},{"damage_healed":0,"gold_gain":0,"player_choice":"Traded Relic","damage_taken":0,"relics_obtained":["Nloth\u0027s Gift"],"max_hp_gain":0,"max_hp_loss":0,"event_name":"N\u0027loth","floor":20,"relics_lost":["Boot"],"gold_loss":0},{"cards_removed":["Dash"],"damage_healed":0,"gold_gain":0,"player_choice":"Take \u0026 Give","damage_taken":0,"max_hp_gain":0,"max_hp_loss":0,"event_name":"betterNote:BetterNote","floor":31,"gold_loss":0,"cards_obtained":["Replay:Bag of Tricks"]},{"damage_healed":0,"gold_gain":0,"cards_transformed":["Strike_G"],"player_choice":"Transformed","damage_taken":0,"max_hp_gain":0,"max_hp_loss":0,"event_name":"Transmorgrifier","floor":38,"gold_loss":0,"cards_obtained":["Poisoned Stab"]},{"cards_removed":["Defend_G"],"damage_healed":0,"gold_gain":0,"player_choice":"Removed Skill","damage_taken":0,"max_hp_gain":0,"max_hp_loss":0,"event_name":"Falling","floor":45,"gold_loss":0},{"damage_healed":0,"gold_gain":0,"player_choice":"Fight","damage_taken":0,"max_hp_gain":0,"max_hp_loss":0,"event_name":"MindBloom","floor":47,"gold_loss":0}],"is_beta":false,"boss_relics":[{"not_picked":["Snecko Eye","hubris:Stopwatch"],"picked":"Coffee Dripper"},{"not_picked":["hubris:GrandSneckoEye","Pandora\u0027s Box"],"picked":"ChewingGum"}],"items_purged_floors":[2,12,41],"is_endless":false,"potions_floor_spawned":[7,8,16,23,28,30,39,40,42,47],"ascension_level":0}}