{"host":"vl29iwkwnyytuw8q","time":1612971143,"event":{"mods":["BaseMod","Minty Spire (QoL Compilation)","Permanent Neow","Relic Stats","StSLib"],"gold_per_floor":[119,119,137,148,163,163,192,10,10,28,57,57,77,104,104,178,178,198,198,19,69,83,83,115,131,131,146,146,86,86,6,6,84,84,104,120,120,120,120,120,148,162,187,187,187,187],"floor_reached":45,"language":"ENG","playtime":1480,"items_purged":["Strike_R","Strike_R"],"score":964,"play_id":"0b7c6137-f872-49f4-b208-0c13a8bcd966","local_time":"20210210163223","is_ascension_mode":true,"campfire_choices":[{"data":"Feed","floor":6.0,"key":"SMITH"},{"floor":12,"key":"REST"},{"floor":15,"key":"REST"},{"floor":23,"key":"REST"},{"floor":28,"key":"REST"},{"floor":32,"key":"REST"},{"floor":40,"key":"REST"},{"floor":44,"key":"REST"}],"circlet_count":0,"master_deck":["AscendersBane","Defend_R","Defend_R","Defend_R","Defend_R","Bash","Thunderclap","Disarm","Clothesline","Feed+1","Headbutt","Dual Wield","Shrug It Off","Uppercut","Apotheosis+1","Cleave","Iron Wave","Burning Pact","Bloodletting","Double Tap","Shockwave","Demon Form","Shrug It Off","Rupture","True Grit","Anger","Limit Break","Rage+1","Pommel Strike+1","Blood for Blood","Limit Break","Barricade"],"relics":["Sozu","Paper Frog","Mummified Hand","Oddly Smooth Stone","Juzu Bracelet","SlaversCollar","Pen Nib","The Courier","Astrolabe","Vajra","Red Skull"],"acts_visited":["Exordium","TheCity","TheBeyond"],"potions_floor_usage":[],"damage_taken":[{"damage":9.0,"enemies":"2 Louse","floor":1.0,"turns":3.0},{"damage":1.0,"enemies":"Cultist","floor":3.0,"turns":4.0},{"damage":5.0,"enemies":"Jaw Worm","floor":4.0,"turns":3.0},{"damage":6.0,"enemies":"Lots of Slimes","floor":5.0,"turns":3.0},{"damage":22.0,"enemies":"3 Sentries","floor":7.0,"turns":10.0},{"damage":5.0,"enemies":"Red Slaver","floor":10.0,"turns":2.0},{"damage":20,"enemies":"Lagavulin","floor":11,"turns":6},{"damage":6,"enemies":"Exordium Wildlife","floor":13,"turns":5},{"damage":19,"enemies":"3 Sentries","floor":14,"turns":5},{"damage":20,"enemies":"Hexaghost","floor":16,"turns":12},{"damage":15,"enemies":"Spheric Guardian","floor":18,"turns":4},{"damage":35,"enemies":"3 Byrds","floor":22,"turns":5},{"damage":30,"enemies":"Book of Stabbing","floor":24,"turns":6},{"damage":21,"enemies":"Centurion and Healer","floor":25,"turns":4},{"damage":30,"enemies":"Sentry and Sphere","floor":27,"turns":6},{"damage":52,"enemies":"Automaton","floor":33,"turns":11},{"damage":21,"enemies":"Orb Walker","floor":35,"turns":5},{"damage":63,"enemies":"3 Darklings","floor":36,"turns":7},{"damage":34,"enemies":"Reptomancer","floor":41,"turns":4},{"damage":29,"enemies":"4 Shapes","floor":42,"turns":9},{"damage":45,"enemies":"Sphere and 2 Shapes","floor":45,"turns":5}],"seed_played":"4153031709349522074","potions_obtained":[],"is_trial":false,"path_per_floor":["M","?","M","M","M","R","E","$","T","M","E","R","M","E","R","B",null,"M","?","$","?","M","R","E","M","T","M","R","$","?","$","R","B",null,"M","M","?","?","?","R","E","M","T","R","M"],"character_chosen":"IRONCLAD","items_purchased":["Apotheosis","Demon Form"],"campfire_rested":7,"item_purchase_floors":[8,20],"current_hp_per_floor":[59,59,61,59,56,56,38,38,38,37,17,44,42,27,57,41,88,77,77,77,77,46,79,53,36,36,10,47,47,47,47,84,32,101,84,25,25,25,25,62,28,3,3,41,0,0],"gold":187,"neow_bonus":"BOSS_RELIC","is_daily":false,"chose_seed":false,"campfire_upgraded":1,"win_rate":0.0,"timestamp":1612971143,"path_taken":["M","?","M","M","M","R","E","$","T","M","E","R","?","E","R","BOSS","M","?","$","?","M","R","E","M","T","M","R","$","?","$","R","BOSS","M","M","?","?","?","R","E","M","T","R","M"],"items_purchased_type":["Card","Card"],"build_version":"2020-12-22","purchased_purges":2,"victory":false,"max_hp_per_floor":[75,75,78,81,84,84,88,88,88,92,92,92,96,100,100,104,104,108,108,108,108,112,112,116,120,120,124,124,124,124,124,124,124,124,128,132,132,125,125,125,125,129,129,129,129,129],"relic_stats":{"Sozu":8,"counters":[21,119],"Mummified Hand":[8],"Astrolabe":["Rage","Pommel Strike","Evolve"],"Pen Nib":[8],"Juzu Bracelet":2,"obtain_stats":[{"Sozu":0,"SlaversCollar":17,"Mummified Hand":9,"Astrolabe":34,"Oddly Smooth Stone":11,"Vajra":41,"Pen Nib":24,"The Courier":26,"Juzu Bracelet":14,"Burning Blood":0,"Red Skull":43,"Paper Frog":7},{"Sozu":0,"SlaversCollar":10,"Mummified Hand":5,"Astrolabe":16,"Oddly Smooth Stone":7,"Vajra":19,"Pen Nib":13,"The Courier":14,"Juzu Bracelet":9,"Burning Blood":0,"Red Skull":20,"Paper Frog":5},{"Sozu":0,"SlaversCollar":53,"Mummified Hand":23,"Astrolabe":89,"Oddly Smooth Stone":31,"Vajra":105,"Pen Nib":68,"The Courier":72,"Juzu Bracelet":41,"Burning Blood":0,"Red Skull":114,"Paper Frog":23}]},"card_choices":[{"not_picked":["Pummel","Armaments"],"picked":"Thunderclap","floor":1.0},{"not_picked":["Perfected Strike","Wild Strike"],"picked":"Headbutt","floor":3.0},{"not_picked":["Seeing Red","Warcry"],"picked":"Dual Wield","floor":4.0},{"not_picked":["Clash","Pommel Strike"],"picked":"Shrug It Off","floor":5.0},{"not_picked":["Disarm","Flex"],"picked":"Uppercut","floor":7.0},{"not_picked":["Heavy Blade","Perfected Strike"],"picked":"Cleave","floor":10.0},{"not_picked":["Warcry","Berserk"],"picked":"Iron Wave","floor":11},{"not_picked":["Combust","Thunderclap"],"picked":"Burning Pact","floor":13},{"not_picked":["True Grit","Thunderclap"],"picked":"Bloodletting","floor":14},{"not_picked":["Limit Break","Fiend Fire"],"picked":"Double Tap","floor":16},{"not_picked":["Uppercut","Clothesline"],"picked":"Shockwave","floor":18},{"not_picked":["Power Through","Perfected Strike"],"picked":"Shrug It Off","floor":22},{"not_picked":["Searing Blow","Thunderclap"],"picked":"Rupture","floor":24},{"not_picked":["Sever Soul","Wild Strike"],"picked":"True Grit","floor":25},{"not_picked":["Wild Strike+1","Intimidate"],"picked":"Anger","floor":27},{"not_picked":["Bludgeon","Demon Form"],"picked":"Limit Break","floor":33},{"not_picked":["Reckless Charge+1","Havoc","Second Wind"],"picked":"SKIP","floor":35},{"not_picked":["Wild Strike","Headbutt+1"],"picked":"Blood for Blood","floor":36},{"not_picked":["Limit Break","Uppercut"],"picked":"Barricade","floor":41},{"not_picked":["Thunderclap","Warcry","Clash"],"picked":"SKIP","floor":42}],"player_experience":677765,"relics_obtained":[{"floor":7.0,"key":"Paper Frog"},{"floor":9.0,"key":"Mummified Hand"},{"floor":11,"key":"Oddly Smooth Stone"},{"floor":14,"key":"Juzu Bracelet"},{"floor":24,"key":"Pen Nib"},{"floor":26,"key":"The Courier"},{"floor":41,"key":"Vajra"},{"floor":43,"key":"Red Skull"}],"event_choices":[{"damage_healed":0.0,"max_hp_gain":0.0,"max_hp_loss":0.0,"gold_gain":0.0,"event_name":"Match and Keep!","player_choice":"3 cards matched","floor":2.0,"gold_loss":0.0,"damage_taken":0.0,"cards_obtained":["Disarm","Clothesline","Feed"]},{"damage_healed":0,"gold_gain":0,"player_choice":"Upgraded","damage_taken":0,"max_hp_gain":0,"max_hp_loss":0,"event_name":"Upgrade Shrine","floor":19,"gold_loss":0,"cards_upgraded":["Apotheosis"]},{"damage_healed":0,"gold_gain":50,"player_choice":"Pray","damage_taken":0,"max_hp_gain":0,"max_hp_loss":0,"event_name":"Golden Shrine","floor":21,"gold_loss":0},{"damage_healed":0,"gold_gain":0,"player_choice":"Ignored","damage_taken":0,"max_hp_gain":0,"max_hp_loss":0,"event_name":"Ghosts","floor":30,"gold_loss":0},{"damage_healed":0,"gold_gain":0,"cards_transformed":["Evolve"],"player_choice":"Transformed","damage_taken":0,"max_hp_gain":0,"max_hp_loss":0,"event_name":"Transmorgrifier","floor":37,"gold_loss":0,"cards_obtained":["Limit Break"]},{"damage_healed":0,"gold_gain":0,"player_choice":"Max HP","damage_taken":0,"max_hp_gain":0,"max_hp_loss":7,"event_name":"Winding Halls","floor":38,"gold_loss":0},{"damage_healed":0,"gold_gain":0,"player_choice":"Ignored","damage_taken":0,"max_hp_gain":0,"max_hp_loss":0,"event_name":"The Moai Head","floor":39,"gold_loss":0}],"is_beta":false,"boss_relics":[{"not_picked":["Tiny House","Black Star"],"picked":"SlaversCollar"},{"not_picked":["Velvet Choker","SacredBark"],"picked":"Astrolabe"}],"items_purged_floors":[29,31],"is_endless":false,"potions_floor_spawned":[3,7,11,13,27,33,36,42],"killed_by":"Sphere and 2 Shapes","ascension_level":18}}