{"host":"phniwng9zo19jwdb","time":1612923894,"event":{"mods":["AchievementEnabler","BaseMod","Colored Powertips","Dark Map","Faster Ascension Climbing","GifTheSpireLib","Minty Spire (QoL Compilation)","Permanent Neow","Rare Cards Sparkle","Relic Filter Mod","StSLib","Weighted Paths"],"gold_per_floor":[116,131,147,147,97,97,124,124,149,178,198,229,248,268,268,343,343,362,376,388,35,35,35,65,65,65,65,97,107,119,152,152,225,225,242,257,257,257,268,302,312,312,312,312,312],"floor_reached":44,"language":"ENG","playtime":2067,"items_purged":["Strike_B"],"score":884,"play_id":"89657ab8-be8c-4f26-8a8e-e528511e3aee","local_time":"20210210032454","is_ascension_mode":true,"campfire_choices":[{"data":"Double Energy","floor":6.0,"key":"SMITH"},{"data":"Defragment","floor":8.0,"key":"SMITH"},{"data":"Self Repair","floor":15.0,"key":"SMITH"},{"data":"Apotheosis","floor":23.0,"key":"SMITH"},{"data":"Hologram","floor":25.0,"key":"SMITH"},{"floor":27.0,"key":"REST"},{"data":"Echo Form","floor":32.0,"key":"SMITH"},{"data":"Buffer","floor":42,"key":"SMITH"}],"circlet_count":0,"master_deck":["AscendersBane","Strike_B","Strike_B","Strike_B","Defend_B","Defend_B","Defend_B","Defend_B","Zap","Reboot","Defragment+1","Glacier","Double Energy+1","Defragment+1","Self Repair+1","Loop","Loop","Buffer+1","Echo Form+1","Hologram+1","BootSequence","Streamline","Apotheosis+1","Finesse","Conserve Battery+1","Tempest+1","Force Field+1","BootSequence+1","Capacitor+1","Creative AI","Loop","Conserve Battery+1","Self Repair+1","Conserve Battery+1"],"relics":["Cracked Core","Orichalcum","Nunchaku","Ice Cream","Happy Flower","Nuclear Battery","Toxic Egg 2","Dream Catcher","Gremlin Horn","Bag of Marbles","Eternal Feather","Coffee Dripper","Centennial Puzzle","Singing Bowl"],"acts_visited":["Exordium","TheCity","TheBeyond"],"potions_floor_usage":[41,44],"damage_taken":[{"damage":0.0,"enemies":"2 Louse","floor":1.0,"turns":2.0},{"damage":7.0,"enemies":"Jaw Worm","floor":2.0,"turns":4.0},{"damage":0.0,"enemies":"Cultist","floor":3.0,"turns":3.0},{"damage":6.0,"enemies":"Lagavulin","floor":7.0,"turns":8.0},{"damage":18.0,"enemies":"Gremlin Nob","floor":10.0,"turns":7.0},{"damage":0.0,"enemies":"3 Louse","floor":11.0,"turns":4.0},{"damage":10.0,"enemies":"3 Sentries","floor":12.0,"turns":12.0},{"damage":0.0,"enemies":"Looter","floor":13.0,"turns":4.0},{"damage":0.0,"enemies":"Red Slaver","floor":14.0,"turns":4.0},{"damage":24.0,"enemies":"Hexaghost","floor":16.0,"turns":10.0},{"damage":4.0,"enemies":"Spheric Guardian","floor":18.0,"turns":7.0},{"damage":18.0,"enemies":"Chosen","floor":19.0,"turns":5.0},{"damage":7.0,"enemies":"Sentry and Sphere","floor":20.0,"turns":11.0},{"damage":55.0,"enemies":"Slavers","floor":24.0,"turns":8.0},{"damage":10.0,"enemies":"Gremlin Leader","floor":28.0,"turns":7.0},{"damage":6.0,"enemies":"Centurion and Healer","floor":29.0,"turns":5.0},{"damage":6.0,"enemies":"3 Cultists","floor":30.0,"turns":5.0},{"damage":35.0,"enemies":"Slavers","floor":31.0,"turns":7.0},{"damage":35.0,"enemies":"Collector","floor":33.0,"turns":7.0},{"damage":3.0,"enemies":"3 Shapes","floor":35.0,"turns":6.0},{"damage":32.0,"enemies":"3 Darklings","floor":36.0,"turns":8.0},{"damage":0.0,"enemies":"Spire Growth","floor":39.0,"turns":7.0},{"damage":32.0,"enemies":"Giant Head","floor":40.0,"turns":12.0},{"damage":3,"enemies":"Transient","floor":41,"turns":5},{"damage":77,"enemies":"Reptomancer","floor":44,"turns":2}],"seed_played":"-6561227725309424880","potions_obtained":[{"floor":3.0,"key":"LiquidBronze"},{"floor":7.0,"key":"ColorlessPotion"},{"floor":10.0,"key":"FearPotion"},{"floor":12.0,"key":"SpeedPotion"},{"floor":20.0,"key":"SkillPotion"},{"floor":24.0,"key":"SmokeBomb"},{"floor":29.0,"key":"Fire Potion"},{"floor":30.0,"key":"Dexterity Potion"},{"floor":31.0,"key":"Ancient Potion"},{"floor":41,"key":"FocusPotion"}],"is_trial":false,"path_per_floor":["M","M","M","?","?","R","E","R","T","E","M","E","M","M","R","B",null,"M","M","M","$","?","R","E","R","T","R","E","M","M","E","R","B",null,"M","M","T","?","M","E","M","R","T","E"],"character_chosen":"DEFECT","items_purchased":["Apotheosis","Finesse"],"campfire_rested":1,"item_purchase_floors":[21,21],"current_hp_per_floor":[64,57,57,57,57,57,51,51,51,33,40,37,44,51,51,37,63,71,71,71,71,71,71,26,26,26,47,57,71,71,56,71,46,65,62,50,50,50,50,28,35,53,53,0,0],"gold":312,"neow_bonus":"ONE_RANDOM_RARE_CARD","is_daily":false,"chose_seed":false,"campfire_upgraded":7,"win_rate":0.0,"timestamp":1612923894,"path_taken":["M","M","M","?","?","R","E","R","T","E","M","E","M","M","R","BOSS","M","M","M","$","?","R","E","R","T","R","E","M","M","E","R","BOSS","M","M","?","?","M","E","M","R","T","E"],"items_purchased_type":["Card","Card"],"build_version":"2020-12-22","purchased_purges":1,"victory":false,"max_hp_per_floor":[71,71,71,71,71,71,71,71,71,71,71,71,71,71,71,71,71,71,71,71,71,71,71,71,71,71,71,71,71,71,71,71,71,71,71,71,71,71,71,71,71,71,71,71,71],"card_choices":[{"not_picked":["Hologram","Rebound"],"picked":"Defragment","floor":1.0},{"not_picked":["Sweeping Beam","Barrage"],"picked":"Glacier","floor":2.0},{"not_picked":["Ball Lightning","Hello World"],"picked":"Double Energy","floor":3.0},{"not_picked":["Sweeping Beam","Rebound"],"picked":"Defragment","floor":7.0},{"not_picked":["Barrage","Steam"],"picked":"Self Repair","floor":10.0},{"not_picked":["Storm","Stack"],"picked":"Gash","floor":11.0},{"not_picked":["White Noise","Melter"],"picked":"Loop","floor":12.0},{"not_picked":["Ball Lightning","Cold Snap"],"picked":"Loop","floor":13.0},{"not_picked":["Fusion","Auto Shields"],"picked":"Buffer","floor":14.0},{"not_picked":["Multi-Cast","Rainbow"],"picked":"Echo Form","floor":16.0},{"not_picked":["Barrage","Coolheaded"],"picked":"Hologram","floor":18.0},{"not_picked":["Glacier","Self Repair"],"picked":"BootSequence","floor":19.0},{"not_picked":["Redo+1","Gash"],"picked":"Streamline","floor":20.0},{"not_picked":["Streamline","Steam Power+1"],"picked":"Conserve Battery+1","floor":24.0},{"not_picked":["Aggregate+1","Compile Driver"],"picked":"Tempest+1","floor":27.0},{"not_picked":["Steam+1","Reinforced Body+1"],"picked":"Force Field+1","floor":28.0},{"not_picked":["Redo+1","Steam+1"],"picked":"BootSequence+1","floor":29.0},{"not_picked":["Conserve Battery+1","Undo+1"],"picked":"Capacitor+1","floor":30.0},{"not_picked":["Streamline","Rebound","Steam+1"],"picked":"SKIP","floor":31.0},{"not_picked":["Amplify+1","Buffer"],"picked":"Creative AI","floor":33.0},{"not_picked":["Sweeping Beam+1","Streamline"],"picked":"Loop","floor":35.0},{"not_picked":["Gash","Steam Power+1","Turbo+1"],"picked":"SKIP","floor":36.0},{"not_picked":["Darkness+1","Gash"],"picked":"Conserve Battery+1","floor":39.0},{"not_picked":["Ball Lightning","Force Field+1"],"picked":"Self Repair+1","floor":40.0},{"not_picked":["Turbo+1","Barrage"],"picked":"Conserve Battery+1","floor":41}],"player_experience":93726,"relics_obtained":[{"floor":7.0,"key":"Orichalcum"},{"floor":9.0,"key":"Nunchaku"},{"floor":10.0,"key":"Ice Cream"},{"floor":12.0,"key":"Happy Flower"},{"floor":24.0,"key":"Dream Catcher"},{"floor":26.0,"key":"Gremlin Horn"},{"floor":28.0,"key":"Bag of Marbles"},{"floor":31.0,"key":"Eternal Feather"},{"floor":40.0,"key":"Centennial Puzzle"},{"floor":43,"key":"Singing Bowl"}],"event_choices":[{"damage_healed":0.0,"max_hp_gain":0.0,"max_hp_loss":0.0,"gold_gain":0.0,"event_name":"Living Wall","player_choice":"Grow","floor":4.0,"gold_loss":0.0,"damage_taken":0.0,"cards_upgraded":["Defragment"]},{"cards_removed":["Dualcast"],"damage_healed":0.0,"max_hp_gain":0.0,"max_hp_loss":0.0,"gold_gain":0.0,"event_name":"The Cleric","player_choice":"Card Removal","floor":5.0,"gold_loss":50.0,"damage_taken":0.0},{"damage_healed":0.0,"max_hp_gain":0.0,"max_hp_loss":0.0,"gold_gain":0.0,"event_name":"WeMeetAgain","player_choice":"Gave Potion","floor":22.0,"gold_loss":0.0,"damage_taken":0.0,"relics_obtained":["Toxic Egg 2"]},{"cards_removed":["Gash"],"damage_healed":0.0,"max_hp_gain":0.0,"max_hp_loss":0.0,"gold_gain":0.0,"event_name":"Falling","player_choice":"Removed Attack","floor":38.0,"gold_loss":0.0,"damage_taken":0.0}],"is_beta":false,"boss_relics":[{"not_picked":["Pandora\u0027s Box","SacredBark"],"picked":"Nuclear Battery"},{"not_picked":["Snecko Eye","Calling Bell"],"picked":"Coffee Dripper"}],"items_purged_floors":[21],"is_endless":false,"potions_floor_spawned":[3,7,10,12,20,24,29,30,31,36,41],"killed_by":"Reptomancer","ascension_level":14}}