{"host":"k5fgrtcqzqosfxt0","time":1612968682,"event":{"mods":["Act Like it!","Aspiration","BaseMod","Downfall","Gensokyo","Minty Spire (QoL Compilation)","MostiFishMod","StSLib","TestMod","UnlockEverythingMod"],"gold_per_floor":[109,34,50,60,60,88,88,113,113,144,144,155,155,155,155,229,229,241,641,442,461,461,461,491,491,562,588,488,488,488],"floor_reached":29,"language":"ZHS","playtime":914,"items_purged":["Strike_R","Strike_R","Strike_R"],"score":604,"play_id":"0246d746-583e-46cd-aa90-2b949122b5b1","local_time":"20210210225122","is_ascension_mode":true,"campfire_choices":[{"data":"Armaments","floor":7.0,"key":"SMITH"},{"floor":11.0,"key":"REST"},{"data":"Pommel Strike","floor":15.0,"key":"SMITH"},{"data":"Offering","floor":23.0,"key":"SMITH"}],"circlet_count":0,"master_deck":["AscendersBane","Defend_R","Defend_R","Defend_R","Defend_R","Bash","Armaments+1","Pommel Strike+1","Offering+1","Rampage","Shrug It Off","Fiend Fire","Shrug It Off+1","Impatience+1","True Grit+1","Feel No Pain"],"relics":["testmod-TestBox","DaveBox","testmod-Recursion","testmod-Temperance","Oddly Smooth Stone","aspiration:Lifesprig","The Courier","Dream Catcher","Toxic Egg 2","testmod-CardMagician","Darkstone Periapt","HollowDreamFlower"],"acts_visited":["Exordium","TheCity"],"potions_floor_usage":[29],"damage_taken":[{"damage":1.0,"enemies":"Cultist","floor":1.0,"turns":3.0},{"damage":5.0,"enemies":"Small Slimes","floor":3.0,"turns":4.0},{"damage":0.0,"enemies":"2 Louse","floor":4.0,"turns":4.0},{"damage":17.0,"enemies":"Gremlin Nob","floor":6.0,"turns":3.0},{"damage":19.0,"enemies":"Lagavulin","floor":8.0,"turns":6.0},{"damage":14.0,"enemies":"Gremlin Nob","floor":10.0,"turns":3.0},{"damage":6.0,"enemies":"2 Fungi Beasts","floor":12.0,"turns":2.0},{"damage":8.0,"enemies":"The Guardian","floor":16.0,"turns":11.0},{"damage":6.0,"enemies":"2 Thieves","floor":18.0,"turns":2.0},{"damage":6.0,"enemies":"Spheric Guardian","floor":21.0,"turns":3.0},{"damage":37.0,"enemies":"Slavers","floor":24.0,"turns":3.0},{"damage":6.0,"enemies":"Book of Stabbing","floor":27.0,"turns":3.0},{"damage":12,"enemies":"Shelled Parasite and Fungi","floor":29,"turns":1}],"seed_played":"2564569410670190949","potions_obtained":[{"floor":4.0,"key":"ColorlessPotion"},{"floor":8.0,"key":"Fire Potion"},{"floor":12.0,"key":"SkillPotion"}],"is_trial":false,"path_per_floor":["M","$","M","M","?","E","R","E","T","E","R","M","?","?","R","B",null,"M","?","$","M","?","R","E","?","T","E","$","M"],"character_chosen":"IRONCLAD","items_purchased":["Impatience+1","True Grit+1"],"campfire_rested":1,"item_purchase_floors":[20,20],"current_hp_per_floor":[67,67,62,62,62,45,45,26,26,12,34,28,28,28,28,20,61,55,55,55,49,49,49,12,12,12,6,6,0,0],"gold":488,"neow_bonus":"BOSS_RELIC","is_daily":false,"chose_seed":false,"campfire_upgraded":3,"win_rate":0.0,"timestamp":1612968682,"path_taken":["M","?","M","?","?","E","R","E","T","E","R","?","?","?","R","BOSS","M","?","$","M","?","R","E","?","T","E","$","M"],"items_purchased_type":["Card","Card"],"build_version":"2020-12-22","purchased_purges":3,"victory":false,"max_hp_per_floor":[75,75,75,75,75,75,75,75,75,75,75,75,75,75,75,75,75,75,75,75,75,75,75,75,75,75,75,75,75,75],"card_choices":[{"not_picked":["Cleave","Heavy Blade","Rupture"],"picked":"SKIP","floor":1.0},{"not_picked":["Sever Soul","Twin Strike","Anger","Cleave"],"picked":"Armaments","floor":3.0},{"not_picked":["Entrench","Perfected Strike","Sentinel","Second Wind"],"picked":"Pommel Strike","floor":4.0},{"not_picked":["Fire Breathing","Clash","Corruption","Iron Wave"],"picked":"Rampage","floor":6.0},{"not_picked":["Clothesline","Iron Wave","Warcry","Blood for Blood","Whirlwind"],"picked":"SKIP","floor":8.0},{"not_picked":["Seeing Red","Body Slam","Pommel Strike","Anger"],"picked":"Shrug It Off","floor":10.0},{"not_picked":["MostiFishMod:#F4004","Searing Blow","Thunderclap","Twin Strike","Fire Breathing"],"picked":"SKIP","floor":12.0},{"not_picked":["MostiFishMod:KnuckleDown+1","Corruption","MostiFishMod:FlyOverUtopia+1","MostiFishMod:404NotFound"],"picked":"Fiend Fire","floor":16.0},{"not_picked":["Armaments+1","Combust","Havoc+1","Wild Strike"],"picked":"Shrug It Off+1","floor":18.0},{"not_picked":["MostiFishMod:#F4004+1","Body Slam","Hemokinesis+1"],"picked":"SKIP","floor":21.0},{"not_picked":["True Grit+1","Shrug It Off+1"],"picked":"Feel No Pain","floor":24.0},{"not_picked":["Thunderclap","Rupture","Dropkick"],"picked":"SKIP","floor":27.0}],"player_experience":640311,"relics_obtained":[{"floor":1.0,"key":"SynthV:TestCard"},{"floor":6.0,"key":"Oddly Smooth Stone"},{"floor":8.0,"key":"aspiration:Lifesprig"},{"floor":9.0,"key":"The Courier"},{"floor":10.0,"key":"Dream Catcher"},{"floor":24.0,"key":"Darkstone Periapt"},{"floor":27.0,"key":"HollowDreamFlower"}],"event_choices":[{"damage_healed":0.0,"max_hp_gain":0.0,"max_hp_loss":0.0,"gold_gain":0.0,"event_name":"Match and Keep!","player_choice":"1 cards matched","floor":5.0,"gold_loss":0.0,"damage_taken":0.0,"cards_obtained":["Offering"]},{"damage_healed":0.0,"max_hp_gain":0.0,"max_hp_loss":0.0,"gold_gain":0.0,"event_name":"Scrap Ooze","player_choice":"Fled","floor":13.0,"gold_loss":0.0,"damage_taken":0.0},{"damage_healed":0.0,"max_hp_gain":0.0,"max_hp_loss":0.0,"gold_gain":400.0,"event_name":"¶÷ÂåË¹µÄÅÌ×Ó","player_choice":"Sell","floor":19.0,"relics_lost":["SynthV:TestCard"],"gold_loss":0.0,"damage_taken":0.0}],"is_beta":false,"boss_relics":[{"not_picked":["GuanYuAspect","Snecko Eye"],"picked":"testmod-CardMagician"}],"items_purged_floors":[2,20,28],"is_endless":false,"potions_floor_spawned":[4,8,12,21,24],"killed_by":"Shelled Parasite and Fungi","ascension_level":20}}