{"host":"n4fty02wqqi95laq","time":1612929123,"event":{"mods":["BaseMod","Highlight Path","Minty Spire (QoL Compilation)","Quick Restart","Rare Cards Sparkle","StSLib"],"gold_per_floor":[112,112,127,52,52,52,71,90,90,124,142,168,178,192,192,270,270,283,10,10,10,21,21,71,71,94,128,145,145,157,72,72,146,146,163,163,180,196,71,102,102,136,136,186,215,225,225,243,243,243,243,243,243,38,73,73],"floor_reached":57,"language":"ZHS","playtime":11614,"items_purged":["Strike_G","Strike_G","Defend_G"],"score":3044,"play_id":"6501d603-25b1-487f-8dce-703801796396","local_time":"20210210115203","is_ascension_mode":true,"campfire_choices":[{"data":"Neutralize","floor":6.0,"key":"SMITH"},{"data":"Strike_G","floor":15.0,"key":"PURGE"},{"data":"Strike_G","floor":23.0,"key":"PURGE"},{"data":"Blade Dance","floor":25.0,"key":"PURGE"},{"data":"Predator","floor":29.0,"key":"PURGE"},{"data":"Defend_G","floor":32.0,"key":"PURGE"},{"data":"Defend_G","floor":47.0,"key":"PURGE"},{"floor":49.0,"key":"RECALL"},{"data":"Defend_G","floor":53.0,"key":"PURGE"}],"circlet_count":0,"master_deck":["AscendersBane","Defend_G","Survivor","Neutralize+1","Apotheosis+1","Acrobatics","Well Laid Plans","Noxious Fumes","Venomology","Prepared","Grand Finale","Backflip","Reflex","Venomology+1","Expertise+1","Escape Plan+1","Deflect+1","Madness+1","Madness+1","Night Terror+1","Impatience+1","Adrenaline+1"],"relics":["Ring of the Snake","Peace Pipe","CaptainsWheel","Juzu Bracelet","Fusion Hammer","Medical Kit","Toxic Egg 2","Ornamental Fan","WristBlade","Gremlin Horn","Frozen Egg 2","Snake Skull","Bird Faced Urn","Blood Vial"],"acts_visited":["Exordium","TheCity","TheBeyond","TheEnding"],"potions_floor_usage":[56,56,56],"damage_taken":[{"damage":0.0,"enemies":"Cultist","floor":1.0,"turns":4.0},{"damage":0.0,"enemies":"2 Louse","floor":3.0,"turns":4.0},{"damage":1.0,"enemies":"Small Slimes","floor":7.0,"turns":4.0},{"damage":0.0,"enemies":"Looter","floor":8.0,"turns":4.0},{"damage":8.0,"enemies":"Lagavulin","floor":10.0,"turns":7.0},{"damage":0.0,"enemies":"Large Slime","floor":11.0,"turns":7.0},{"damage":17.0,"enemies":"3 Sentries","floor":12.0,"turns":9.0},{"damage":5.0,"enemies":"Gremlin Gang","floor":13.0,"turns":4.0},{"damage":0.0,"enemies":"Red Slaver","floor":14.0,"turns":3.0},{"damage":12.0,"enemies":"Slime Boss","floor":16.0,"turns":10.0},{"damage":0.0,"enemies":"Chosen","floor":18.0,"turns":3.0},{"damage":5.0,"enemies":"2 Thieves","floor":22.0,"turns":4.0},{"damage":18.0,"enemies":"Slavers","floor":27.0,"turns":4.0},{"damage":0.0,"enemies":"Sentry and Sphere","floor":28.0,"turns":5.0},{"damage":0.0,"enemies":"Snake Plant","floor":30.0,"turns":3.0},{"damage":0.0,"enemies":"Collector","floor":33.0,"turns":3.0},{"damage":0.0,"enemies":"3 Shapes","floor":35.0,"turns":3.0},{"damage":0.0,"enemies":"3 Darklings","floor":37.0,"turns":2.0},{"damage":0.0,"enemies":"Sphere and 2 Shapes","floor":38.0,"turns":2.0},{"damage":8.0,"enemies":"Nemesis","floor":40.0,"turns":5.0},{"damage":1.0,"enemies":"Reptomancer","floor":42.0,"turns":2.0},{"damage":0.0,"enemies":"Giant Head","floor":45.0,"turns":3.0},{"damage":2.0,"enemies":"Writhing Mass","floor":46.0,"turns":3.0},{"damage":0.0,"enemies":"3 Darklings","floor":48.0,"turns":1.0},{"damage":0.0,"enemies":"Donu and Deca","floor":50.0,"turns":2.0},{"damage":2.0,"enemies":"Awakened One","floor":51.0,"turns":4.0},{"damage":0.0,"enemies":"Shield and Spear","floor":55.0,"turns":2.0},{"damage":19,"enemies":"The Heart","floor":56,"turns":6}],"seed_played":"3261757865328562399","potions_obtained":[{"floor":3.0,"key":"Swift Potion"},{"floor":8.0,"key":"BlessingOfTheForge"},{"floor":13.0,"key":"ColorlessPotion"},{"floor":16.0,"key":"Block Potion"},{"floor":22.0,"key":"Fire Potion"},{"floor":27.0,"key":"SpeedPotion"}],"is_trial":false,"path_per_floor":["M","?","M","$","?","R","M","M","T","E","M","E","M","M","R","B",null,"M","$","?","?","M","R","?","R","T","E","M","R","M","?","R","B",null,"M","?","M","M","$","E","?","E","T","?","E","M","R","M","R","B","B",null,"R","$","E","B",null],"character_chosen":"THE_SILENT","items_purchased":["Medical Kit","GhostInAJar","Impatience+1"],"campfire_rested":0,"item_purchase_floors":[19,54,54],"current_hp_per_floor":[59,59,59,59,59,59,58,58,58,50,50,33,28,28,28,16,49,49,49,49,49,44,44,44,44,44,26,26,26,26,26,26,26,52,52,52,52,52,52,44,33,32,32,32,32,34,34,38,38,42,44,56,56,56,60,45],"gold":73,"neow_bonus":"RANDOM_COLORLESS_2","is_daily":false,"chose_seed":false,"campfire_upgraded":1,"win_rate":0.0,"timestamp":1612929123,"path_taken":["M","?","M","?","?","R","M","M","T","E","?","E","M","M","R","BOSS","M","$","?","?","M","R","?","R","T","E","M","R","M","?","R","BOSS","M","?","M","M","$","E","?","E","T","?","E","M","R","M","R","BOSS","BOSS","R","$","E","BOSS"],"items_purchased_type":["Relic","Potion","Card"],"build_version":"2020-12-22","purchased_purges":3,"victory":true,"max_hp_per_floor":[60,60,60,60,60,60,60,60,60,60,60,60,60,60,60,60,60,60,60,60,60,60,60,60,60,60,60,60,60,60,60,60,60,60,60,60,60,60,60,60,60,60,60,60,60,60,60,60,60,60,60,60,60,60,60,60],"card_choices":[{"not_picked":["Sadistic Nature","Transmutation"],"picked":"Apotheosis","floor":0.0},{"not_picked":["Slice","Infinite Blades"],"picked":"Acrobatics","floor":1.0},{"not_picked":["Masterful Stab","Dagger Spray"],"picked":"Blade Dance","floor":3.0},{"not_picked":["Predator","Flechettes"],"picked":"Well Laid Plans","floor":7.0},{"not_picked":["Dodge and Roll","Well Laid Plans"],"picked":"Noxious Fumes","floor":8.0},{"not_picked":["Dagger Spray","Blade Dance"],"picked":"Venomology","floor":10.0},{"not_picked":["Setup","Poisoned Stab"],"picked":"Prepared","floor":11.0},{"not_picked":["Dodge and Roll","Outmaneuver"],"picked":"Predator","floor":12.0},{"not_picked":["Bane","Dash","Dodge and Roll"],"picked":"SKIP","floor":13.0},{"not_picked":["Acrobatics","Dagger Spray","Prepared"],"picked":"SKIP","floor":14.0},{"not_picked":["Doppelganger","Malaise"],"picked":"Grand Finale","floor":16.0},{"not_picked":["Flechettes","Dodge and Roll"],"picked":"Backflip","floor":18.0},{"not_picked":["Prepared+1","Outmaneuver","All Out Attack"],"picked":"SKIP","floor":22.0},{"not_picked":["Reflex+1","Underhanded Strike"],"picked":"Venomology+1","floor":27.0},{"not_picked":["Underhanded Strike","Dagger Throw","Skewer"],"picked":"SKIP","floor":28.0},{"not_picked":["Terror+1","Deadly Poison+1"],"picked":"Expertise+1","floor":30.0},{"not_picked":["Backflip+1","Poisoned Stab","Crippling Poison+1"],"picked":"SKIP","floor":35.0},{"not_picked":["Distraction+1","Slice+1"],"picked":"Escape Plan+1","floor":37.0},{"not_picked":["Leg Sweep+1","Infinite Blades","Deflect+1"],"picked":"SKIP","floor":38.0},{"not_picked":["Blade Dance+1","Poisoned Stab"],"picked":"Deflect+1","floor":40.0},{"not_picked":["Reflex+1","Backflip+1"],"picked":"Night Terror+1","floor":42.0},{"not_picked":["Blur+1","Dodge and Roll+1","Outmaneuver+1"],"picked":"SKIP","floor":45.0},{"not_picked":["Underhanded Strike","Deadly Poison+1","Dagger Spray"],"picked":"SKIP","floor":46.0},{"not_picked":["Leg Sweep+1","Escape Plan+1","Deflect+1"],"picked":"SKIP","floor":48.0},{"not_picked":["Backflip+1","Dodge and Roll+1"],"picked":"Adrenaline+1","floor":55.0}],"player_experience":715430,"relics_obtained":[{"floor":9.0,"key":"Peace Pipe"},{"floor":10.0,"key":"CaptainsWheel"},{"floor":12.0,"key":"Juzu Bracelet"},{"floor":27.0,"key":"Toxic Egg 2"},{"floor":40.0,"key":"Gremlin Horn"},{"floor":42.0,"key":"Frozen Egg 2"},{"floor":43.0,"key":"Snake Skull"},{"floor":45.0,"key":"Bird Faced Urn"},{"floor":55.0,"key":"Blood Vial"}],"event_choices":[{"damage_healed":0.0,"max_hp_gain":0.0,"max_hp_loss":0.0,"gold_gain":0.0,"event_name":"Upgrade Shrine","player_choice":"Upgraded","floor":2.0,"gold_loss":0.0,"damage_taken":0.0,"cards_upgraded":["Apotheosis"]},{"cards_removed":["Strike_G"],"damage_healed":0.0,"max_hp_gain":0.0,"max_hp_loss":0.0,"gold_gain":0.0,"event_name":"Bonfire Elementals","player_choice":"Offered Basic","floor":5.0,"gold_loss":0.0,"damage_taken":0.0},{"damage_healed":0.0,"max_hp_gain":0.0,"max_hp_loss":0.0,"gold_gain":0.0,"event_name":"The Mausoleum","player_choice":"Ignored","floor":20.0,"gold_loss":0.0,"damage_taken":0.0},{"damage_healed":0.0,"max_hp_gain":0.0,"max_hp_loss":0.0,"gold_gain":0.0,"event_name":"The Library","player_choice":"Read","floor":21.0,"gold_loss":0.0,"damage_taken":0.0,"cards_obtained":["Reflex"]},{"damage_healed":0.0,"max_hp_gain":0.0,"max_hp_loss":0.0,"gold_gain":50.0,"event_name":"Golden Shrine","player_choice":"Pray","floor":24.0,"gold_loss":0.0,"damage_taken":0.0},{"damage_healed":0.0,"max_hp_gain":0.0,"max_hp_loss":0.0,"gold_gain":0.0,"event_name":"Addict","player_choice":"Obtained Relic","floor":31.0,"gold_loss":85.0,"damage_taken":0.0,"relics_obtained":["Ornamental Fan"]},{"damage_healed":0.0,"max_hp_gain":0.0,"max_hp_loss":0.0,"gold_gain":0.0,"event_name":"Tomb of Lord Red Mask","player_choice":"Ignored","floor":36.0,"gold_loss":0.0,"damage_taken":0.0},{"damage_healed":0.0,"max_hp_gain":0.0,"max_hp_loss":0.0,"gold_gain":0.0,"event_name":"Winding Halls","player_choice":"Embrace Madness","floor":41.0,"gold_loss":0.0,"damage_taken":11.0,"cards_obtained":["Madness","Madness"]},{"damage_healed":0.0,"max_hp_gain":0.0,"max_hp_loss":0.0,"gold_gain":50.0,"event_name":"Golden Shrine","player_choice":"Pray","floor":44.0,"gold_loss":0.0,"damage_taken":0.0}],"is_beta":false,"boss_relics":[{"not_picked":["Tiny House","Runic Dome"],"picked":"Fusion Hammer"},{"not_picked":["Sozu","Velvet Choker"],"picked":"WristBlade"}],"items_purged_floors":[4,19,39],"is_endless":false,"potions_floor_spawned":[3,8,12,13,16,22,27,38,48],"ascension_level":20}}