{"host":"sxnl403xm2xmiyj1","time":1612956896,"event":{"mods":["AchievementEnabler","BaseMod","Colored Map","Keyboard Shortcuts","Minty Spire (QoL Compilation)","Quick Restart","StSLib","SuperFastMode"],"gold_per_floor":[412,412,412,430,446,489,8,41,88,107,151,8,32,75,75,75,75],"floor_reached":16,"language":"KOR","playtime":235,"items_purged":[],"score":279,"play_id":"8884572f-4908-4fac-ba56-eb13a7e80205","local_time":"20210210203456","is_ascension_mode":true,"campfire_choices":[{"data":"Phantasmal Killer","floor":15.0,"key":"SMITH"}],"circlet_count":0,"master_deck":["AscendersBane","Strike_G","Strike_G","Strike_G","Strike_G","Defend_G","Defend_G","Defend_G","Defend_G","Defend_G","Survivor","Neutralize","Slice","Phantasmal Killer+1","Blade Dance","Poisoned Stab","Deflect","Masterful Stab","Blade Dance","Dagger Throw","Escape Plan","Footwork","Masterful Stab","PiercingWail","Blade Dance","Cloak And Dagger","After Image"],"relics":["Ring of the Snake","Old Coin","Golden Idol","The Courier","PreservedInsect","HornCleat","Potion Belt","Tiny Chest","Strawberry","Darkstone Periapt"],"acts_visited":["Exordium"],"potions_floor_usage":[],"damage_taken":[{"damage":1.0,"enemies":"Small Slimes","floor":1.0,"turns":4.0},{"damage":0.0,"enemies":"2 Louse","floor":4.0,"turns":3.0},{"damage":0.0,"enemies":"Cultist","floor":5.0,"turns":3.0},{"damage":16.0,"enemies":"Gremlin Nob","floor":6.0,"turns":4.0},{"damage":6.0,"enemies":"Lagavulin","floor":8.0,"turns":3.0},{"damage":1.0,"enemies":"Looter","floor":10.0,"turns":3.0},{"damage":0.0,"enemies":"Gremlin Nob","floor":11.0,"turns":3.0},{"damage":0.0,"enemies":"Exordium Wildlife","floor":13.0,"turns":2.0},{"damage":1.0,"enemies":"3 Sentries","floor":14.0,"turns":5.0},{"damage":23,"enemies":"Slime Boss","floor":16,"turns":3}],"seed_played":"5543694336999244655","potions_obtained":[{"floor":4.0,"key":"FearPotion"},{"floor":5.0,"key":"Energy Potion"},{"floor":11.0,"key":"CunningPotion"}],"is_trial":false,"path_per_floor":["M","?","?","M","M","E","$","E","T","M","E","$","M","E","R","B"],"character_chosen":"THE_SILENT","items_purchased":["PreservedInsect","Masterful Stab","Blade Dance","HornCleat","Dagger Throw","Masterful Stab","PiercingWail","Blade Dance"],"campfire_rested":0,"item_purchase_floors":[7,7,7,7,7,12,12,12],"current_hp_per_floor":[58,37,37,37,37,21,21,15,15,14,21,21,21,20,20,0,0],"gold":75,"neow_bonus":"ONE_RARE_RELIC","is_daily":false,"chose_seed":false,"campfire_upgraded":1,"win_rate":0.0,"timestamp":1612956896,"path_taken":["M","?","?","M","M","E","$","E","T","M","E","?","M","E","R","BOSS"],"items_purchased_type":["Relic","Card","Card","Relic","Card","Card","Card","Card"],"build_version":"2020-12-22","purchased_purges":0,"victory":false,"max_hp_per_floor":[60,60,60,60,60,60,60,60,60,60,67,67,67,67,67,67,67],"card_choices":[{"not_picked":["Outmaneuver","Reflex"],"picked":"Slice","floor":1.0},{"not_picked":["Deflect","Catalyst"],"picked":"Blade Dance","floor":4.0},{"not_picked":["Dagger Throw","Bane"],"picked":"Poisoned Stab","floor":5.0},{"not_picked":["Leg Sweep","Flying Knee"],"picked":"Deflect","floor":6.0},{"not_picked":["Bane","Underhanded Strike","Venomology"],"picked":"SKIP","floor":8.0},{"not_picked":["Deflect","Crippling Poison"],"picked":"Escape Plan","floor":10.0},{"not_picked":["All Out Attack","Prepared"],"picked":"Footwork","floor":11.0},{"not_picked":["Flying Knee","Bane"],"picked":"Cloak And Dagger","floor":13.0},{"not_picked":["Acrobatics","Sucker Punch"],"picked":"After Image","floor":14.0}],"player_experience":209768,"relics_obtained":[{"floor":6.0,"key":"The Courier"},{"floor":8.0,"key":"Potion Belt"},{"floor":9.0,"key":"Tiny Chest"},{"floor":11.0,"key":"Strawberry"},{"floor":14.0,"key":"Darkstone Periapt"}],"event_choices":[{"damage_healed":0.0,"max_hp_gain":0.0,"max_hp_loss":0.0,"gold_gain":0.0,"event_name":"Golden Idol","player_choice":"Take Damage","floor":2.0,"gold_loss":0.0,"damage_taken":21.0,"relics_obtained":["Golden Idol"]},{"damage_healed":0.0,"max_hp_gain":0.0,"max_hp_loss":0.0,"gold_gain":0.0,"cards_transformed":["Strike_G"],"event_name":"Transmorgrifier","player_choice":"Transformed","floor":3.0,"gold_loss":0.0,"damage_taken":0.0,"cards_obtained":["Phantasmal Killer"]}],"is_beta":false,"boss_relics":[],"items_purged_floors":[],"is_endless":false,"potions_floor_spawned":[4,5,11],"killed_by":"Slime Boss","ascension_level":16}}