{"host":"6pgtslebjnyv5xmi","time":1612965545,"event":{"mods":["AchievementEnabler","BaseMod","Colored Map","Minty Spire (QoL Compilation)","Rare Cards Sparkle","StSLib","SuperFastMode","The Cursed","everything is the same but u backflip on backflip"],"gold_per_floor":[110,185,185,23,23,52,52,52,75,87,44,44,59,69,69,148,148,165,179,179,94,94,94,107,107,107,32,32,32,52,66,66,66,66],"floor_reached":33,"language":"KOR","playtime":1002,"items_purged":["Defend_R"],"score":509,"play_id":"a8d4962b-bb5f-4ac9-b797-0079e0b572c7","local_time":"20210210225905","is_ascension_mode":true,"campfire_choices":[{"data":"Flame Barrier","floor":7.0,"key":"SMITH"},{"data":"Perfected Strike","floor":12.0,"key":"SMITH"},{"data":"Spot Weakness","floor":15.0,"key":"SMITH"},{"floor":23,"key":"REST"},{"floor":25,"key":"REST"},{"data":"Limit Break","floor":28,"key":"SMITH"},{"data":"Sword Boomerang","floor":29,"key":"SMITH"},{"floor":32,"key":"REST"}],"circlet_count":0,"master_deck":["AscendersBane","Strike_R","Strike_R","Strike_R","Strike_R","Strike_R","Defend_R","Defend_R","Defend_R","Flame Barrier+1","Battle Trance","Perfected Strike+1","Inflame","Spot Weakness+1","Limit Break+1","Armaments+1","Sword Boomerang+1","Heavy Blade"],"relics":["Burning Blood","NeowsBlessing","Calipers","PreservedInsect","Strawberry","StrikeDummy","Toy Ornithopter","Runic Cube","Enchiridion","Ginger","MutagenicStrength","WingedGreaves"],"acts_visited":["Exordium","TheCity"],"potions_floor_usage":[19,33],"damage_taken":[{"damage":0.0,"enemies":"Small Slimes","floor":1.0,"turns":1.0},{"damage":0.0,"enemies":"Gremlin Nob","floor":6.0,"turns":1.0},{"damage":0.0,"enemies":"Jaw Worm","floor":10.0,"turns":1.0},{"damage":0.0,"enemies":"Cultist","floor":13.0,"turns":3.0},{"damage":0.0,"enemies":"Red Slaver","floor":14.0,"turns":1.0},{"damage":27.0,"enemies":"Slime Boss","floor":16.0,"turns":9.0},{"damage":30,"enemies":"3 Byrds","floor":18,"turns":4},{"damage":16,"enemies":"Chosen","floor":19,"turns":6},{"damage":18,"enemies":"Snecko","floor":24,"turns":5},{"damage":27,"enemies":"Snake Plant","floor":30,"turns":4},{"damage":24,"enemies":"Cultist and Chosen","floor":31,"turns":6},{"damage":71,"enemies":"Champ","floor":33,"turns":7}],"seed_played":"6554245556756093574","potions_obtained":[{"floor":13.0,"key":"Fire Potion"},{"floor":16.0,"key":"SpeedPotion"},{"floor":31,"key":"FearPotion"}],"is_trial":false,"path_per_floor":["M","?","T","$","?","E","R","?","T","M","$","R","M","M","R","B",null,"M","M","?","?","?","R","M","R","T","$","R","R","M","M","R","B"],"character_chosen":"IRONCLAD","items_purchased":["PreservedInsect","Inflame"],"campfire_rested":3,"item_purchase_floors":[4,11],"current_hp_per_floor":[74,63,63,63,52,58,58,51,51,57,57,57,63,74,74,53,75,51,46,25,25,25,49,37,61,61,61,61,61,40,22,46,0,0],"gold":66,"neow_bonus":"THREE_ENEMY_KILL","is_daily":false,"chose_seed":false,"campfire_upgraded":5,"win_rate":0.0,"timestamp":1612965545,"path_taken":["M","?","?","$","?","E","R","?","T","?","?","R","M","M","R","BOSS","M","M","?","?","?","R","M","R","T","$","R","R","M","?","R","BOSS"],"items_purchased_type":["Relic","Card"],"build_version":"2020-12-22","purchased_purges":1,"victory":false,"max_hp_per_floor":[75,75,75,75,82,82,82,82,82,82,82,82,82,82,82,82,82,82,82,82,82,82,82,82,82,82,82,82,82,82,82,82,82,82],"card_choices":[{"not_picked":["True Grit","Flex"],"picked":"Flame Barrier","floor":1.0},{"not_picked":["Clash","Anger"],"picked":"Battle Trance","floor":6.0},{"not_picked":["Hemokinesis","Thunderclap"],"picked":"Perfected Strike","floor":10.0},{"not_picked":["True Grit","Immolate"],"picked":"Spot Weakness","floor":13.0},{"not_picked":["Anger","Headbutt","Warcry"],"picked":"SKIP","floor":14.0},{"not_picked":["Berserk","Bludgeon"],"picked":"Limit Break","floor":16.0},{"not_picked":["Body Slam","Havoc","Heavy Blade"],"picked":"SKIP","floor":18},{"not_picked":["Bloodletting","Whirlwind"],"picked":"Armaments+1","floor":19},{"not_picked":["Shrug It Off+1","Anger"],"picked":"Sword Boomerang","floor":24},{"not_picked":["Havoc","Clothesline"],"picked":"Heavy Blade","floor":30},{"not_picked":["Searing Blow","Shrug It Off","Sentinel"],"picked":"SKIP","floor":31}],"player_experience":1114808,"relics_obtained":[{"floor":3.0,"key":"Calipers"},{"floor":6.0,"key":"StrikeDummy"},{"floor":9.0,"key":"Toy Ornithopter"},{"floor":20,"key":"Enchiridion"},{"floor":26,"key":"WingedGreaves"}],"event_choices":[{"damage_healed":0.0,"max_hp_gain":0.0,"max_hp_loss":0.0,"gold_gain":75.0,"event_name":"World of Goop","player_choice":"Gather Gold","floor":2.0,"gold_loss":0.0,"damage_taken":11.0},{"damage_healed":0.0,"max_hp_gain":0.0,"max_hp_loss":0.0,"gold_gain":0.0,"event_name":"Scrap Ooze","player_choice":"Success","floor":5.0,"gold_loss":0.0,"damage_taken":18.0,"relics_obtained":["Strawberry"]},{"cards_removed":["Bash"],"damage_healed":0.0,"max_hp_gain":0.0,"max_hp_loss":0.0,"gold_gain":0.0,"event_name":"Golden Wing","player_choice":"Card Removal","floor":8.0,"gold_loss":0.0,"damage_taken":7.0},{"damage_healed":0,"gold_gain":0,"player_choice":"Obtained Book","damage_taken":21,"max_hp_gain":0,"max_hp_loss":0,"event_name":"Cursed Tome","floor":20,"gold_loss":0},{"damage_healed":0,"gold_gain":0,"player_choice":"Obtained Relic","damage_taken":0,"relics_obtained":["Ginger"],"max_hp_gain":0,"max_hp_loss":0,"event_name":"Addict","floor":21,"gold_loss":85},{"damage_healed":0,"gold_gain":0,"player_choice":"Inject Mutagens","damage_taken":0,"relics_obtained":["MutagenicStrength"],"max_hp_gain":0,"max_hp_loss":0,"event_name":"Drug Dealer","floor":22,"gold_loss":0}],"is_beta":false,"boss_relics":[{"not_picked":["Pandora\u0027s Box","Ectoplasm"],"picked":"Runic Cube"}],"items_purged_floors":[27],"is_endless":false,"potions_floor_spawned":[13,16,31],"killed_by":"Champ","ascension_level":18}}