{"host":"bf5upntvbdompq33","time":1612935128,"event":{"mods":["BaseMod","Colored Map","Colored Powertips","Curses Come First","Minty Spire (QoL Compilation)","StSLib","The Dragon Tamer","The Hierophant","The Marked","The Mystic","The Servant 0.9.4"],"gold_per_floor":[360,371,194,194,205,233,233,243,243,243,13,43,43,63,63,141,141,156,156,176,27,44,44,44,44],"floor_reached":24,"language":"ENG","playtime":1456,"items_purged":["Strike_R"],"score":350,"play_id":"d05b49e6-0735-466a-8fdd-b7b99c65f251","local_time":"20210209223208","is_ascension_mode":true,"campfire_choices":[{"data":"Body Slam","floor":7,"key":"SMITH"},{"floor":10,"key":"REST"},{"floor":13,"key":"REST"},{"data":"Armaments","floor":15,"key":"SMITH"},{"data":"Entrench","floor":23,"key":"SMITH"}],"circlet_count":0,"master_deck":["AscendersBane","Strike_R","Strike_R","Strike_R","Defend_R","Defend_R","Defend_R","Defend_R","Bash","Shrug It Off","Metallicize","Wild Strike","Body Slam+1","Clothesline","Entrench+1","Armaments+1","Feed","Thunderclap","Shockwave","Impervious","Headbutt","Power Through","Immolate","Pommel Strike"],"relics":["Black Blood","Toy Ornithopter","Orichalcum","Oddly Smooth Stone","Gremlin Horn","GremlinMask"],"acts_visited":["Exordium","TheCity"],"potions_floor_usage":[6,12,16,20],"damage_taken":[{"damage":10,"enemies":"Small Slimes","floor":1,"turns":3},{"damage":10,"enemies":"Cultist","floor":2,"turns":5},{"damage":7,"enemies":"Jaw Worm","floor":5,"turns":4},{"damage":34,"enemies":"3 Sentries","floor":6,"turns":9},{"damage":0,"enemies":"Looter","floor":8,"turns":5},{"damage":36,"enemies":"Lagavulin","floor":12,"turns":14},{"damage":6,"enemies":"2 Fungi Beasts","floor":14,"turns":3},{"damage":37,"enemies":"The Guardian","floor":16,"turns":17},{"damage":23,"enemies":"Chosen","floor":18,"turns":10},{"damage":11,"enemies":"3 Byrds","floor":20,"turns":4},{"damage":32,"enemies":"Centurion and Healer","floor":22,"turns":9},{"damage":38,"enemies":"3 Cultists","floor":24,"turns":5}],"seed_played":"-8487944918639139460","potions_obtained":[{"floor":2,"key":"DistilledChaos"},{"floor":6,"key":"Block Potion"},{"floor":14,"key":"PowerPotion"},{"floor":16,"key":"Swift Potion"},{"floor":18,"key":"SpeedPotion"},{"floor":20,"key":"Dexterity Potion"}],"is_trial":false,"path_per_floor":["M","M","$","?","M","E","R","M","T","R","$","E","R","M","R","B",null,"M","?","M","$","M","R","M"],"character_chosen":"IRONCLAD","items_purchased":["Metallicize","Wild Strike","Oddly Smooth Stone","Feed","Immolate"],"campfire_rested":2,"item_purchase_floors":[3,3,11,11,21],"current_hp_per_floor":[46,42,42,42,41,13,13,19,19,41,41,16,38,38,38,12,59,48,48,54,54,34,34,0,0],"gold":44,"neow_bonus":"TWO_FIFTY_GOLD","is_daily":false,"chose_seed":false,"campfire_upgraded":3,"win_rate":0.0,"timestamp":1612935128,"path_taken":["M","M","$","?","M","E","R","M","T","R","$","E","R","M","R","BOSS","M","?","M","$","M","R","M"],"items_purchased_type":["Card","Card","Relic","Card","Card"],"build_version":"2020-12-22","purchased_purges":1,"victory":false,"max_hp_per_floor":[75,75,75,75,75,75,75,75,75,75,75,75,75,75,75,75,75,75,75,75,75,75,75,75,75],"card_choices":[{"not_picked":["Flex","Perfected Strike"],"picked":"Shrug It Off","floor":1},{"not_picked":["Sword Boomerang","Perfected Strike","Burning Pact"],"picked":"SKIP","floor":2},{"not_picked":["Flex","Disarm"],"picked":"Clothesline","floor":5},{"not_picked":["Armaments","Reckless Charge"],"picked":"Entrench","floor":6},{"not_picked":["Rage","Reckless Charge"],"picked":"Armaments","floor":8},{"not_picked":["Warcry","Offering"],"picked":"Thunderclap","floor":12},{"not_picked":["Rupture","Warcry"],"picked":"Shockwave","floor":14},{"not_picked":["Exhume","Feed"],"picked":"Impervious","floor":16},{"not_picked":["Armaments","Hemokinesis"],"picked":"Headbutt","floor":18},{"not_picked":["Feel No Pain","Twin Strike"],"picked":"Power Through","floor":20},{"not_picked":["Blood for Blood","Combust"],"picked":"Pommel Strike","floor":22}],"player_experience":1530106,"relics_obtained":[{"floor":6,"key":"Toy Ornithopter"},{"floor":9,"key":"Orichalcum"},{"floor":12,"key":"Gremlin Horn"}],"event_choices":[{"damage_healed":0,"gold_gain":0,"cards_transformed":["Strike_R"],"player_choice":"Change","damage_taken":0,"max_hp_gain":0,"max_hp_loss":0,"event_name":"Living Wall","floor":4,"gold_loss":0,"cards_obtained":["Body Slam"]},{"damage_healed":0,"gold_gain":0,"player_choice":"Trade","damage_taken":0,"relics_obtained":["GremlinMask"],"max_hp_gain":0,"max_hp_loss":0,"event_name":"FaceTrader","floor":19,"gold_loss":0}],"is_beta":false,"boss_relics":[{"not_picked":["Busted Crown","Calling Bell"],"picked":"Black Blood"}],"items_purged_floors":[3],"is_endless":false,"potions_floor_spawned":[2,6,14,16,18,20],"killed_by":"3 Cultists","ascension_level":14}}