{"host":"1w6a2rjjfnt8te8e","time":1612975881,"event":{"mods":["BaseMod","Colored Powertips","Downfall","Minty Spire (QoL Compilation)","Quick Restart","Relic Stats","StSLib"],"gold_per_floor":[99,118,118,133,190,90,90,108,108,127,127,161,61,96,112,209,209,209,209,42,42,52,87,87,87,102,102,112,127,39,59,74,169,169,169,184,234,234,112,112,135,154,187,62,62,80,80,111,129,129],"floor_reached":51,"language":"ENG","playtime":4031,"items_purged":["Slimebound:Strike_Slimebound","Slimebound:Defend_Slimebound","Slimebound:Defend_Slimebound"],"score":916,"play_id":"d835afee-2339-4dd8-926e-a9d3f937303f","local_time":"20210211005121","is_ascension_mode":true,"campfire_choices":[{"floor":1,"key":"RECALL"},{"data":"Slimebound:DuplicatedForm","floor":6,"key":"SMITH"},{"data":"Slimebound:GrowthPunch","floor":9,"key":"SMITH"},{"data":"Slimebound:GoopSpray","floor":11,"key":"SMITH"},{"data":"Slimebound:LeechEnergy","floor":13,"key":"SMITH"},{"data":"Slimebound:LeadByExample","floor":18,"key":"SMITH"},{"data":"Slimebound:SamplingLick","floor":27,"key":"SMITH"},{"data":"Slimebound:AcidTongue","floor":35,"key":"SMITH"},{"data":"Sadistic Nature","floor":40,"key":"SMITH"},{"data":"Slimebound:LeechLife","floor":45,"key":"SMITH"},{"data":"Slimebound:CorrosiveSpit","floor":47,"key":"SMITH"}],"circlet_count":0,"master_deck":["Slimebound:Tackle","Slimebound:Defend_Slimebound","Slimebound:Split","Slimebound:CorrosiveSpit+1","Slimebound:LeadByExample+1","Slimebound:SamplingLick+1","Slimebound:LeechLife+1","Clumsy","Slimebound:DuplicatedForm+1","Slimebound:GoopSpray+1","Slimebound:LeechEnergy+1","Slimebound:GrowthPunch+1","Slimebound:HauntingLick+1","Slimebound:Schlurp+1","Slimebound:SplitLeeching+1","Slimebound:PrepareCrush+1","Slimebound:SpikyOuterGoop+1","Slimebound:RainOfGoop+1","Slimebound:LeechingTouch","Slimebound:HauntingLick+1","Slimebound:RejuvenatingLick+1","Slimebound:AcidTongue+1","Slimebound:SplitMire+1","Slimebound:DouseInSlime+1","Sadistic Nature+1","Slimebound:SplitMire+1","Parasite"],"relics":["Slimebound:AbsorbEndCombat","Anchor","Centennial Puzzle","downfall:HeartBlessingRed","Toxic Egg 2","Akabeko","downfall:HeartBlessingGreen","Pen Nib","Runic Pyramid","Shuriken","Kunai","Cursed Key","WingedGreaves","Bronze Scales","Orichalcum"],"acts_visited":["Exordium","TheCity","TheBeyond"],"potions_floor_usage":[50,50,50],"damage_taken":[{"damage":1,"enemies":"Jaw Worm","floor":2,"turns":4},{"damage":25,"enemies":"Cultist","floor":4,"turns":4},{"damage":51,"enemies":"Lagavulin Event","floor":5,"turns":5},{"damage":15,"enemies":"Small Slimes","floor":8,"turns":3},{"damage":15,"enemies":"Exordium Wildlife","floor":10,"turns":3},{"damage":15,"enemies":"Lagavulin","floor":12,"turns":6},{"damage":17,"enemies":"3 Sentries","floor":14,"turns":5},{"damage":0,"enemies":"2 Fungi Beasts","floor":15,"turns":2},{"damage":17,"enemies":"WA_ARCHETYPE_RETAIN","floor":16,"turns":7},{"damage":0,"enemies":"downfall:FleeingMerchant","floor":20,"turns":4},{"damage":22,"enemies":"Shell Parasite","floor":22,"turns":4},{"damage":9,"enemies":"Slavers","floor":23,"turns":5},{"damage":15,"enemies":"Snecko","floor":26,"turns":3},{"damage":20,"enemies":"Snake Plant","floor":28,"turns":3},{"damage":15,"enemies":"Centurion and Healer","floor":29,"turns":6},{"damage":25,"enemies":"downfall:FleeingMerchant","floor":30,"turns":4},{"damage":15,"enemies":"3 Cultists","floor":31,"turns":4},{"damage":30,"enemies":"Sentry and Sphere","floor":32,"turns":4},{"damage":47,"enemies":"SI_MIRROR_ARCHETYPE","floor":33,"turns":8},{"damage":12,"enemies":"3 Darklings","floor":36,"turns":5},{"damage":25,"enemies":"3 Darklings","floor":37,"turns":6},{"damage":32,"enemies":"3 Darklings","floor":38,"turns":6},{"damage":24,"enemies":"downfall:FleeingMerchant","floor":39,"turns":4},{"damage":4,"enemies":"3 Shapes","floor":42,"turns":4},{"damage":15,"enemies":"Giant Head","floor":43,"turns":4},{"damage":34,"enemies":"Spire Growth","floor":46,"turns":3},{"damage":57,"enemies":"Nemesis","floor":48,"turns":3},{"damage":0,"enemies":"3 Darklings","floor":49,"turns":3},{"damage":15,"enemies":"DF_ARCHETYPE_ORBS","floor":50,"turns":6}],"seed_played":"-8054821939370389588","potions_obtained":[{"floor":4,"key":"Energy Potion"},{"floor":5,"key":"Energy Potion"},{"floor":10,"key":"Strength Potion"},{"floor":14,"key":"Slimebound:SlimedPotion"},{"floor":23,"key":"Slimebound:SlimedPotion"},{"floor":25,"key":"downfall:CursedFountainPotion"}],"is_trial":false,"path_per_floor":["R","M","?","M","?","R","T","M","R","M","R","E","R","E","M","B",null,"R","?","$","?","M","E","T","?","M","R","M","M","$","M","M","B",null,"R","M","?","?","$","R","T","M","E","$","R","M","R","E","M","B",null],"character_chosen":"SLIMEBOUND","items_purchased":["Slimebound:RainOfGoop+1","Slimebound:AcidTongue","Slimebound:DouseInSlime+1","Sadistic Nature","Slimebound:SplitMire+1"],"campfire_rested":0,"item_purchase_floors":[20,30,39,39,39],"current_hp_per_floor":[65,65,65,65,48,48,48,65,65,65,65,65,65,65,65,65,65,65,54,70,70,70,69,69,69,70,70,70,70,68,70,70,68,70,70,70,70,70,63,63,63,70,70,70,70,70,70,70,70,70],"gold":129,"neow_bonus":"RANDOM_COMMON_RELIC","is_daily":false,"chose_seed":false,"campfire_upgraded":10,"win_rate":0.0,"timestamp":1612975881,"path_taken":["R","M","?","?","?","R","T","M","R","M","R","E","R","E","M","BOSS","R","?","$","?","?","E","T","?","M","R","M","M","?","M","M","BOSS","R","M","?","?","$","R","T","M","E","?","R","M","R","E","M","BOSS"],"items_purchased_type":["Card","Card","Card","Card","Card"],"build_version":"2020-12-22","purchased_purges":3,"victory":true,"max_hp_per_floor":[65,65,65,65,65,65,65,65,65,65,65,65,65,65,65,65,65,65,70,70,70,70,70,70,70,70,70,70,70,70,70,70,70,70,70,70,70,70,70,70,70,70,70,70,70,70,70,70,70,70],"relic_stats":{"Centennial Puzzle":[66],"counters":[29,128],"Shuriken":[5],"Bronze Scales":[16],"Pen Nib":[9],"Kunai":[5],"Orichalcum":[6],"Cursed Key":1,"obtain_stats":[{"downfall:HeartBlessingRed":6,"downfall:HeartBlessingGreen":13,"Pen Nib":14,"Orichalcum":48,"Cursed Key":34,"Akabeko":12,"Anchor":0,"Centennial Puzzle":5,"Shuriken":23,"Bronze Scales":43,"WingedGreaves":37,"Slimebound:AbsorbEndCombat":0,"Kunai":24,"Toxic Egg 2":7,"Runic Pyramid":17},{"downfall:HeartBlessingRed":3,"downfall:HeartBlessingGreen":6,"Pen Nib":7,"Orichalcum":27,"Cursed Key":19,"Akabeko":6,"Anchor":0,"Centennial Puzzle":3,"Shuriken":12,"Bronze Scales":25,"WingedGreaves":21,"Slimebound:AbsorbEndCombat":0,"Kunai":12,"Toxic Egg 2":3,"Runic Pyramid":9},{"downfall:HeartBlessingRed":13,"downfall:HeartBlessingGreen":25,"Pen Nib":30,"Orichalcum":119,"Cursed Key":84,"Akabeko":25,"Anchor":0,"Centennial Puzzle":13,"Shuriken":52,"Bronze Scales":113,"WingedGreaves":95,"Slimebound:AbsorbEndCombat":0,"Kunai":52,"Toxic Egg 2":13,"Runic Pyramid":39}]},"card_choices":[{"not_picked":["Slimebound:GoopSpray","Slimebound:GoopTackle"],"picked":"Slimebound:LeadByExample","floor":2},{"not_picked":["Slimebound:Prepare","Slimebound:HauntingLick"],"picked":"Slimebound:GoopSpray","floor":4},{"not_picked":["Slimebound:Equalize","Slimebound:GoopTackle"],"picked":"Slimebound:LeechEnergy","floor":5},{"not_picked":["Slimebound:ComboTackle","Slimebound:MassRepurpose+1"],"picked":"Slimebound:GrowthPunch","floor":8},{"not_picked":["Slimebound:SplitSpecialist+1","Slimebound:GoopSpray+1"],"picked":"Slimebound:HauntingLick+1","floor":10},{"not_picked":["Slimebound:ComboTackle","Slimebound:PressTheAttack"],"picked":"Slimebound:Schlurp+1","floor":12},{"not_picked":["Slimebound:MassRepurpose+1","Slimebound:SplitAcid+1","Slimebound:Prepare+1"],"picked":"SKIP","floor":14},{"not_picked":["Slimebound:SamplingLick+1","Slimebound:LeechEnergy"],"picked":"Slimebound:SplitLeeching+1","floor":15},{"not_picked":["Slimebound:TagTeam","Slimebound:WasteNot+1"],"picked":"Slimebound:PrepareCrush+1","floor":16},{"not_picked":["Slimebound:Grow","Slimebound:SamplingLick+1"],"picked":"Slimebound:SpikyOuterGoop+1","floor":20},{"not_picked":["Slimebound:GoopTackle+1","Slimebound:TongueLash"],"picked":"Slimebound:LeechingTouch","floor":22},{"not_picked":["Slimebound:RollThrough","Slimebound:FinishingTackle+1","Slimebound:ProtectTheBoss"],"picked":"SKIP","floor":23},{"not_picked":["Slimebound:SpikyOuterGoop","Slimebound:LivingWall+1","Slimebound:FlameTackle"],"picked":"SKIP","floor":26},{"not_picked":["Slimebound:LivingWall+1","Slimebound:LeadByExample","Slimebound:GrowthPunch+1"],"picked":"SKIP","floor":28},{"not_picked":["Slimebound:SamplingLick+1","Slimebound:GoopSpray+1"],"picked":"Slimebound:HauntingLick+1","floor":29},{"not_picked":["Slimebound:SplitBruiser+1","Slimebound:TongueLash"],"picked":"Slimebound:RejuvenatingLick+1","floor":30},{"not_picked":["Slimebound:GrowthPunch","Slimebound:ComboTackle","Slimebound:ItLooksTasty"],"picked":"SKIP","floor":31},{"not_picked":["Slimebound:LeechingTouch+1","Slimebound:MassFeed","Slimebound:SplitBruiser+1"],"picked":"SKIP","floor":32},{"not_picked":["Slimebound:SplitAcid+1","Slimebound:FormOfPuddle+1","Slimebound:LivingWall+1"],"picked":"SKIP","floor":36},{"not_picked":["Slimebound:Schlurp+1","Slimebound:LivingWall+1"],"picked":"Slimebound:SplitMire+1","floor":39},{"not_picked":["Slimebound:GoopSpray+1","Slimebound:FormOfPuddle+1","Slimebound:ItLooksTasty"],"picked":"SKIP","floor":42},{"not_picked":["Slimebound:Recycling","Slimebound:LeadByExample","Slimebound:SplitBruiser+1"],"picked":"SKIP","floor":43},{"not_picked":["Slimebound:RejuvenatingLick+1","Slimebound:PressTheAttack","Slimebound:ItLooksTasty"],"picked":"SKIP","floor":46},{"not_picked":["Slimebound:MassRepurpose+1","Slimebound:PressTheAttack+1","Slimebound:HauntingLick+1"],"picked":"SKIP","floor":48},{"not_picked":["Slimebound:SplitLeeching+1","Slimebound:Schlurp+1","Slimebound:LivingWall+1"],"picked":"SKIP","floor":49}],"player_experience":345120,"relics_obtained":[{"floor":5,"key":"Centennial Puzzle"},{"floor":7,"key":"Toxic Egg 2"},{"floor":12,"key":"Akabeko"},{"floor":14,"key":"Pen Nib"},{"floor":23,"key":"Shuriken"},{"floor":24,"key":"Kunai"},{"floor":37,"key":"WingedGreaves"},{"floor":43,"key":"Bronze Scales"},{"floor":48,"key":"Orichalcum"}],"event_choices":[],"is_beta":false,"boss_relics":[{"not_picked":["Empty Cage","Slimebound:AbsorbEndCombatUpgraded"],"picked":"Runic Pyramid"},{"not_picked":["Velvet Choker","Tiny House"],"picked":"Cursed Key"}],"items_purged_floors":[20,39,44],"is_endless":false,"potions_floor_spawned":[4,5,10,14,15,16,23,28,29,32,36,43,46,49],"ascension_level":2}}