{"host":"mo324zvkdr1xwprd","time":1612917082,"event":{"mods":["BaseMod","Better Note","BetterRewards","Hermit","Highlight Path","Hubris","Minty Spire (QoL Compilation)","Quick Restart","Rare Cards Sparkle","Shop Mod","StSLib","The Cursed","The Hierophant"],"gold_per_floor":[110,127,137,154,167,167,202,202,202,231,250,262,291,356,356,451,451,464,477,43,61,81,111,111,111,192,205,205,205,235,253,253,352,352,362,15,26,26,41,73,423,423,470,470,6,6,6,32,32,32,32,32,32,66,66,66],"floor_reached":55,"language":"ENG","playtime":5798,"items_purged":[],"score":1259,"play_id":"0ff8eb10-492d-499a-963d-ae28e278c234","local_time":"20210210003122","is_ascension_mode":true,"campfire_choices":[{"data":"Crippling Poison","floor":6.0,"key":"SMITH"},{"floor":8.0,"key":"REST"},{"floor":15.0,"key":"REST"},{"data":"After Image","floor":24.0,"key":"SMITH"},{"floor":32.0,"key":"RECALL"},{"data":"hubris:DuctTapeCard","floor":42.0,"key":"SMITH"},{"data":"Noxious Fumes","floor":44.0,"key":"SMITH"},{"data":"Noxious Fumes","floor":46.0,"key":"SMITH"},{"data":"Caltrops","floor":49.0,"key":"SMITH"},{"data":"Caltrops","floor":52.0,"key":"SMITH"}],"circlet_count":0,"master_deck":["Strike_G","Strike_G","Strike_G","Strike_G","Strike_G","Defend_G","Defend_G","Defend_G","Defend_G","Defend_G","Survivor","Neutralize","Noxious Fumes+1","Backstab","Masterful Stab","Deflect","Endless Agony","PiercingWail","Crippling Poison+1","Blade Dance","All Out Attack","Infinite Blades","Flying Knee","Setup","Cloak And Dagger","Catalyst+1","Noxious Fumes+1","Calculated Gamble","Sucker Punch","Footwork+1","TheCursedMod:SurpriseAttack","Infinite Blades","Caltrops+1","Backflip+1","Prepared+1","Night Terror+1","Outmaneuver+1","Caltrops+1","Phantasmal Killer+1","Violence+1","Adrenaline+1","hubris:TrickCloak+1","Acrobatics+1","Escape Plan+1","Quick Slash","Outmaneuver+1","Infinite Blades","Thinking Ahead+1","Expertise+1","Outmaneuver+1","hubris:DuctTapeCard"],"relics":["Ring of the Snake","hubris:GlazedTorus","hubris:Metronome","Bottled Flame","Anchor","SacredBark","hubris:EmptyBottle","Nunchaku","hubris:Reverence","hubris:DuctTape","Toxic Egg 2","hubris:Backtick","Ice Cream","Mummified Hand","Old Coin","Snake Skull","Happy Flower","White Beast Statue"],"acts_visited":["Exordium","TheCity","TheBeyond","TheEnding"],"potions_floor_usage":[55,55],"damage_taken":[{"damage":0.0,"enemies":"Jaw Worm","floor":1.0,"turns":3.0},{"damage":0.0,"enemies":"2 Louse","floor":2.0,"turns":1.0},{"damage":0.0,"enemies":"Small Slimes","floor":3.0,"turns":2.0},{"damage":0.0,"enemies":"2 Fungi Beasts","floor":4.0,"turns":3.0},{"damage":0.0,"enemies":"Lots of Slimes","floor":5.0,"turns":4.0},{"damage":7.0,"enemies":"3 Sentries","floor":7.0,"turns":8.0},{"damage":7.0,"enemies":"Gremlin Nob","floor":10.0,"turns":3.0},{"damage":8.0,"enemies":"Exordium Wildlife","floor":11.0,"turns":2.0},{"damage":0.0,"enemies":"3 Louse","floor":12.0,"turns":1.0},{"damage":20.0,"enemies":"Lagavulin","floor":13.0,"turns":3.0},{"damage":47.0,"enemies":"The Guardian","floor":16.0,"turns":10.0},{"damage":0.0,"enemies":"Chosen","floor":18.0,"turns":3.0},{"damage":0.0,"enemies":"2 Thieves","floor":19.0,"turns":2.0},{"damage":0.0,"enemies":"Cultist and Chosen","floor":21.0,"turns":4.0},{"damage":0.0,"enemies":"Chosen and Byrds","floor":22.0,"turns":3.0},{"damage":0.0,"enemies":"Gremlin Leader","floor":23.0,"turns":2.0},{"damage":9.0,"enemies":"Snecko","floor":27.0,"turns":4.0},{"damage":0.0,"enemies":"Book of Stabbing","floor":30.0,"turns":2.0},{"damage":5.0,"enemies":"Shelled Parasite and Fungi","floor":31.0,"turns":3.0},{"damage":40.0,"enemies":"Champ","floor":33.0,"turns":9.0},{"damage":1.0,"enemies":"3 Shapes","floor":35.0,"turns":6.0},{"damage":4.0,"enemies":"Orb Walker","floor":37.0,"turns":4.0},{"damage":0.0,"enemies":"4 Shapes","floor":39.0,"turns":7.0},{"damage":17.0,"enemies":"Nemesis","floor":40.0,"turns":7.0},{"damage":0.0,"enemies":"Mind Bloom Boss Battle","floor":41.0,"turns":5.0},{"damage":1.0,"enemies":"Giant Head","floor":48.0,"turns":7.0},{"damage":16.0,"enemies":"Awakened One","floor":50.0,"turns":8.0},{"damage":51.0,"enemies":"Shield and Spear","floor":54.0,"turns":4.0},{"damage":19,"enemies":"The Heart","floor":55,"turns":2}],"seed_played":"-4636747991473801398","potions_obtained":[{"floor":4.0,"key":"ColorlessPotion"},{"floor":5.0,"key":"CultistPotion"},{"floor":11.0,"key":"SmokeBomb"},{"floor":16.0,"key":"AttackPotion"},{"floor":18.0,"key":"LiquidBronze"},{"floor":23.0,"key":"Dexterity Potion"},{"floor":31.0,"key":"SpeedPotion"},{"floor":33.0,"key":"Dexterity Potion"},{"floor":40.0,"key":"GhostInAJar"},{"floor":41.0,"key":"Dexterity Potion"},{"floor":54.0,"key":"CultistPotion"}],"is_trial":false,"path_per_floor":["M","M","M","M","M","R","E","R","T","E","M","M","E","?","R","B",null,"M","M","$","M","M","E","R","?","T","M","?","?","E","M","R","B",null,"M","$","M","?","M","E","?","R","T","R","$","R","?","E","R","B",null,"R","$","E","B"],"character_chosen":"THE_SILENT","items_purchased":["Noxious Fumes","Backstab","Masterful Stab","Deflect","hubris:EmptyBottle","Nunchaku","Noxious Fumes","CunningPotion","Caltrops","Phantasmal Killer+1","Violence+1","Quick Slash","Outmaneuver+1","Infinite Blades","Snake Skull","Thinking Ahead+1"],"campfire_rested":2,"item_purchase_floors":[0,0,0,0,20,20,20,20,36,36,36,45,45,45,45,45],"current_hp_per_floor":[63,63,63,63,63,63,56,70,70,63,55,55,35,35,56,9,70,70,70,70,70,70,70,70,70,70,61,61,61,61,56,56,16,70,69,69,65,65,65,48,48,48,48,48,48,48,48,47,47,31,70,70,70,19,0,0],"gold":66,"neow_bonus":"","is_daily":false,"chose_seed":false,"campfire_upgraded":7,"win_rate":0.0,"timestamp":1612917082,"path_taken":["M","M","M","M","M","R","E","R","T","E","M","M","E","?","R","BOSS","M","M","$","M","M","E","R","?","T","M","?","?","E","M","R","BOSS","M","$","M","?","M","E","?","R","T","R","$","R","?","E","R","BOSS","R","$","E","BOSS"],"items_purchased_type":["Card","Card","Card","Card","Relic","Relic","Card","Potion","Card","Card","Card","Card","Card","Card","Relic","Card"],"build_version":"2020-12-22","purchased_purges":0,"victory":false,"max_hp_per_floor":[70,70,70,70,70,70,70,70,70,70,70,70,70,70,70,70,70,70,70,70,70,70,70,70,70,70,70,70,70,70,70,70,70,70,70,70,70,70,70,70,70,70,70,70,70,70,70,70,70,70,70,70,70,70,70,70],"card_choices":[{"not_picked":["Slice","hubris:TrickCloak"],"picked":"Endless Agony","floor":1.0},{"not_picked":["Prepared","Cloak And Dagger"],"picked":"PiercingWail","floor":2.0},{"not_picked":["Blade Dance","hubris:TrickCloak"],"picked":"Crippling Poison","floor":3.0},{"not_picked":["hubris:Sniper","Bane"],"picked":"Slice","floor":4.0},{"not_picked":["Deadly Poison","Poisoned Stab"],"picked":"Blade Dance","floor":5.0},{"not_picked":["Setup","Deflect"],"picked":"All Out Attack","floor":7.0},{"not_picked":["Deadly Poison","Sucker Punch"],"picked":"Infinite Blades","floor":10.0},{"not_picked":["Slice","hubris:Counter"],"picked":"Flying Knee","floor":11.0},{"not_picked":["Venomology","Dagger Throw"],"picked":"Accuracy","floor":12.0},{"not_picked":["Reflex","Slice"],"picked":"Setup","floor":13.0},{"not_picked":["Burst","Phantasmal Killer"],"picked":"After Image","floor":16.0},{"not_picked":["Slice","hubris:Sniper+1"],"picked":"Cloak And Dagger","floor":18.0},{"not_picked":["Outmaneuver","Deadly Poison+1"],"picked":"Catalyst+1","floor":19.0},{"not_picked":["Dodge and Roll","Grand Finale"],"picked":"Calculated Gamble","floor":21.0},{"not_picked":["Riddle With Holes","Crippling Poison"],"picked":"Sucker Punch","floor":22.0},{"not_picked":["Sucker Punch+1","Dash"],"picked":"Footwork+1","floor":23.0},{"not_picked":["Outmaneuver","Quick Slash"],"picked":"Infinite Blades","floor":27.0},{"not_picked":["Glass Knife","Deadly Poison+1"],"picked":"Backflip+1","floor":30.0},{"not_picked":["hubris:SlightOfHand+1","Deadly Poison+1"],"picked":"Prepared+1","floor":31.0},{"not_picked":["Unload","Malaise+1"],"picked":"Night Terror+1","floor":33.0},{"not_picked":["Finisher","Quick Slash+1"],"picked":"Outmaneuver+1","floor":35.0},{"not_picked":["Dodge and Roll+1","Quick Slash"],"picked":"Adrenaline+1","floor":37.0},{"not_picked":["Infinite Blades","Sucker Punch"],"picked":"hubris:TrickCloak+1","floor":39.0},{"not_picked":["hubris:SlightOfHand+1","Eviscerate"],"picked":"Acrobatics+1","floor":40.0},{"not_picked":["Setup+1","Flying Knee+1"],"picked":"Escape Plan+1","floor":41.0},{"not_picked":["Dagger Spray+1","Sucker Punch"],"picked":"Expertise+1","floor":48.0},{"not_picked":["Bane+1","Bouncing Flask+1"],"picked":"Outmaneuver+1","floor":54.0}],"player_experience":552304,"relics_obtained":[{"floor":7.0,"key":"hubris:GlazedTorus"},{"floor":9.0,"key":"hubris:Metronome"},{"floor":10.0,"key":"Bottled Flame"},{"floor":13.0,"key":"Anchor"},{"floor":23.0,"key":"hubris:Reverence"},{"floor":26.0,"key":"hubris:DuctTape"},{"floor":30.0,"key":"Toxic Egg 2"},{"floor":40.0,"key":"Mummified Hand"},{"floor":41.0,"key":"Old Coin"},{"floor":48.0,"key":"Happy Flower"},{"floor":54.0,"key":"White Beast Statue"}],"event_choices":[{"damage_healed":0.0,"max_hp_gain":0.0,"max_hp_loss":0.0,"gold_gain":65.0,"event_name":"Golden Wing","player_choice":"Gained Gold","floor":14.0,"gold_loss":0.0,"damage_taken":0.0},{"damage_healed":0.0,"max_hp_gain":0.0,"max_hp_loss":0.0,"gold_gain":0.0,"event_name":"The Library","player_choice":"Read","floor":25.0,"gold_loss":0.0,"damage_taken":0.0,"cards_obtained":["TheCursedMod:SurpriseAttack"]},{"cards_removed":["Slice"],"damage_healed":0.0,"max_hp_gain":0.0,"max_hp_loss":0.0,"gold_gain":0.0,"event_name":"Falling","player_choice":"Removed Attack","floor":38.0,"gold_loss":0.0,"damage_taken":0.0},{"damage_healed":0.0,"max_hp_gain":0.0,"max_hp_loss":0.0,"gold_gain":0.0,"event_name":"MindBloom","player_choice":"Fight","floor":41.0,"gold_loss":0.0,"damage_taken":0.0},{"damage_healed":0.0,"max_hp_gain":0.0,"max_hp_loss":0.0,"gold_gain":0.0,"event_name":"SecretPortal","player_choice":"Ignored","floor":47.0,"gold_loss":0.0,"damage_taken":0.0}],"is_beta":false,"boss_relics":[{"not_picked":["Empty Cage","hubris:Stopwatch"],"picked":"SacredBark"},{"not_picked":["Calling Bell","Cursed Key"],"picked":"hubris:Backtick"}],"items_purged_floors":[],"is_endless":false,"potions_floor_spawned":[4,5,11,16,18,23,31,33,40,41,48,54],"killed_by":"The Heart","ascension_level":4}}