{"host":"kpyf5rnb72uwap8k","time":1612949475,"event":{"mods":["AchievementEnabler","BaseMod","Colored Map","Colored Powertips","DeckTracker","Minty Spire (QoL Compilation)","Permanent Neow","Quick Restart","StSLib","SuperFastMode"],"gold_per_floor":[112,126,126,136,149,149,160,39,63,80,91,118,118,130,130,231,231,248,248,234,251,251,251],"floor_reached":22,"language":"KOR","playtime":583,"items_purged":["Strike_B"],"score":211,"play_id":"66545fc3-b334-4ea8-bb2b-5b23706db2c1","local_time":"20210210183115","is_ascension_mode":true,"campfire_choices":[{"data":"Rip and Tear","floor":6.0,"key":"SMITH"},{"floor":15.0,"key":"REST"}],"circlet_count":0,"master_deck":["Strike_B","Strike_B","Defend_B","Defend_B","Defend_B","Defend_B","Zap","Dualcast","Rip and Tear+1","Cold Snap","Blizzard","Blizzard","Redo","Cold Snap","Redo","Hologram","Machine Learning","Auto Shields","Conserve Battery","Hologram"],"relics":["Cracked Core","InkBottle","Blood Vial","Philosopher\u0027s Stone","Nloth\u0027s Gift"],"acts_visited":["Exordium","TheCity"],"potions_floor_usage":[22],"damage_taken":[{"damage":6.0,"enemies":"Cultist","floor":1.0,"turns":4.0},{"damage":0.0,"enemies":"Small Slimes","floor":2.0,"turns":2.0},{"damage":8.0,"enemies":"2 Louse","floor":4.0,"turns":2.0},{"damage":0.0,"enemies":"Large Slime","floor":5.0,"turns":5.0},{"damage":9.0,"enemies":"Exordium Wildlife","floor":7.0,"turns":3.0},{"damage":0.0,"enemies":"Gremlin Gang","floor":10.0,"turns":3.0},{"damage":1.0,"enemies":"Blue Slaver","floor":11.0,"turns":3.0},{"damage":15.0,"enemies":"3 Sentries","floor":12.0,"turns":7.0},{"damage":21.0,"enemies":"Exordium Thugs","floor":14.0,"turns":4.0},{"damage":37.0,"enemies":"Hexaghost","floor":16.0,"turns":13.0},{"damage":15,"enemies":"Shell Parasite","floor":18,"turns":7},{"damage":18,"enemies":"2 Thieves","floor":20,"turns":4},{"damage":37,"enemies":"Snake Plant","floor":21,"turns":5},{"damage":18,"enemies":"Centurion and Healer","floor":22,"turns":1}],"seed_played":"-7414130253516370446","potions_obtained":[{"floor":1.0,"key":"AttackPotion"},{"floor":2.0,"key":"Energy Potion"},{"floor":10.0,"key":"PowerPotion"},{"floor":11.0,"key":"AttackPotion"},{"floor":13.0,"key":"PotionOfCapacity"},{"floor":18,"key":"AttackPotion"}],"is_trial":false,"path_per_floor":["M","M","T","M","M","R","M","$","T","M","M","E","?","M","R","B",null,"M","?","M","M","M"],"character_chosen":"DEFECT","items_purchased":["Redo"],"campfire_rested":1,"item_purchase_floors":[8],"current_hp_per_floor":[69,69,69,61,61,61,52,52,52,52,51,36,36,17,39,4,75,60,60,44,9,0,0],"gold":251,"neow_bonus":"REMOVE_CARD","is_daily":false,"chose_seed":false,"campfire_upgraded":1,"win_rate":0.0,"timestamp":1612949475,"path_taken":["M","M","?","M","M","R","M","$","T","M","M","E","?","M","R","BOSS","M","?","M","M","M"],"items_purchased_type":["Card"],"build_version":"2020-12-22","purchased_purges":1,"victory":false,"max_hp_per_floor":[75,75,75,75,75,75,75,75,75,75,75,75,75,75,75,75,75,75,75,75,75,75,75],"card_choices":[{"not_picked":["Recycle","Coolheaded"],"picked":"Rip and Tear","floor":1.0},{"not_picked":["Heatsinks","Compile Driver"],"picked":"Cold Snap","floor":2.0},{"not_picked":["Cold Snap","Go for the Eyes"],"picked":"Blizzard","floor":4.0},{"not_picked":["Hologram","Steam Power"],"picked":"Blizzard","floor":5.0},{"not_picked":["Rebound","Leap","FTL"],"picked":"SKIP","floor":7.0},{"not_picked":["Streamline","Gash","Stack"],"picked":"SKIP","floor":10.0},{"not_picked":["Steam","Capacitor"],"picked":"Cold Snap","floor":11.0},{"not_picked":["Genetic Algorithm","Rip and Tear"],"picked":"Redo","floor":12.0},{"not_picked":["Multi-Cast","Doom and Gloom"],"picked":"Hologram","floor":14.0},{"not_picked":["Reboot","Core Surge"],"picked":"Machine Learning","floor":16.0},{"not_picked":["Gash","Leap"],"picked":"Auto Shields","floor":18},{"not_picked":["Turbo","Ball Lightning"],"picked":"Conserve Battery","floor":20},{"not_picked":["Steam","Compile Driver+1"],"picked":"Hologram","floor":21}],"player_experience":266910,"relics_obtained":[{"floor":3.0,"key":"InkBottle"},{"floor":9.0,"key":"Bag of Marbles"},{"floor":12.0,"key":"Blood Vial"}],"event_choices":[{"damage_healed":0.0,"max_hp_gain":0.0,"max_hp_loss":0.0,"gold_gain":0.0,"event_name":"Lab","player_choice":"Got Potions","floor":13.0,"gold_loss":0.0,"damage_taken":0.0},{"damage_healed":0,"gold_gain":0,"player_choice":"Traded Relic","damage_taken":0,"relics_obtained":["Nloth\u0027s Gift"],"max_hp_gain":0,"max_hp_loss":0,"event_name":"N\u0027loth","floor":19,"relics_lost":["Bag of Marbles"],"gold_loss":0}],"is_beta":false,"boss_relics":[{"not_picked":["Tiny House","Empty Cage"],"picked":"Philosopher\u0027s Stone"}],"items_purged_floors":[8],"is_endless":false,"potions_floor_spawned":[1,2,10,11,18],"killed_by":"Centurion and Healer","ascension_level":2}}