{"host":"h4lp0eeso8a0ssq0","time":1612927030,"event":{"mods":["2.2 Compatiblity","AchievementEnabler","BaseMod","CapriCore","Colored Map","Minty Spire (QoL Compilation)","StSLib","SuperFastMode"],"gold_per_floor":[118,118,3,3,24,68,68,89,113,151,171,123,139,158,158,253,253,193,173,173,173,173,173,173,173,173,88,43,43,43,43,43,43,43,43,0,0,0,0,0,0,0,0,0,0,0,0,0,0,0],"floor_reached":51,"language":"KOR","playtime":1180,"items_purged":["Strike_G"],"score":1435,"play_id":"bbbd86f6-4226-4ded-98d9-2b534bd4010c","local_time":"20210210121710","is_ascension_mode":true,"campfire_choices":[{"data":"Accuracy","floor":7.0,"key":"SMITH"},{"floor":15.0,"key":"REST"},{"floor":23.0,"key":"REST"},{"data":"Accuracy","floor":29.0,"key":"SMITH"},{"floor":32.0,"key":"REST"},{"data":"Blade Dance","floor":40.0,"key":"SMITH"},{"data":"Malaise","floor":46.0,"key":"SMITH"},{"data":"Acrobatics","floor":49.0,"key":"SMITH"}],"circlet_count":0,"master_deck":["AscendersBane","Strike_G","Strike_G","Strike_G","Defend_G","Defend_G","Defend_G","Defend_G","Defend_G","Survivor","Neutralize","Poisoned Stab","Accuracy+1","Acrobatics","Terror","Storm of Steel","Poisoned Stab","Backflip","Calculated Gamble","Adrenaline","Acrobatics+1","Backflip","Reflex+1","Accuracy+1","Quick Slash","Malaise+1","CurseOfTheBell","Blade Dance+1","Quick Slash+1","Escape Plan+1","PiercingWail+1"],"relics":["Ring of the Snake","NeowsBlessing","Orichalcum","Regal Pillow","Akabeko","Ectoplasm","Ornamental Fan","Anchor","Bottled Tornado","Calling Bell","Bronze Scales","Molten Egg 2","Tough Bandages","Red Mask","Ninja Scroll","MawBank"],"acts_visited":["Exordium","TheCity","TheBeyond"],"potions_floor_usage":[50,50],"damage_taken":[{"damage":0.0,"enemies":"Small Slimes","floor":1.0,"turns":1.0},{"damage":0.0,"enemies":"Jaw Worm","floor":5.0,"turns":1.0},{"damage":0.0,"enemies":"3 Sentries","floor":6.0,"turns":2.0},{"damage":1.0,"enemies":"Cultist","floor":8.0,"turns":4.0},{"damage":19.0,"enemies":"Lagavulin","floor":10.0,"turns":5.0},{"damage":1.0,"enemies":"3 Louse","floor":11.0,"turns":3.0},{"damage":4.0,"enemies":"Blue Slaver","floor":13.0,"turns":2.0},{"damage":0.0,"enemies":"Red Slaver","floor":14.0,"turns":4.0},{"damage":8.0,"enemies":"The Guardian","floor":16.0,"turns":14.0},{"damage":11.0,"enemies":"2 Thieves","floor":18.0,"turns":4.0},{"damage":7.0,"enemies":"Spheric Guardian","floor":20.0,"turns":4.0},{"damage":0.0,"enemies":"Snecko","floor":21.0,"turns":2.0},{"damage":19.0,"enemies":"Cultist and Chosen","floor":22.0,"turns":6.0},{"damage":18.0,"enemies":"Chosen and Byrds","floor":25.0,"turns":5.0},{"damage":0.0,"enemies":"Book of Stabbing","floor":30.0,"turns":2.0},{"damage":14.0,"enemies":"Sentry and Sphere","floor":31.0,"turns":4.0},{"damage":0.0,"enemies":"Champ","floor":33.0,"turns":4.0},{"damage":0.0,"enemies":"3 Darklings","floor":35.0,"turns":3.0},{"damage":0.0,"enemies":"3 Shapes","floor":37.0,"turns":3.0},{"damage":0.0,"enemies":"Jaw Worm Horde","floor":44.0,"turns":2.0},{"damage":0.0,"enemies":"Maw","floor":47.0,"turns":4.0},{"damage":0.0,"enemies":"4 Shapes","floor":48.0,"turns":2.0},{"damage":9,"enemies":"Time Eater","floor":50,"turns":8}],"seed_played":"1551592110348810961","potions_obtained":[{"floor":5.0,"key":"LiquidBronze"},{"floor":13.0,"key":"DuplicationPotion"},{"floor":25.0,"key":"DuplicationPotion"}],"is_trial":false,"path_per_floor":["M","?","$","?","M","E","R","M","T","E","M","?","M","M","R","B",null,"M","?","M","M","M","R","?","M","T","?","$","R","E","M","R","B",null,"M","?","M","$","?","R","?","$","T","M","T","R","M","M","R","B",null],"character_chosen":"THE_SILENT","items_purchased":["Accuracy","Accuracy"],"campfire_rested":3,"item_purchase_floors":[3,28],"current_hp_per_floor":[59,36,36,36,36,36,36,35,35,16,15,15,11,11,45,37,59,48,48,41,41,22,56,56,38,38,38,38,38,38,24,58,58,64,64,64,64,64,64,64,63,63,63,63,63,63,63,63,63,54],"gold":0,"neow_bonus":"THREE_ENEMY_KILL","is_daily":false,"chose_seed":false,"campfire_upgraded":5,"win_rate":0.0,"timestamp":1612927030,"path_taken":["M","?","$","?","M","E","R","?","T","E","M","?","M","M","R","BOSS","M","?","M","M","?","R","?","M","T","?","$","R","E","M","R","BOSS","M","?","M","$","?","R","?","$","T","M","?","R","?","M","R","BOSS"],"items_purchased_type":["Card","Card"],"build_version":"2020-12-22","purchased_purges":1,"victory":true,"max_hp_per_floor":[66,66,66,66,66,66,66,66,66,66,66,66,66,66,66,66,66,66,66,66,66,66,66,66,66,66,66,66,66,66,66,66,66,66,66,66,66,66,66,66,63,63,63,63,63,63,63,63,63,63],"card_choices":[{"not_picked":["Blade Dance","Distraction"],"picked":"Poisoned Stab","floor":1.0},{"not_picked":["Deadly Poison","Prepared"],"picked":"Acrobatics","floor":5.0},{"not_picked":["Acrobatics","Bane"],"picked":"Terror","floor":6.0},{"not_picked":["Prepared","Bouncing Flask"],"picked":"Storm of Steel","floor":8.0},{"not_picked":["Slice","Terror"],"picked":"Poisoned Stab","floor":10.0},{"not_picked":["Outmaneuver","Poisoned Stab","Bouncing Flask"],"picked":"SKIP","floor":11.0},{"not_picked":["Bane","Setup"],"picked":"Backflip","floor":13.0},{"not_picked":["Tools of the Trade","Deadly Poison"],"picked":"Calculated Gamble","floor":14.0},{"not_picked":["Venomology","Glass Knife"],"picked":"Adrenaline","floor":16.0},{"not_picked":["Quick Slash","Prepared"],"picked":"Acrobatics","floor":18.0},{"not_picked":["Outmaneuver+1","Terror","Tactician"],"picked":"SKIP","floor":20.0},{"not_picked":["Footwork","Dagger Throw"],"picked":"Backflip","floor":21.0},{"not_picked":["Dodge and Roll","Quick Slash","Acrobatics"],"picked":"SKIP","floor":22.0},{"not_picked":["Well Laid Plans","Dash"],"picked":"Reflex+1","floor":25.0},{"not_picked":["Bouncing Flask+1","Backstab","Dagger Spray+1"],"picked":"SKIP","floor":30.0},{"not_picked":["Quick Slash","Backstab","Flying Knee"],"picked":"SKIP","floor":31.0},{"not_picked":["Backstab","Flying Knee"],"picked":"Quick Slash","floor":31.0},{"not_picked":["Die Die Die","Tools of the Trade"],"picked":"Malaise","floor":33.0},{"not_picked":["Bane+1","Flechettes+1"],"picked":"Blade Dance","floor":35.0},{"not_picked":["Quick Slash+1","Dodge and Roll","Cloak And Dagger"],"picked":"SKIP","floor":37.0},{"not_picked":["Dodge and Roll","Cloak And Dagger"],"picked":"Quick Slash+1","floor":37.0},{"not_picked":["Underhanded Strike+1","Grand Finale+1"],"picked":"Escape Plan+1","floor":44.0},{"not_picked":["Deflect","All Out Attack+1","PiercingWail+1"],"picked":"SKIP","floor":47.0},{"not_picked":["Deflect","All Out Attack+1"],"picked":"PiercingWail+1","floor":47.0},{"not_picked":["Outmaneuver","Poisoned Stab+1","All Out Attack+1"],"picked":"SKIP","floor":48.0}],"player_experience":205265,"relics_obtained":[{"floor":6.0,"key":"Orichalcum"},{"floor":9.0,"key":"Regal Pillow"},{"floor":10.0,"key":"Akabeko"},{"floor":26.0,"key":"Ornamental Fan"},{"floor":30.0,"key":"Bottled Tornado"},{"floor":34.0,"key":"Bronze Scales"},{"floor":34.0,"key":"Molten Egg 2"},{"floor":34.0,"key":"Tough Bandages"},{"floor":43.0,"key":"Ninja Scroll"},{"floor":45.0,"key":"MawBank"}],"event_choices":[{"damage_healed":0.0,"max_hp_gain":0.0,"max_hp_loss":0.0,"gold_gain":0.0,"event_name":"Golden Idol","player_choice":"Take Damage","floor":2.0,"gold_loss":0.0,"damage_taken":23.0,"relics_obtained":["Golden Idol"]},{"cards_removed":["Strike_G"],"damage_healed":0.0,"max_hp_gain":0.0,"max_hp_loss":0.0,"gold_gain":0.0,"event_name":"Bonfire Elementals","player_choice":"Offered Basic","floor":4.0,"gold_loss":0.0,"damage_taken":0.0},{"damage_healed":0.0,"max_hp_gain":0.0,"max_hp_loss":0.0,"gold_gain":0.0,"event_name":"World of Goop","player_choice":"Left Gold","floor":12.0,"gold_loss":48.0,"damage_taken":0.0},{"damage_healed":0.0,"max_hp_gain":0.0,"max_hp_loss":0.0,"gold_gain":0.0,"event_name":"The Woman in Blue","player_choice":"Bought 1 Potion","floor":19.0,"gold_loss":0.0,"damage_taken":0.0},{"damage_healed":0.0,"max_hp_gain":0.0,"max_hp_loss":0.0,"gold_gain":50.0,"event_name":"Nest","player_choice":"Stole From Cult","floor":24.0,"gold_loss":0.0,"damage_taken":0.0},{"damage_healed":0.0,"max_hp_gain":0.0,"max_hp_loss":0.0,"gold_gain":0.0,"event_name":"Addict","player_choice":"Obtained Relic","floor":27.0,"gold_loss":85.0,"damage_taken":0.0,"relics_obtained":["Anchor"]},{"damage_healed":0.0,"max_hp_gain":0.0,"max_hp_loss":0.0,"gold_gain":0.0,"event_name":"Tomb of Lord Red Mask","player_choice":"Paid","floor":36.0,"gold_loss":43.0,"damage_taken":0.0,"relics_obtained":["Red Mask"]},{"damage_healed":0.0,"max_hp_gain":0.0,"max_hp_loss":0.0,"gold_gain":333.0,"event_name":"The Moai Head","player_choice":"Gave Idol","floor":39.0,"relics_lost":["Golden Idol"],"gold_loss":0.0,"damage_taken":0.0},{"damage_healed":0.0,"max_hp_gain":0.0,"max_hp_loss":3.0,"gold_gain":0.0,"event_name":"Winding Halls","player_choice":"Max HP","floor":41.0,"gold_loss":0.0,"damage_taken":0.0}],"is_beta":false,"boss_relics":[{"not_picked":["Velvet Choker","Pandora\u0027s Box"],"picked":"Ectoplasm"},{"not_picked":["Tiny House","Runic Dome"],"picked":"Calling Bell"}],"items_purged_floors":[3],"is_endless":false,"potions_floor_spawned":[5,13,14,16,22,25,31,44,47,48],"ascension_level":18}}