{"host":"ljaiy5ygc2blx6r2","time":1612965156,"event":{"mods":["BaseMod","Challenge The Spire","Colored Powertips","Conspire","Highlight Path","HornydragonMod","Koishi","Marisa（F雨　魔理沙）","Minty Spire (QoL Compilation)","Reimu（博丽灵梦）","Remilia（蕾米莉亚）","Replay The Spire","RumiaBox-露米娅的神秘盒子","SOS（斯巴达之子）","StSLib","TestMod","The Animator","The Bug Knight","The Cursed","The Disciple","The Gatherer","The Hierophant","The Necromancer","The Runesmith","The Senshi","UnlockEverythingMod","Yuri Mod","Yuyuko","[IsaacMod]以撒尖塔","【功能Mod】聪明的最终Boss","篝火指南"],"gold_per_floor":[135,310,270,287,300,300,300,300],"floor_reached":7,"language":"ZHS","playtime":313,"items_purged":[],"score":43,"play_id":"3b4001f3-ebb2-4f00-97a4-0b8182758c9f","local_time":"20210210215236","is_ascension_mode":true,"campfire_choices":[{"data":"Runesmith:UnlimitedPower","floor":6,"key":"SMITH"}],"circlet_count":0,"master_deck":["Runesmith:Strike_RS","Runesmith:Strike_RS","Runesmith:Strike_RS","Runesmith:Strike_RS","Runesmith:Defend_RS","Runesmith:Defend_RS","Runesmith:Defend_RS","Runesmith:Defend_RS","Runesmith:CraftFirestone","Runesmith:Fortify","EpicFetus","Defend_G","Defend_RM","Runesmith:UnlimitedPower+1","Runesmith:HeatExchange","Runesmith:HeatedChisel","Doubt","Runesmith:CraftMagma","Runesmith:ShiftingStrike"],"relics":["Runesmith:BrokenRuby","testmod-TestBox","HushsDoor","testmod-BouquetWithThorns","D6","Baka","testmod-Fanaticism","PaintedHorse:ReiMu"],"acts_visited":["Exordium"],"potions_floor_usage":[],"damage_taken":[{"damage":2,"enemies":"Jaw Worm","floor":1,"turns":4},{"damage":15,"enemies":"Small Slimes","floor":4,"turns":2},{"damage":0,"enemies":"Cultist","floor":5,"turns":3},{"damage":41,"enemies":"Gremlin Nob","floor":7,"turns":4}],"seed_played":"9215156548550121776","potions_obtained":[{"floor":1,"key":"Ancient Potion"},{"floor":1,"key":"Ancient Potion"},{"floor":5,"key":"SkillPotion"}],"is_trial":false,"path_per_floor":["M","?","?","M","M","R","E"],"character_chosen":"RUNESMITH_CLASS","items_purchased":[],"campfire_rested":0,"item_purchase_floors":[],"current_hp_per_floor":[68,68,68,61,61,61,22,22],"gold":300,"neow_bonus":"THREE_RARE_CARDS","is_daily":false,"chose_seed":false,"campfire_upgraded":1,"win_rate":0.0,"timestamp":1612965156,"path_taken":["M","?","?","?","?","R","E"],"items_purchased_type":[],"build_version":"2020-12-22","purchased_purges":0,"victory":false,"max_hp_per_floor":[70,70,70,70,70,70,70,70],"card_choices":[{"not_picked":[],"picked":"EpicFetus","floor":0},{"not_picked":["Runesmith:LightningRod","Runesmith:LastStand"],"picked":"Runesmith:UnlimitedPower","floor":0},{"not_picked":["Runesmith:Accelerate","Runesmith:Overpower"],"picked":"Runesmith:HeatExchange","floor":1},{"not_picked":["Runesmith:Superposition","Runesmith:MakeshiftArmor"],"picked":"Runesmith:HeatedChisel","floor":1},{"not_picked":["Runesmith:HammerThrow","Runesmith:HeatExchange"],"picked":"Runesmith:CraftMagma","floor":4},{"not_picked":["Runesmith:OneForEveryone","Runesmith:Overpower"],"picked":"Runesmith:ShiftingStrike","floor":5}],"player_experience":204654,"relics_obtained":[{"floor":1,"key":"Baka"},{"floor":1,"key":"Baka"},{"floor":1,"key":"testmod-Fanaticism"}],"event_choices":[{"damage_healed":0,"gold_gain":175,"player_choice":"AGREE","damage_taken":0,"max_hp_gain":0,"max_hp_loss":0,"event_name":"Liars Game","floor":2,"gold_loss":0,"cards_obtained":["Doubt"]},{"damage_healed":0,"gold_gain":0,"player_choice":"塞钱","damage_taken":0,"relics_obtained":["PaintedHorse:ReiMu"],"max_hp_gain":0,"max_hp_loss":0,"event_name":"yidonshenshe","floor":3,"gold_loss":40}],"is_beta":false,"boss_relics":[],"items_purged_floors":[],"is_endless":false,"potions_floor_spawned":[1,5],"killed_by":"Gremlin Nob","ascension_level":1}}