{"host":"phniwng9zo19jwdb","time":1612963884,"event":{"mods":["AchievementEnabler","BaseMod","Colored Powertips","Dark Map","Faster Ascension Climbing","GifTheSpireLib","Minty Spire (QoL Compilation)","Permanent Neow","Rare Cards Sparkle","Relic Filter Mod","StSLib","Weighted Paths"],"gold_per_floor":[113,127,177,14,32,32,64,64,64,99,110,128,140,151,151,225,225,238,238,30,47,47,47,73,73,73,101,101,6,24,40,40,118,118,132,148,163,173,2,28,48,61,61,61,72,72,72,105,105,105,105,105],"floor_reached":51,"language":"ENG","playtime":3243,"items_purged":["Outmaneuver"],"score":1572,"play_id":"2f7a7c3a-bd39-4d75-ba6e-a139bf80bfad","local_time":"20210210143124","is_ascension_mode":true,"campfire_choices":[{"data":"Calculated Gamble","floor":6,"key":"SMITH"},{"data":"Glass Knife","floor":8,"key":"SMITH"},{"data":"Footwork","floor":15,"key":"SMITH"},{"data":"Acrobatics","floor":23,"key":"SMITH"},{"data":"Footwork","floor":25,"key":"SMITH"},{"data":"Reflex","floor":28,"key":"SMITH"},{"data":"A Thousand Cuts","floor":32,"key":"SMITH"},{"data":"Writhe","floor":44,"key":"PURGE"},{"floor":47,"key":"RECALL"},{"data":"Footwork","floor":49,"key":"SMITH"}],"circlet_count":0,"master_deck":["AscendersBane","Survivor","Neutralize","Die Die Die","Reflex+1","Blade Dance","A Thousand Cuts+1","Underhanded Strike","After Image+1","Escape Plan","Deflect","Acrobatics+1","Die Die Die","Calculated Gamble+1","Glass Knife+1","Prepared+1","Tactician+1","PiercingWail+1","Footwork+1","Bullet Time+1","Jack Of All Trades+1","Footwork+1","Underhanded Strike+1","Dodge and Roll+1","Escape Plan+1","Bandage Up+1","Burst+1","Malaise+1","Infinite Blades","Cloak And Dagger+1","Blur+1","Backflip+1","Reflex+1","Footwork+1","Escape Plan+1","Accuracy+1","After Image"],"relics":["Pandora\u0027s Box","Toolbox","Pear","HornCleat","Toxic Egg 2","Black Star","Peace Pipe","Meat on the Bone","Sundial","Ninja Scroll","Toy Ornithopter","Cursed Key","Medical Kit","Lantern","Question Card","Blood Vial","Mango"],"acts_visited":["Exordium","TheCity","TheBeyond"],"potions_floor_usage":[16,27,27,31,37,50],"damage_taken":[{"damage":6,"enemies":"Small Slimes","floor":1,"turns":4},{"damage":0,"enemies":"Cultist","floor":2,"turns":4},{"damage":0,"enemies":"2 Louse","floor":5,"turns":2},{"damage":7,"enemies":"Lagavulin","floor":7,"turns":5},{"damage":0,"enemies":"3 Sentries","floor":10,"turns":3},{"damage":0,"enemies":"Red Slaver","floor":11,"turns":3},{"damage":0,"enemies":"3 Louse","floor":12,"turns":1},{"damage":10,"enemies":"Exordium Wildlife","floor":13,"turns":2},{"damage":1,"enemies":"Gremlin Gang","floor":14,"turns":3},{"damage":10,"enemies":"Hexaghost","floor":16,"turns":8},{"damage":0,"enemies":"3 Byrds","floor":18,"turns":3},{"damage":9,"enemies":"Shell Parasite","floor":21,"turns":4},{"damage":7,"enemies":"Slavers","floor":24,"turns":2},{"damage":18,"enemies":"Book of Stabbing","floor":27,"turns":6},{"damage":0,"enemies":"3 Cultists","floor":30,"turns":4},{"damage":1,"enemies":"Shelled Parasite and Fungi","floor":31,"turns":4},{"damage":24,"enemies":"Collector","floor":33,"turns":8},{"damage":3,"enemies":"3 Shapes","floor":35,"turns":4},{"damage":0,"enemies":"Orb Walker","floor":36,"turns":3},{"damage":8,"enemies":"Writhing Mass","floor":37,"turns":6},{"damage":2,"enemies":"Sphere and 2 Shapes","floor":38,"turns":4},{"damage":23,"enemies":"Nemesis","floor":40,"turns":10},{"damage":0,"enemies":"4 Shapes","floor":41,"turns":2},{"damage":8,"enemies":"Spire Growth","floor":42,"turns":6},{"damage":0,"enemies":"Maw","floor":45,"turns":7},{"damage":11,"enemies":"Reptomancer","floor":48,"turns":7},{"damage":3,"enemies":"Donu and Deca","floor":50,"turns":9},{"damage":105,"enemies":"Time Eater","floor":51,"turns":13}],"seed_played":"6391648742863757044","potions_obtained":[{"floor":2,"key":"LiquidMemories"},{"floor":10,"key":"Dexterity Potion"},{"floor":11,"key":"Poison Potion"},{"floor":14,"key":"AttackPotion"},{"floor":18,"key":"ColorlessPotion"},{"floor":27,"key":"AttackPotion"},{"floor":30,"key":"GhostInAJar"},{"floor":36,"key":"DuplicationPotion"},{"floor":38,"key":"SpeedPotion"},{"floor":45,"key":"LiquidMemories"}],"is_trial":false,"path_per_floor":["M","M","?","$","M","R","E","R","T","E","M","M","M","M","R","B",null,"M","?","$","M","?","R","E","R","T","E","R","$","M","M","R","B",null,"M","M","M","M","$","E","M","M","T","R","M","?","R","E","R","B","B"],"character_chosen":"THE_SILENT","items_purchased":["Toolbox","Jack Of All Trades+1","Footwork","Bandage Up+1","Medical Kit"],"campfire_rested":0,"item_purchase_floors":[4,20,20,29,39],"current_hp_per_floor":[53,53,53,53,53,53,56,56,56,56,56,56,46,45,45,35,66,66,66,66,57,57,57,50,50,50,44,44,44,50,60,60,42,68,71,76,76,76,76,59,59,63,63,63,69,69,69,78,78,88,0,0],"gold":105,"neow_bonus":"BOSS_RELIC","is_daily":false,"chose_seed":false,"campfire_upgraded":8,"win_rate":0.0,"timestamp":1612963884,"path_taken":["M","M","?","?","M","R","E","R","T","E","M","M","M","M","R","BOSS","M","?","$","?","?","R","E","R","T","E","R","?","M","M","R","BOSS","M","M","M","M","$","E","M","M","T","R","M","?","R","E","R","BOSS","BOSS"],"items_purchased_type":["Relic","Card","Card","Card","Relic"],"build_version":"2020-12-22","purchased_purges":1,"victory":false,"max_hp_per_floor":[66,66,66,66,66,66,76,76,76,76,76,76,76,76,76,76,76,76,76,76,76,76,76,76,76,76,76,76,76,76,76,76,76,76,76,76,76,76,76,76,76,76,76,76,76,76,76,90,90,90,90,90],"card_choices":[{"not_picked":["Quick Slash","Flying Knee"],"picked":"Acrobatics","floor":1},{"not_picked":["Quick Slash","Underhanded Strike"],"picked":"Die Die Die","floor":2},{"not_picked":["Sucker Punch","Dodge and Roll"],"picked":"Calculated Gamble","floor":5},{"not_picked":["Deflect","Dagger Spray"],"picked":"Glass Knife","floor":7},{"not_picked":["Crippling Poison+1","Poisoned Stab"],"picked":"Prepared+1","floor":10},{"not_picked":["Slice","Bane","Dagger Throw"],"picked":"SKIP","floor":11},{"not_picked":["Well Laid Plans","Concentrate+1"],"picked":"Tactician+1","floor":12},{"not_picked":["Skewer","Choke"],"picked":"PiercingWail+1","floor":13},{"not_picked":["Setup+1","Dash"],"picked":"Footwork","floor":14},{"not_picked":["Malaise+1","Die Die Die"],"picked":"Bullet Time+1","floor":16},{"not_picked":["Dagger Spray","Quick Slash","Accuracy"],"picked":"SKIP","floor":18},{"not_picked":["Dodge and Roll+1","Crippling Poison+1"],"picked":"Underhanded Strike+1","floor":21},{"not_picked":["Underhanded Strike","Finisher+1"],"picked":"Dodge and Roll+1","floor":24},{"not_picked":["Deadly Poison+1","Dash"],"picked":"Escape Plan+1","floor":27},{"not_picked":["Dodge and Roll+1","Heel Hook"],"picked":"Burst+1","floor":30},{"not_picked":["Underhanded Strike","PiercingWail+1","Slice"],"picked":"SKIP","floor":31},{"not_picked":["Die Die Die","Corpse Explosion+1"],"picked":"Malaise+1","floor":33},{"not_picked":["Deadly Poison+1","Underhanded Strike"],"picked":"Infinite Blades","floor":35},{"not_picked":["Bane","Flying Knee"],"picked":"Cloak And Dagger+1","floor":36},{"not_picked":["Infinite Blades","Flechettes"],"picked":"Blur+1","floor":37},{"not_picked":["Eviscerate","Flying Knee"],"picked":"Backflip+1","floor":38},{"not_picked":["PiercingWail+1","Heel Hook"],"picked":"Reflex+1","floor":40},{"not_picked":["Endless Agony","Wraith Form v2","Caltrops"],"picked":"Footwork","floor":41},{"not_picked":["Riddle With Holes","Dagger Throw+1","Underhanded Strike+1"],"picked":"Escape Plan+1","floor":42},{"not_picked":["Deflect+1","Backstab","Outmaneuver+1"],"picked":"Accuracy+1","floor":45},{"not_picked":["Endless Agony","Sucker Punch","Backflip+1"],"picked":"After Image","floor":48}],"player_experience":99931,"relics_obtained":[{"floor":7,"key":"Pear"},{"floor":9,"key":"HornCleat"},{"floor":10,"key":"Toxic Egg 2"},{"floor":24,"key":"Peace Pipe"},{"floor":24,"key":"Meat on the Bone"},{"floor":26,"key":"Sundial"},{"floor":27,"key":"Ninja Scroll"},{"floor":27,"key":"Toy Ornithopter"},{"floor":40,"key":"Lantern"},{"floor":40,"key":"Question Card"},{"floor":48,"key":"Blood Vial"},{"floor":48,"key":"Mango"}],"event_choices":[{"damage_healed":0,"gold_gain":50,"player_choice":"Pray","damage_taken":0,"max_hp_gain":0,"max_hp_loss":0,"event_name":"Golden Shrine","floor":3,"gold_loss":0},{"cards_removed":["Catalyst"],"damage_healed":0,"gold_gain":0,"player_choice":"Purged","damage_taken":0,"max_hp_gain":0,"max_hp_loss":0,"event_name":"Purifier","floor":19,"gold_loss":0},{"damage_healed":0,"gold_gain":0,"player_choice":"Ignored","damage_taken":0,"max_hp_gain":0,"max_hp_loss":0,"event_name":"Vampires","floor":22,"gold_loss":0},{"damage_healed":0,"gold_gain":0,"player_choice":"Upgraded","damage_taken":0,"max_hp_gain":0,"max_hp_loss":0,"event_name":"Upgrade Shrine","floor":46,"gold_loss":0,"cards_upgraded":["After Image"]}],"is_beta":false,"boss_relics":[{"not_picked":["Empty Cage","WristBlade"],"picked":"Black Star"},{"not_picked":["Snecko Eye","Velvet Choker"],"picked":"Cursed Key"}],"items_purged_floors":[20],"is_endless":false,"potions_floor_spawned":[2,10,11,14,18,27,30,36,38,41,45,48],"killed_by":"Time Eater","ascension_level":20}}