{"host":"28p8ce41sjwa6lzf","time":1612975881,"event":{"mods":["BaseMod","Bestiary","Colored Map","Colored Powertips","Dark Map","Highlight Path","Minty Spire (QoL Compilation)","Permanent Neow","Quick Restart","Random Character Button","Rare Cards Sparkle","Relic Stats","StSLib","Unceasing Turn Reminder"],"gold_per_floor":[114,134,145,159,159,194,194,219,219,232,63,63,106,6,6,6,6],"floor_reached":16,"language":"ENG","playtime":711,"items_purged":[],"score":240,"play_id":"c798d2c9-9bef-4bcc-a657-9e0820cb1a82","local_time":"20210210105121","is_ascension_mode":true,"campfire_choices":[{"floor":7.0,"key":"REST"},{"floor":15.0,"key":"REST"}],"circlet_count":0,"master_deck":["AscendersBane","Strike_R","Strike_R","Strike_R","Strike_R","Strike_R","Defend_R","Defend_R","Defend_R","Defend_R","Bash","Spot Weakness","Flame Barrier","Cleave","Hemokinesis","Shrug It Off","Double Tap","Demon Form","Uppercut","Burning Pact"],"relics":["Burning Blood","Prayer Wheel","Nunchaku","Vajra","Golden Idol","Unceasing Top","Tiny Chest"],"acts_visited":["Exordium"],"potions_floor_usage":[16,16],"damage_taken":[{"damage":6.0,"enemies":"2 Louse","floor":1.0,"turns":3.0},{"damage":7.0,"enemies":"Cultist","floor":2.0,"turns":4.0},{"damage":14.0,"enemies":"Jaw Worm","floor":3.0,"turns":4.0},{"damage":15.0,"enemies":"Red Slaver","floor":4.0,"turns":3.0},{"damage":41.0,"enemies":"Gremlin Nob","floor":6.0,"turns":4.0},{"damage":21.0,"enemies":"Lagavulin","floor":8.0,"turns":7.0},{"damage":8.0,"enemies":"Looter","floor":10.0,"turns":3.0},{"damage":19.0,"enemies":"3 Sentries","floor":13.0,"turns":8.0},{"damage":39,"enemies":"Slime Boss","floor":16,"turns":7}],"seed_played":"-508280150184325092","potions_obtained":[{"floor":1.0,"key":"CultistPotion"},{"floor":3.0,"key":"LiquidMemories"},{"floor":6.0,"key":"DistilledChaos"},{"floor":10.0,"key":"GamblersBrew"},{"floor":13.0,"key":"Block Potion"}],"is_trial":false,"path_per_floor":["M","M","M","M","?","E","R","E","T","M","$","?","E","?","R","B"],"character_chosen":"IRONCLAD","items_purchased":["Vajra"],"campfire_rested":2,"item_purchase_floors":[11],"current_hp_per_floor":[68,67,59,50,55,20,44,29,29,27,27,27,14,14,35,0,0],"gold":6,"neow_bonus":"THREE_CARDS","is_daily":false,"chose_seed":false,"campfire_upgraded":0,"win_rate":0.0,"timestamp":1612975881,"path_taken":["M","M","M","M","?","E","R","E","T","M","$","?","E","?","R","BOSS"],"items_purchased_type":["Relic"],"build_version":"2020-12-22","purchased_purges":0,"victory":false,"max_hp_per_floor":[75,75,75,75,80,80,80,80,80,80,80,72,72,72,72,72,72],"relic_stats":{"Nunchaku":[3],"counters":[9,43],"Golden Idol":9,"Prayer Wheel":1,"Tiny Chest":0,"obtain_stats":[{"Nunchaku":8,"Golden Idol":12,"Vajra":11,"Prayer Wheel":6,"Tiny Chest":14,"Burning Blood":0,"Unceasing Top":13},{"Nunchaku":6,"Golden Idol":7,"Vajra":7,"Prayer Wheel":5,"Tiny Chest":8,"Burning Blood":0,"Unceasing Top":8},{"Nunchaku":25,"Golden Idol":28,"Vajra":28,"Prayer Wheel":18,"Tiny Chest":36,"Burning Blood":0,"Unceasing Top":36}],"Burning Blood":48,"Unceasing Top":[0]},"card_choices":[{"not_picked":["Rupture","Clothesline"],"picked":"Spot Weakness","floor":0.0},{"not_picked":["Rage","Armaments"],"picked":"Flame Barrier","floor":1.0},{"not_picked":["Clothesline","Iron Wave"],"picked":"Cleave","floor":2.0},{"not_picked":["Pummel","Anger"],"picked":"Hemokinesis","floor":3.0},{"not_picked":["Pommel Strike","Anger"],"picked":"Shrug It Off","floor":4.0},{"not_picked":["Heavy Blade","Pommel Strike"],"picked":"Double Tap","floor":6.0},{"not_picked":["Headbutt","Twin Strike"],"picked":"Demon Form","floor":8.0},{"not_picked":["Armaments","Infernal Blade"],"picked":"Uppercut","floor":10.0},{"not_picked":["Headbutt","Armaments","Bloodletting"],"picked":"SKIP","floor":10.0},{"not_picked":["Searing Blow","Twin Strike"],"picked":"Burning Pact","floor":13.0}],"player_experience":1021408,"relics_obtained":[{"floor":6.0,"key":"Prayer Wheel"},{"floor":8.0,"key":"Nunchaku"},{"floor":13.0,"key":"Unceasing Top"}],"event_choices":[{"damage_healed":0.0,"max_hp_gain":5.0,"max_hp_loss":0.0,"gold_gain":0.0,"event_name":"Big Fish","player_choice":"Donut","floor":5.0,"gold_loss":0.0,"damage_taken":0.0},{"damage_healed":0.0,"max_hp_gain":0.0,"max_hp_loss":8.0,"gold_gain":0.0,"event_name":"Golden Idol","player_choice":"Lose Max HP","floor":12.0,"gold_loss":0.0,"damage_taken":0.0,"relics_obtained":["Golden Idol"]},{"damage_healed":0.0,"max_hp_gain":0.0,"max_hp_loss":0.0,"gold_gain":0.0,"event_name":"WeMeetAgain","player_choice":"Paid Gold","floor":14.0,"gold_loss":100.0,"damage_taken":0.0,"relics_obtained":["Tiny Chest"]}],"is_beta":false,"boss_relics":[],"items_purged_floors":[],"is_endless":false,"potions_floor_spawned":[1,3,6,10,13],"killed_by":"Slime Boss","ascension_level":20}}