{"host":"yans4pr1zf0lm9bx","time":1612991257,"event":{"mods":["AchievementEnabler","BaseMod","Minty Spire (QoL Compilation)","Replay The Spire","StSLib","SuperFastMode","slay the spire mod where everything is the same but ironclad has a cowboy hat"],"gold_per_floor":[110,110,122,47,73,73,105,115,186,214,214,248,266,281,281,378,378,396,423,338,338,354,381,381,381,381,57,87,100,100,100,100,196,196,215,215,32,50,62,62,62,62,141,166,166,12,12,45,45,67,67,67,67,110,132,132],"floor_reached":55,"language":"ENG","playtime":4311,"items_purged":["Strike_P","Vigilance"],"score":797,"play_id":"ac30a279-2ef8-408d-afff-02217aa20405","local_time":"20210210160737","is_ascension_mode":true,"campfire_choices":[{"data":"Replay:Battleflow","floor":6,"key":"SMITH"},{"data":"Evaluate","floor":15,"key":"SMITH"},{"data":"Judgement","floor":24,"key":"SMITH"},{"data":"PathToVictory","floor":32,"key":"SMITH"},{"floor":40,"key":"RECALL"},{"data":"DevaForm","floor":42,"key":"SMITH"},{"data":"Replay:AtTheReady","floor":45,"key":"SMITH"},{"data":"EmptyMind","floor":47,"key":"SMITH"},{"data":"Nirvana","floor":49,"key":"SMITH"},{"data":"Prostrate","floor":52,"key":"SMITH"}],"circlet_count":0,"master_deck":["Defend_P","Defend_P","Defend_P","PathToVictory","DevaForm","WaveOfTheHand","Replay:Battleflow+1","Judgement+1","PathToVictory+1","Conclude","SpiritShield","Consecrate+1","Evaluate+1","DevaForm+1","WreathOfFlame+1","Weave+1","JustLucky+1","Prostrate+1","JustLucky+1","EmptyBody","JustLucky+1","Evaluate+1","Nirvana+1","Necronomicurse","ConjureBlade","EmptyMind+1","PathToVictory","PathToVictory","CutThroughFate+1","WindmillStrike+1","Replay:AtTheReady+1","Consecrate+1","Protect+1"],"relics":["PureWater","NeowsBlessing","Centennial Puzzle","Snack Pack","Meat on the Bone","CloakClasp","ReplayTheSpireMod:Lightbulb","Astrolabe","Red Mask","Bag of Preparation","Onion Ring","Singing Bowl","Whetstone","Mummified Hand","Bottled Tornado","Necronomicon","Ring of Chaos","Orrery","Letter Opener","Lantern","Replay:Bandana","GoldenEye"],"acts_visited":["Exordium","TheCity","TheBeyond","TheEnding"],"potions_floor_usage":[12,44,48,55],"damage_taken":[{"damage":0,"enemies":"Small Slimes","floor":1,"turns":1},{"damage":0,"enemies":"Cultist","floor":3,"turns":1},{"damage":0,"enemies":"Lagavulin","floor":7,"turns":2},{"damage":0,"enemies":"Jaw Worm","floor":8,"turns":3},{"damage":48,"enemies":"3 Sentries","floor":10,"turns":13},{"damage":5,"enemies":"Lagavulin","floor":12,"turns":6},{"damage":20,"enemies":"Blue Slaver","floor":13,"turns":4},{"damage":0,"enemies":"Lots of Slimes","floor":14,"turns":2},{"damage":35,"enemies":"The Guardian","floor":16,"turns":8},{"damage":4,"enemies":"Spheric Guardian","floor":18,"turns":6},{"damage":32,"enemies":"Masked Bandits","floor":19,"turns":9},{"damage":2,"enemies":"2 Thieves","floor":22,"turns":5},{"damage":0,"enemies":"Gremlin Leader","floor":23,"turns":6},{"damage":1,"enemies":"Book of Stabbing","floor":28,"turns":8},{"damage":0,"enemies":"3 Cultists","floor":29,"turns":5},{"damage":0,"enemies":"Champ","floor":33,"turns":11},{"damage":3,"enemies":"3 Shapes","floor":35,"turns":3},{"damage":7,"enemies":"3 Darklings","floor":38,"turns":12},{"damage":23,"enemies":"Jaw Worm Horde","floor":39,"turns":6},{"damage":21,"enemies":"Giant Head","floor":44,"turns":8},{"damage":0,"enemies":"Reptomancer","floor":48,"turns":6},{"damage":22,"enemies":"Replay:Hell Engine","floor":50,"turns":8},{"damage":9,"enemies":"Shield and Spear","floor":54,"turns":5},{"damage":123,"enemies":"The Heart","floor":55,"turns":2}],"seed_played":"-8847820693376695952","potions_obtained":[{"floor":1,"key":"BlessingOfTheForge"},{"floor":7,"key":"CultistPotion"},{"floor":8,"key":"BlessingOfTheForge"},{"floor":19,"key":"DistilledChaos"},{"floor":39,"key":"DistilledChaos"}],"is_trial":false,"path_per_floor":["M","?","M","$","T","R","E","M","T","E","?","E","M","M","R","B",null,"M","?","?","?","M","E","R","?","T","$","E","M","T","?","R","B",null,"M","?","$","M","M","R","?","R","T","E","R","$","R","E","R","B",null,"R","$","E","B"],"character_chosen":"WATCHER","items_purchased":["EmptyBody","JustLucky","Whetstone","PathToVictory","Orrery","Lantern"],"campfire_rested":0,"item_purchase_floors":[27,27,27,37,37,46],"current_hp_per_floor":[72,72,72,72,72,72,72,72,72,36,29,36,28,40,40,21,72,68,48,48,72,70,70,70,70,70,70,72,72,72,56,56,66,72,72,74,78,73,52,52,52,52,52,53,53,53,53,63,63,57,82,82,82,84,0,0],"gold":132,"neow_bonus":"THREE_ENEMY_KILL","is_daily":false,"chose_seed":false,"campfire_upgraded":9,"win_rate":0.0,"timestamp":1612991257,"path_taken":["M","?","?","$","?","R","E","M","T","E","?","E","M","M","R","BOSS","M","?","?","?","?","E","R","?","T","?","E","M","?","?","R","BOSS","M","?","$","M","M","R","?","R","T","E","R","$","R","E","R","BOSS","R","$","E","BOSS"],"items_purchased_type":["Card","Card","Relic","Card","Relic","Relic"],"build_version":"2020-12-22","purchased_purges":2,"victory":false,"max_hp_per_floor":[72,72,72,72,72,72,72,72,72,72,72,72,72,72,72,72,72,72,72,72,72,72,72,72,72,72,72,72,72,72,72,72,72,72,72,74,78,78,78,78,78,78,78,80,80,80,80,82,82,82,82,82,82,84,84,84],"card_choices":[{"not_picked":["Replay:Anticipation","CutThroughFate"],"picked":"PathToVictory","floor":1},{"not_picked":["Nirvana","Vengeance"],"picked":"Replay:Battleflow","floor":3},{"not_picked":["EmptyFist","Adaptation"],"picked":"Judgement","floor":7},{"not_picked":["Crescendo","Worship"],"picked":"PathToVictory","floor":8},{"not_picked":["Replay:BluntJabs","Worship"],"picked":"Conclude","floor":10},{"not_picked":["Blasphemy","TalkToTheHand"],"picked":"SpiritShield","floor":12},{"not_picked":["WheelKick","Replay:DivineShield"],"picked":"Consecrate","floor":13},{"not_picked":["EmptyBody","Weave"],"picked":"Evaluate","floor":14},{"not_picked":["Replay:AllIn","Blasphemy"],"picked":"DevaForm","floor":16},{"not_picked":["Pray","ThirdEye"],"picked":"JustLucky+1","floor":18},{"not_picked":["FlyingSleeves","Consecrate"],"picked":"Prostrate","floor":19},{"not_picked":["CrushJoints+1","TalkToTheHand+1"],"picked":"JustLucky+1","floor":22},{"not_picked":["Replay:Hum","LessonLearned","CrushJoints"],"picked":"SKIP","floor":23},{"not_picked":["MentalFortress","FlurryOfBlows+1"],"picked":"Evaluate+1","floor":28},{"not_picked":["Swivel","JustLucky"],"picked":"Nirvana","floor":29},{"not_picked":["Brilliance","Ragnarok"],"picked":"ConjureBlade","floor":33},{"not_picked":["CrushJoints","Protect+1"],"picked":"EmptyMind","floor":35},{"not_picked":["Swift Strike","ReplayTheSpireMod:Uncanny Aura","Specialist"],"picked":"Singing Bowl","floor":36},{"not_picked":["ClearTheMind+1","MasterReality","Indignation"],"picked":"Singing Bowl","floor":37},{"not_picked":["ThirdEye","CrushJoints"],"picked":"CutThroughFate+1","floor":37},{"not_picked":["SpiritShield","CutThroughFate"],"picked":"WindmillStrike+1","floor":37},{"not_picked":["Pray","Worship+1","WreathOfFlame"],"picked":"Singing Bowl","floor":37},{"not_picked":["JustLucky+1","SandsOfTime"],"picked":"Replay:AtTheReady","floor":37},{"not_picked":["Protect","Halt"],"picked":"Consecrate+1","floor":38},{"not_picked":["Replay:AtTheReady","PathToVictory"],"picked":"Protect+1","floor":39},{"not_picked":["Vengeance","DeceiveReality+1","Replay:BluntJabs"],"picked":"Singing Bowl","floor":44},{"not_picked":["JustLucky+1","LessonLearned","CutThroughFate"],"picked":"Singing Bowl","floor":48},{"not_picked":["BowlingBash+1","ClearTheMind","BattleHymn+1"],"picked":"Singing Bowl","floor":54}],"player_experience":256989,"relics_obtained":[{"floor":5,"key":"Centennial Puzzle"},{"floor":7,"key":"Snack Pack"},{"floor":9,"key":"Meat on the Bone"},{"floor":10,"key":"CloakClasp"},{"floor":12,"key":"ReplayTheSpireMod:Lightbulb"},{"floor":19,"key":"Red Mask"},{"floor":23,"key":"Onion Ring"},{"floor":26,"key":"Singing Bowl"},{"floor":28,"key":"Mummified Hand"},{"floor":30,"key":"Bottled Tornado"},{"floor":31,"key":"Necronomicon"},{"floor":44,"key":"Letter Opener"},{"floor":48,"key":"Replay:Bandana"},{"floor":54,"key":"GoldenEye"}],"event_choices":[{"damage_healed":0,"gold_gain":0,"player_choice":"2 cards matched","damage_taken":0,"max_hp_gain":0,"max_hp_loss":0,"event_name":"Match and Keep!","floor":2,"gold_loss":0,"cards_obtained":["DevaForm","WaveOfTheHand"]},{"cards_removed":["Strike_P"],"damage_healed":0,"gold_gain":0,"player_choice":"Card Removal","damage_taken":7,"max_hp_gain":0,"max_hp_loss":0,"event_name":"Golden Wing","floor":11,"gold_loss":0},{"damage_healed":0,"gold_gain":0,"player_choice":"Fought Bandits","damage_taken":0,"max_hp_gain":0,"max_hp_loss":0,"event_name":"Masked Bandits","floor":19,"gold_loss":0},{"damage_healed":0,"gold_gain":0,"player_choice":"Obtained Relic","damage_taken":0,"relics_obtained":["Bag of Preparation"],"max_hp_gain":0,"max_hp_loss":0,"event_name":"Addict","floor":20,"gold_loss":85},{"cards_removed":["Tantrum"],"damage_healed":24,"gold_gain":0,"player_choice":"Offered Uncommon","damage_taken":0,"max_hp_gain":0,"max_hp_loss":0,"event_name":"Bonfire Elementals","floor":21,"gold_loss":0},{"cards_removed":["Eruption"],"damage_healed":0,"gold_gain":0,"player_choice":"Card Removal","damage_taken":0,"max_hp_gain":0,"max_hp_loss":0,"event_name":"Wheel of Change","floor":25,"gold_loss":0},{"damage_healed":0,"gold_gain":0,"player_choice":"Obtained Book","damage_taken":16,"max_hp_gain":0,"max_hp_loss":0,"event_name":"Cursed Tome","floor":31,"gold_loss":0},{"damage_healed":0,"gold_gain":0,"player_choice":"Memory 1","damage_taken":0,"max_hp_gain":0,"max_hp_loss":0,"event_name":"SensoryStone","floor":36,"gold_loss":0},{"damage_healed":0,"gold_gain":0,"player_choice":"Ignored","damage_taken":0,"max_hp_gain":0,"max_hp_loss":0,"event_name":"SecretPortal","floor":41,"gold_loss":0}],"is_beta":false,"boss_relics":[{"not_picked":["Replay:Ancient Bell","Coffee Dripper"],"picked":"Astrolabe"},{"not_picked":["Runic Dome","Snecko Eye"],"picked":"Ring of Chaos"}],"items_purged_floors":[4,27],"is_endless":false,"potions_floor_spawned":[1,7,8,10,19,23,28,33,38,39],"killed_by":"The Heart","ascension_level":2}}