{"host":"n95r2z13dwkl182w","time":1612973050,"event":{"mods":["2.2 Compatiblity","AchievementEnabler","BaseMod","Colored Map","Hermit","Marisa£¨Ùöéë¡¡Øª×âÞÞ£©","Minty Spire (QoL Compilation)","StSLib","SuperFastMode","everything is the same but u backflip on backflip"],"gold_per_floor":[110,110,41,58,72,103,103,103,130,149,180,180,198,217,217,317,317,332,332,42,57,76,108,122,122,122,122,138,63,95,121,121,239,239,254,254,282,311,311,341,394,406,432,138,138,204,57,73,73,73],"floor_reached":51,"language":"KOR","playtime":4509,"items_purged":[],"score":679,"play_id":"b22472b6-942e-4cc8-8c45-fcb796860213","local_time":"20210211010410","is_ascension_mode":false,"campfire_choices":[{"data":"PropBag","floor":8.0,"key":"SMITH"},{"floor":12.0,"key":"REST"},{"data":"NonDirectionalLaser","floor":15.0,"key":"SMITH"},{"data":"JA","floor":25.0,"key":"SMITH"},{"data":"DoubleSpark","floor":27.0,"key":"SMITH"},{"data":"MaximisePower","floor":32,"key":"SMITH"},{"data":"FinalSpark","floor":45,"key":"SMITH"},{"floor":49,"key":"REST"}],"circlet_count":0,"master_deck":["Strike_MRS","Strike_MRS","Strike_MRS","Defend_MRS","Defend_MRS","MasterSpark","UpSweep","PropBag+1","SprinkleStarSeal","AlicesGift","DoubleSpark+1","Orbital","EnergyFlow","NonDirectionalLaser+1","MaximisePower+1","DoubleSpark","GrandCross+1","PowerUp","JA+1","GravityBeat","EarthLightRay","WitchOfGreed","Singularity+1","FinalSpark+1","MysteriousBeam","IllusionStar+1","ManaRampage","MysteriousBeam+1"],"relics":["BewitchedHakkero","NeowsBlessing","Potion Belt","Bag of Preparation","Torii","ExperimentalFamiliar","MutagenicStrength","Toy Ornithopter","Pen Nib","Pear","Meat on the Bone","Prayer Wheel","Strawberry","Pocketwatch","Happy Flower","HandDrill","PreservedInsect","CatCart","Dream Catcher"],"acts_visited":["Exordium","TheCity","TheBeyond"],"potions_floor_usage":[30,30,33,41,41,48,48,50,50,50],"damage_taken":[{"damage":0.0,"enemies":"Jaw Worm","floor":1.0,"turns":1.0},{"damage":0.0,"enemies":"Cultist","floor":4.0,"turns":1.0},{"damage":0.0,"enemies":"2 Louse","floor":5.0,"turns":1.0},{"damage":11.0,"enemies":"Lagavulin","floor":6.0,"turns":4.0},{"damage":0.0,"enemies":"Lots of Slimes","floor":10.0,"turns":1.0},{"damage":18.0,"enemies":"Gremlin Nob","floor":11.0,"turns":4.0},{"damage":9.0,"enemies":"Exordium Wildlife","floor":13.0,"turns":5.0},{"damage":1.0,"enemies":"3 Louse","floor":14.0,"turns":3.0},{"damage":27.0,"enemies":"The Guardian","floor":16.0,"turns":10.0},{"damage":1.0,"enemies":"2 Thieves","floor":18.0,"turns":2.0},{"damage":1.0,"enemies":"Chosen","floor":21.0,"turns":3.0},{"damage":10.0,"enemies":"Shelled Parasite and Fungi","floor":22.0,"turns":2.0},{"damage":16.0,"enemies":"Gremlin Leader","floor":23.0,"turns":5.0},{"damage":0.0,"enemies":"3 Cultists","floor":24.0,"turns":2.0},{"damage":2,"enemies":"Snake Plant","floor":28,"turns":2},{"damage":1,"enemies":"Book of Stabbing","floor":30,"turns":4},{"damage":2,"enemies":"Cultist and Chosen","floor":31,"turns":3},{"damage":75,"enemies":"Collector","floor":33,"turns":8},{"damage":8,"enemies":"3 Darklings","floor":35,"turns":3},{"damage":0,"enemies":"Orb Walker","floor":37,"turns":2},{"damage":1,"enemies":"Transient","floor":38,"turns":5},{"damage":4,"enemies":"Reptomancer","floor":40,"turns":3},{"damage":13,"enemies":"2 Orb Walkers","floor":41,"turns":2},{"damage":17,"enemies":"Maw","floor":42,"turns":5},{"damage":18,"enemies":"Orin","floor":46,"turns":7},{"damage":0,"enemies":"Writhing Mass","floor":48,"turns":2},{"damage":13,"enemies":"Time Eater","floor":50,"turns":2}],"seed_played":"-717901316207552688","potions_obtained":[{"floor":4.0,"key":"Strength Potion"},{"floor":6.0,"key":"SpeedPotion"},{"floor":10.0,"key":"Swift Potion"},{"floor":11.0,"key":"LiquidMemories"},{"floor":18.0,"key":"Strength Potion"},{"floor":21.0,"key":"DuplicationPotion"},{"floor":23.0,"key":"ColorlessPotion"},{"floor":30,"key":"FairyPotion"},{"floor":33,"key":"Weak Potion"},{"floor":35,"key":"SpeedPotion"},{"floor":37,"key":"EntropicBrew"},{"floor":38,"key":"Fire Potion"},{"floor":42,"key":"Dexterity Potion"},{"floor":46,"key":"DistilledChaos"}],"is_trial":false,"path_per_floor":["M","?","$","M","M","E","?","R","T","M","E","R","M","M","R","B",null,"M","?","$","M","M","E","M","R","T","R","M","?","E","M","R","B",null,"M","?","M","M","?","E","?","M","T","$","R","?","$","M","R","B",null],"character_chosen":"MARISA","items_purchased":["SprinkleStarSeal","Toy Ornithopter","Pen Nib","HandDrill","PreservedInsect","Dream Catcher"],"campfire_rested":2,"item_purchase_floors":[3,20,20,44,44,47],"current_hp_per_floor":[75,75,75,75,75,64,64,64,64,64,46,68,59,58,58,31,75,74,74,74,73,73,67,67,67,67,67,65,65,74,72,72,18,85,77,77,77,80,80,86,80,67,67,67,67,53,53,63,88,75],"gold":73,"neow_bonus":"THREE_ENEMY_KILL","is_daily":false,"chose_seed":false,"campfire_upgraded":6,"win_rate":0.0,"timestamp":1612973050,"path_taken":["M","?","$","?","M","E","?","R","T","?","E","R","M","M","R","BOSS","M","?","$","M","M","E","M","R","T","R","M","?","E","M","R","BOSS","M","?","M","M","?","E","?","M","T","$","R","?","$","M","R","BOSS"],"items_purchased_type":["Card","Relic","Relic","Relic","Relic","Relic"],"build_version":"2020-12-22","purchased_purges":0,"victory":true,"max_hp_per_floor":[75,75,75,75,75,75,75,75,75,75,75,75,75,75,75,75,75,75,75,75,75,75,85,85,85,85,85,85,85,85,85,85,85,85,85,81,81,81,81,88,88,88,88,88,88,88,88,88,88,88],"card_choices":[{"not_picked":["AsteroidBelt","Occultation"],"picked":"PropBag","floor":1.0},{"not_picked":["AsteroidBelt","GravityBeat"],"picked":"AlicesGift","floor":4.0},{"not_picked":["ShootTheMoon","ChargingUp"],"picked":"DoubleSpark","floor":5.0},{"not_picked":["MeteoricShower","StarlightTyphoon","OpenUniverse"],"picked":"SKIP","floor":6.0},{"not_picked":["CollectingQuirk","LuminesStrike"],"picked":"Orbital","floor":10.0},{"not_picked":["SporeBomb","Acceleration"],"picked":"EnergyFlow","floor":11.0},{"not_picked":["WitchLeyline","UnstableBomb"],"picked":"NonDirectionalLaser","floor":13.0},{"not_picked":["DragonMeteor","NonDirectionalLaser","AsteroidBelt"],"picked":"SKIP","floor":14.0},{"not_picked":["BlazingStar","SuperNova"],"picked":"MaximisePower","floor":16.0},{"not_picked":["DC","DragonMeteor"],"picked":"DoubleSpark","floor":18.0},{"not_picked":["DC","LuminesStrike"],"picked":"GrandCross+1","floor":21.0},{"not_picked":["AsteroidBelt","SporeBomb"],"picked":"PowerUp","floor":22.0},{"not_picked":["MachineGunSpark","ShootTheMoon"],"picked":"JA","floor":23.0},{"not_picked":["Acceleration+1","GasGiant+1"],"picked":"GravityBeat","floor":24.0},{"not_picked":["Acceleration+1","RefractionSpark"],"picked":"EarthLightRay","floor":28},{"not_picked":["GravityBeat","DarkMatter"],"picked":"WitchOfGreed","floor":30},{"not_picked":["Robbery","GalacticHalo"],"picked":"Singularity+1","floor":31},{"not_picked":["SuperPerseids","NonDirectionalLaser","MilkyWay"],"picked":"SKIP","floor":31},{"not_picked":["BigCrunch","MillisecondPulsars"],"picked":"FinalSpark","floor":33},{"not_picked":["ShootingEcho+1","GalacticHalo+1"],"picked":"MysteriousBeam","floor":35},{"not_picked":["OpenUniverse+1","Orbital","AsteroidBelt"],"picked":"SKIP","floor":35},{"not_picked":["LuminesStrike+1","UnstableBomb+1","SporeBomb+1"],"picked":"SKIP","floor":37},{"not_picked":["DC+1","WitchOfGreed","EventHorizon+1"],"picked":"SKIP","floor":37},{"not_picked":["UnstableBomb","Singularity"],"picked":"IllusionStar+1","floor":38},{"not_picked":["GrandCross+1","MysteriousBeam","StarBarrage+1"],"picked":"SKIP","floor":38},{"not_picked":["AlicesGift","WitchOfGreed+1","ShootingEcho"],"picked":"SKIP","floor":40},{"not_picked":["NonDirectionalLaser","MagicAbsorber"],"picked":"ManaRampage","floor":41},{"not_picked":["Robbery+1","IllusionStar+1"],"picked":"MysteriousBeam+1","floor":42},{"not_picked":["SprinkleStarSeal+1","AsteroidBelt+1","SuperPerseids+1"],"picked":"SKIP","floor":42},{"not_picked":["WitchOfGreed","Robbery","GalacticHalo"],"picked":"SKIP","floor":48},{"not_picked":["AsteroidBelt+1","GrandCross","OneTimeOff+1"],"picked":"SKIP","floor":48}],"player_experience":62194,"relics_obtained":[{"floor":6.0,"key":"Potion Belt"},{"floor":9.0,"key":"Bag of Preparation"},{"floor":11.0,"key":"Torii"},{"floor":23.0,"key":"Pear"},{"floor":26.0,"key":"Meat on the Bone"},{"floor":30,"key":"Prayer Wheel"},{"floor":40,"key":"Strawberry"},{"floor":41,"key":"Pocketwatch"},{"floor":43,"key":"Happy Flower"},{"floor":46,"key":"CatCart"}],"event_choices":[{"damage_healed":0.0,"max_hp_gain":0.0,"max_hp_loss":0.0,"gold_gain":0.0,"event_name":"NoteForYourself","player_choice":"Ignored","floor":2.0,"gold_loss":0.0,"damage_taken":0.0},{"cards_removed":["Defend_MRS"],"damage_healed":0.0,"max_hp_gain":0.0,"max_hp_loss":0.0,"gold_gain":0.0,"event_name":"Purifier","player_choice":"Purged","floor":7.0,"gold_loss":0.0,"damage_taken":0.0},{"damage_healed":0.0,"max_hp_gain":0.0,"max_hp_loss":0.0,"gold_gain":0.0,"event_name":"Drug Dealer","player_choice":"Inject Mutagens","floor":19.0,"gold_loss":0.0,"damage_taken":0.0,"relics_obtained":["MutagenicStrength"]},{"cards_removed":["Strike_MRS"],"damage_healed":0,"gold_gain":0,"player_choice":"Gave Gold","damage_taken":0,"max_hp_gain":0,"max_hp_loss":0,"event_name":"Beggar","floor":29,"gold_loss":75},{"damage_healed":0,"gold_gain":0,"player_choice":"Max HP","damage_taken":0,"max_hp_gain":0,"max_hp_loss":4,"event_name":"Winding Halls","floor":36,"gold_loss":0},{"cards_removed":["Defend_MRS"],"damage_healed":0,"gold_gain":0,"player_choice":"Removed Skill","damage_taken":0,"max_hp_gain":0,"max_hp_loss":0,"event_name":"Falling","floor":39,"gold_loss":0},{"damage_healed":0,"gold_gain":0,"player_choice":"Fight","damage_taken":0,"max_hp_gain":0,"max_hp_loss":0,"event_name":"Mysterious Sphere","floor":41,"gold_loss":0},{"damage_healed":0,"gold_gain":0,"player_choice":"Fight","damage_taken":0,"max_hp_gain":0,"max_hp_loss":0,"event_name":"OrinTheCat","floor":46,"gold_loss":0}],"is_beta":false,"boss_relics":[{"not_picked":["Tiny House","Pandora\u0027s Box"],"picked":"ExperimentalFamiliar"},{"not_picked":["Runic Dome","Empty Cage"],"picked":"BewitchedHakkero"}],"items_purged_floors":[],"is_endless":false,"potions_floor_spawned":[4,6,10,11,18,21,23,30,33,35,38,42],"ascension_level":0}}