{"host":"9e8t9l667fx7pth6","time":1612946523,"event":{"mods":["2.2 Compatiblity","AchievementEnabler","AlwaysNeverKeys","Aspiration","BaseMod","BetterRewards","Custom Start","Dark Map","Halation","Minty Spire (QoL Compilation)","Morshu Shopkeeper","Remove Card Discount Mod","StSLib","The Blue Laboratory"],"gold_per_floor":[109,1,1,14,8,39,39,39,39,71,86,98,133,208,208,294,294,317,317,336,32,32,32,32],"floor_reached":23,"language":"ENG","playtime":862,"items_purged":["Strike_B","Defend_B","Defend_B","Strike_B","Defend_B","Defend_B","Strike_B","Strike_B"],"score":624,"play_id":"dad7b7b6-559d-4e07-b970-66692fd681a2","local_time":"20210210034203","is_ascension_mode":true,"campfire_choices":[{"data":"Static Discharge","floor":8,"key":"SMITH"},{"floor":15,"key":"REST"}],"circlet_count":0,"master_deck":["AscendersBane","Zap","Dualcast","Coolheaded","Heatsinks","Leap","Defragment","Streamline","Leap","Coolheaded","Static Discharge+1","White Noise","White Noise","Gash","Loop","Creative AI","Conserve Battery","Hologram","Static Discharge","Bandage Up","Chill"],"relics":["Cracked Core","Cables","Boot","halation:Toothbrush","Vajra","halation:AfternoonTea","aspiration:HummingbirdHeart","CeramicFish","Cursed Key","Membership Card"],"acts_visited":["Exordium","TheCity"],"potions_floor_usage":[16,18,20,23,23],"damage_taken":[{"damage":2,"enemies":"2 Louse","floor":1,"turns":4},{"damage":6,"enemies":"Cultist","floor":4,"turns":3},{"damage":10,"enemies":"Lagavulin","floor":6,"turns":7},{"damage":28,"enemies":"3 Sentries","floor":10,"turns":5},{"damage":0,"enemies":"Small Slimes","floor":11,"turns":4},{"damage":6,"enemies":"3 Louse","floor":12,"turns":3},{"damage":32,"enemies":"Gremlin Nob","floor":13,"turns":3},{"damage":15,"enemies":"Slime Boss","floor":16,"turns":9},{"damage":25,"enemies":"Shell Parasite","floor":18,"turns":4},{"damage":2,"enemies":"2 Thieves","floor":20,"turns":3},{"damage":74,"enemies":"Gremlin Leader","floor":23,"turns":6}],"seed_played":"-887166308138105471","potions_obtained":[{"floor":6,"key":"blueLaboratory:ConsumingVoid"},{"floor":11,"key":"Weak Potion"},{"floor":12,"key":"blueLaboratory:BottleOfRum"},{"floor":16,"key":"Swift Potion"},{"floor":18,"key":"blueLaboratory:NullPotion"}],"is_trial":false,"path_per_floor":["M","$","?","M","$","E","?","R","T","E","M","M","E","?","R","B",null,"M","?","M","$","?","E"],"character_chosen":"DEFECT","items_purchased":["Cables","Coolheaded","Heatsinks","Boot","halation:Toothbrush","Self Repair","Weak Potion","Leap","Streamline","Leap","Membership Card","Static Discharge","Bandage Up","Fire Potion","Chill"],"campfire_rested":1,"item_purchase_floors":[0,0,0,0,0,0,0,0,2,2,21,21,21,21,21],"current_hp_per_floor":[78,78,78,79,88,85,92,92,92,64,64,58,26,15,42,42,80,55,28,26,32,53,0,0],"gold":32,"neow_bonus":"","is_daily":false,"chose_seed":false,"campfire_upgraded":1,"win_rate":0.0,"timestamp":1612946523,"path_taken":["M","$","?","M","?","E","?","R","T","E","?","M","E","?","R","BOSS","M","?","M","$","?","E"],"items_purchased_type":["Relic","Card","Card","Relic","Relic","Card","Potion","Card","Card","Card","Relic","Card","Card","Potion","Card"],"build_version":"2020-12-22","purchased_purges":8,"victory":false,"max_hp_per_floor":[80,80,80,80,89,89,92,92,92,92,92,92,92,92,92,92,92,92,97,97,103,103,103,103],"card_choices":[{"not_picked":["Steam Power","Cold Snap"],"picked":"Defragment","floor":1},{"not_picked":["Beam Cell","Sweeping Beam"],"picked":"Coolheaded","floor":4},{"not_picked":["Chaos","Storm"],"picked":"Static Discharge","floor":6},{"not_picked":["Beam Cell","Sweeping Beam"],"picked":"White Noise","floor":10},{"not_picked":["Static Discharge","Beam Cell"],"picked":"White Noise","floor":11},{"not_picked":["Scrape","Compile Driver"],"picked":"Gash","floor":12},{"not_picked":["Lockon","Undo"],"picked":"Loop","floor":13},{"not_picked":["Reboot","Thunder Strike"],"picked":"Creative AI","floor":16},{"not_picked":["Rip and Tear","Go for the Eyes"],"picked":"Conserve Battery","floor":18},{"not_picked":["Darkness","Lockon"],"picked":"Hologram","floor":20}],"player_experience":1020693,"relics_obtained":[{"floor":6,"key":"halation:AfternoonTea"},{"floor":10,"key":"aspiration:HummingbirdHeart"},{"floor":13,"key":"CeramicFish"}],"event_choices":[{"damage_healed":0,"gold_gain":0,"player_choice":"Gave Potion","damage_taken":0,"relics_obtained":["Vajra"],"max_hp_gain":0,"max_hp_loss":0,"event_name":"WeMeetAgain","floor":3,"gold_loss":0},{"cards_removed":["Self Repair"],"damage_healed":4,"gold_gain":0,"player_choice":"Offered Uncommon","damage_taken":0,"max_hp_gain":0,"max_hp_loss":0,"event_name":"Bonfire Elementals","floor":7,"gold_loss":0},{"damage_healed":0,"gold_gain":75,"player_choice":"Gather Gold","damage_taken":11,"max_hp_gain":0,"max_hp_loss":0,"event_name":"World of Goop","floor":14,"gold_loss":0},{"damage_healed":0,"gold_gain":0,"player_choice":"Shed Blood","damage_taken":32,"max_hp_gain":5,"max_hp_loss":0,"event_name":"Forgotten Altar","floor":19,"gold_loss":0},{"damage_healed":21,"gold_gain":0,"player_choice":"Heal","damage_taken":0,"max_hp_gain":0,"max_hp_loss":0,"event_name":"The Library","floor":22,"gold_loss":0}],"is_beta":false,"boss_relics":[{"not_picked":["Philosopher\u0027s Stone","aspiration:RunicSpoon"],"picked":"Cursed Key"}],"items_purged_floors":[0,0,0,5,5,5,21,21],"is_endless":false,"potions_floor_spawned":[6,11,12,16,18],"killed_by":"Gremlin Leader","ascension_level":19}}