{"host":"1focbxb2e8qu7ccd","time":1612923383,"event":{"mods":["AchievementEnabler","BaseMod","Bestiary","Highlight Path","Minty Spire (QoL Compilation)","Relic Stats"],"gold_per_floor":[30,61,116,146,202,296,362,394,463,502,41,72,72,97,97,181,253,291,291,310,384,397,397,415,415,415,157,207,207,267,332,332,332,332],"floor_reached":33,"language":"ENG","playtime":1943,"items_purged":["Strike_R","Wild Strike"],"score":611,"play_id":"1076f9e3-edc5-4bb6-a3fa-8d7580dc92d7","local_time":"20210209211623","is_ascension_mode":true,"campfire_choices":[{"floor":13.0,"key":"REST"},{"data":"HandOfGreed","floor":15.0,"key":"SMITH"},{"data":"Rupture","floor":23,"key":"SMITH"},{"data":"Barricade","floor":25,"key":"SMITH"},{"floor":32,"key":"REST"}],"circlet_count":0,"master_deck":["AscendersBane","Bash","HandOfGreed+1","Headbutt","Headbutt","Offering","Battle Trance","Armaments","Fire Breathing","Shrug It Off","Immolate","Shrug It Off","Barricade+1","Exhume","Feed","True Grit","Cleave","Hemokinesis","Shockwave","Rupture+1","Flame Barrier","Disarm"],"relics":["Burning Blood","CeramicFish","Singing Bowl","Mummified Hand","Sling","Question Card","Pandora\u0027s Box","Lizard Tail","Lantern","Champion Belt"],"acts_visited":["Exordium","TheCity"],"potions_floor_usage":[22,30,31],"damage_taken":[{"damage":12.0,"enemies":"Jaw Worm","floor":1.0,"turns":3.0},{"damage":6.0,"enemies":"Cultist","floor":2.0,"turns":4.0},{"damage":0.0,"enemies":"Small Slimes","floor":3.0,"turns":2.0},{"damage":13.0,"enemies":"Blue Slaver","floor":4.0,"turns":2.0},{"damage":17.0,"enemies":"2 Fungi Beasts","floor":5.0,"turns":3.0},{"damage":36.0,"enemies":"3 Sentries","floor":6.0,"turns":7.0},{"damage":21.0,"enemies":"3 Louse","floor":7.0,"turns":5.0},{"damage":17.0,"enemies":"Gremlin Nob","floor":8.0,"turns":3.0},{"damage":12.0,"enemies":"Looter","floor":10.0,"turns":2.0},{"damage":18.0,"enemies":"Lagavulin","floor":12.0,"turns":5.0},{"damage":10.0,"enemies":"Red Slaver","floor":14.0,"turns":4.0},{"damage":26.0,"enemies":"Hexaghost","floor":16.0,"turns":8.0},{"damage":17.0,"enemies":"2 Thieves","floor":18.0,"turns":2.0},{"damage":9.0,"enemies":"Chosen","floor":20.0,"turns":3.0},{"damage":23.0,"enemies":"3 Cultists","floor":21.0,"turns":4.0},{"damage":26,"enemies":"Snake Plant","floor":22,"turns":4},{"damage":3,"enemies":"Snecko","floor":24,"turns":5},{"damage":18,"enemies":"Chosen and Byrds","floor":30,"turns":3},{"damage":24,"enemies":"Book of Stabbing","floor":31,"turns":3},{"damage":112,"enemies":"Automaton","floor":33,"turns":6}],"seed_played":"-2806623417273117657","potions_obtained":[{"floor":3.0,"key":"SpeedPotion"},{"floor":4.0,"key":"BlessingOfTheForge"},{"floor":6.0,"key":"BloodPotion"},{"floor":8.0,"key":"BloodPotion"},{"floor":12.0,"key":"PowerPotion"},{"floor":16.0,"key":"ColorlessPotion"},{"floor":18.0,"key":"Fruit Juice"},{"floor":21.0,"key":"Weak Potion"},{"floor":24,"key":"LiquidMemories"}],"is_trial":false,"path_per_floor":["M","M","M","M","M","E","M","E","T","M","$","E","R","M","R","B",null,"M","?","M","M","M","R","M","R","T","$","?","?","M","E","R","B"],"character_chosen":"IRONCLAD","items_purchased":["BloodPotion","Sling","Shrug It Off","Immolate","AttackPotion","Lantern"],"campfire_rested":2,"item_purchase_floors":[11,11,11,11,11,27],"current_hp_per_floor":[62,62,68,61,50,20,20,11,11,20,20,10,33,29,29,9,62,73,73,70,53,35,35,40,40,40,40,40,40,30,12,39,0,0],"gold":332,"neow_bonus":"RANDOM_COLORLESS_2","is_daily":false,"chose_seed":false,"campfire_upgraded":3,"win_rate":0.0,"timestamp":1612923383,"path_taken":["M","M","M","M","M","E","M","E","T","M","$","E","R","M","R","BOSS","M","?","M","?","M","R","M","R","T","$","?","?","M","E","R","BOSS"],"items_purchased_type":["Potion","Relic","Card","Card","Potion","Relic"],"build_version":"2020-12-22","purchased_purges":2,"victory":false,"max_hp_per_floor":[75,75,75,75,75,75,75,77,77,77,77,79,79,79,79,79,79,86,86,86,86,88,88,90,90,90,90,90,90,92,92,92,92,92],"relic_stats":{"Lizard Tail":46,"Singing Bowl":12,"counters":[20,78],"Mummified Hand":[11],"CeramicFish":153,"Pandora\u0027s Box":["Wild Strike","Exhume","Feed","True Grit","Flex","Cleave","Hemokinesis","Shockwave"],"Champion Belt":[3],"Question Card":9,"obtain_stats":[{"Lizard Tail":26,"Lantern":27,"Singing Bowl":8,"Mummified Hand":9,"CeramicFish":6,"Pandora\u0027s Box":17,"Champion Belt":31,"Sling":11,"Question Card":12,"Burning Blood":0},{"Lizard Tail":17,"Lantern":17,"Singing Bowl":8,"Mummified Hand":8,"CeramicFish":6,"Pandora\u0027s Box":12,"Champion Belt":19,"Sling":9,"Question Card":10,"Burning Blood":0},{"Lizard Tail":66,"Lantern":66,"Singing Bowl":29,"Mummified Hand":29,"CeramicFish":21,"Pandora\u0027s Box":48,"Champion Belt":72,"Sling":31,"Question Card":36,"Burning Blood":0}],"Burning Blood":114},"card_choices":[{"not_picked":["Apotheosis","Magnetism"],"picked":"HandOfGreed","floor":0.0},{"not_picked":["Clash","Clothesline","Iron Wave"],"picked":"SKIP","floor":1.0},{"not_picked":["Havoc","Wild Strike"],"picked":"Headbutt","floor":2.0},{"not_picked":["Reckless Charge","Carnage"],"picked":"Headbutt","floor":3.0},{"not_picked":["Flex","Evolve"],"picked":"Offering","floor":4.0},{"not_picked":["Anger","Twin Strike"],"picked":"Battle Trance","floor":5.0},{"not_picked":["Iron Wave","Dropkick","Perfected Strike"],"picked":"SKIP","floor":6.0},{"not_picked":["Clash","Blood for Blood"],"picked":"Armaments","floor":7.0},{"not_picked":["Twin Strike","Warcry","Thunderclap"],"picked":"Singing Bowl","floor":8.0},{"not_picked":["Clothesline","Armaments"],"picked":"Fire Breathing","floor":10.0},{"not_picked":["Double Tap","Wild Strike","Thunderclap"],"picked":"Singing Bowl","floor":12.0},{"not_picked":["Uppercut","Warcry","Rampage"],"picked":"Shrug It Off","floor":14.0},{"not_picked":["Fiend Fire","Brutality","Feed"],"picked":"Barricade","floor":16.0},{"not_picked":["Flex","Anger","Pommel Strike","Cleave"],"picked":"Singing Bowl","floor":18.0},{"not_picked":["Cleave","Fire Breathing+1","Thunderclap"],"picked":"Rupture","floor":20.0},{"not_picked":["Warcry+1","Pommel Strike","Shockwave"],"picked":"Flame Barrier","floor":21.0},{"not_picked":["Whirlwind","Hemokinesis+1","Carnage","Clash"],"picked":"Singing Bowl","floor":22},{"not_picked":["Clothesline","Pummel","Headbutt","Flame Barrier"],"picked":"Singing Bowl","floor":24},{"not_picked":["Immolate","Havoc","Pummel+1","Sword Boomerang"],"picked":"Singing Bowl","floor":30},{"not_picked":["Sentinel+1","Anger","Wild Strike"],"picked":"Disarm","floor":31}],"player_experience":917230,"relics_obtained":[{"floor":6.0,"key":"CeramicFish"},{"floor":8.0,"key":"Singing Bowl"},{"floor":9.0,"key":"Mummified Hand"},{"floor":12.0,"key":"Question Card"},{"floor":26,"key":"Lizard Tail"},{"floor":31,"key":"Champion Belt"}],"event_choices":[{"cards_removed":["Flex"],"damage_healed":0.0,"max_hp_gain":0.0,"max_hp_loss":0.0,"gold_gain":0.0,"event_name":"Purifier","player_choice":"Purged","floor":19.0,"gold_loss":0.0,"damage_taken":0.0},{"damage_healed":0,"gold_gain":50,"player_choice":"Stole From Cult","damage_taken":0,"max_hp_gain":0,"max_hp_loss":0,"event_name":"Nest","floor":28,"gold_loss":0},{"damage_healed":0,"gold_gain":0,"player_choice":"Ignored","damage_taken":0,"max_hp_gain":0,"max_hp_loss":0,"event_name":"The Mausoleum","floor":29,"gold_loss":0}],"is_beta":false,"boss_relics":[{"not_picked":["Mark of Pain","Coffee Dripper"],"picked":"Pandora\u0027s Box"}],"items_purged_floors":[11,27],"is_endless":false,"potions_floor_spawned":[3,4,6,8,12,16,18,21,24],"killed_by":"Automaton","ascension_level":20}}