{"host":"r4aerl4ckfvw1dw3","time":1612948342,"event":{"mods":["BaseMod","BetterRewards","Minty Spire (QoL Compilation)","Quick Restart","StSLib"],"gold_per_floor":[115,130,130,8,19,19,44,62,62,62,76,94,105,122,122,227,227,237,82,94,107,120,120,146,146,199,114,114,114,135,158,158,265,265,277,327,31,48,64,78,117,145,168,268,286,313,167,191,191,191,191,191,39,74,74],"floor_reached":56,"language":"ENG","playtime":6088,"items_purged":["Strike_B","Strike_B"],"score":1234,"play_id":"d3cf42d8-d982-4295-9f14-82c3dcf43507","local_time":"20210210011222","is_ascension_mode":true,"campfire_choices":[{"data":"Doom and Gloom","floor":6,"key":"SMITH"},{"data":"Multi-Cast","floor":10,"key":"SMITH"},{"data":"Static Discharge","floor":15,"key":"SMITH"},{"floor":23,"key":"REST"},{"data":"Fission","floor":25,"key":"SMITH"},{"floor":29,"key":"REST"},{"data":"Consume","floor":32,"key":"SMITH"},{"floor":49,"key":"RECALL"},{"data":"Loop","floor":52,"key":"SMITH"}],"circlet_count":0,"master_deck":["Strike_B","Defend_B","Defend_B","Defend_B","Defend_B","Zap+1","Dualcast","Doom and Gloom+1","Gash","Sweeping Beam","Capacitor","Coolheaded","Multi-Cast+1","Consume+1","Go for the Eyes","Genetic Algorithm","Static Discharge+1","Fission+1","Turbo+1","Echo Form","Cold Snap+1","Cold Snap+1","Chill+1","Loop+1","Steam+1","Machine Learning","Stack","Undo+1","Skim","Undo+1"],"relics":["Cracked Core","InkBottle","Letter Opener","Inserter","Centennial Puzzle","Anchor","CeramicFish","Philosopher\u0027s Stone","Pocketwatch","Chemical X","PreservedInsect","Bottled Lightning","Art of War","ClockworkSouvenir","Toy Ornithopter"],"acts_visited":["Exordium","TheCity","TheBeyond","TheEnding"],"potions_floor_usage":[21,22,22,33,36,42,46,54,55,55],"damage_taken":[{"damage":0,"enemies":"2 Louse","floor":1,"turns":2},{"damage":0,"enemies":"Cultist","floor":2,"turns":2},{"damage":1,"enemies":"Jaw Worm","floor":5,"turns":2},{"damage":26,"enemies":"3 Sentries","floor":7,"turns":5},{"damage":4,"enemies":"Exordium Wildlife","floor":8,"turns":3},{"damage":1,"enemies":"2 Fungi Beasts","floor":11,"turns":2},{"damage":0,"enemies":"Lots of Slimes","floor":12,"turns":1},{"damage":1,"enemies":"Exordium Wildlife","floor":13,"turns":2},{"damage":0,"enemies":"Large Slime","floor":14,"turns":4},{"damage":27,"enemies":"The Guardian","floor":16,"turns":9},{"damage":15,"enemies":"Spheric Guardian","floor":18,"turns":3},{"damage":9,"enemies":"Chosen","floor":20,"turns":6},{"damage":26,"enemies":"Shelled Parasite and Fungi","floor":21,"turns":5},{"damage":6,"enemies":"Centurion and Healer","floor":22,"turns":2},{"damage":14,"enemies":"Book of Stabbing","floor":24,"turns":6},{"damage":7,"enemies":"Snake Plant","floor":30,"turns":3},{"damage":2,"enemies":"3 Cultists","floor":31,"turns":3},{"damage":8,"enemies":"Champ","floor":33,"turns":11},{"damage":0,"enemies":"3 Shapes","floor":35,"turns":13},{"damage":13,"enemies":"Mind Bloom Boss Battle","floor":36,"turns":7},{"damage":0,"enemies":"3 Darklings","floor":38,"turns":5},{"damage":1,"enemies":"Maw","floor":39,"turns":8},{"damage":0,"enemies":"4 Shapes","floor":40,"turns":7},{"damage":7,"enemies":"Reptomancer","floor":41,"turns":6},{"damage":0,"enemies":"Jaw Worm Horde","floor":42,"turns":7},{"damage":0,"enemies":"Spire Growth","floor":45,"turns":3},{"damage":9,"enemies":"Nemesis","floor":46,"turns":9},{"damage":0,"enemies":"3 Darklings","floor":48,"turns":4},{"damage":5,"enemies":"Donu and Deca","floor":50,"turns":12},{"damage":16,"enemies":"Shield and Spear","floor":54,"turns":8},{"damage":25,"enemies":"The Heart","floor":55,"turns":13}],"seed_played":"8888443561314104343","potions_obtained":[{"floor":2,"key":"FocusPotion"},{"floor":8,"key":"Dexterity Potion"},{"floor":14,"key":"FearPotion"},{"floor":16,"key":"Energy Potion"},{"floor":22,"key":"Explosive Potion"},{"floor":24,"key":"Dexterity Potion"},{"floor":31,"key":"Dexterity Potion"},{"floor":33,"key":"Swift Potion"},{"floor":38,"key":"Energy Potion"},{"floor":40,"key":"LiquidMemories"},{"floor":41,"key":"SkillPotion"},{"floor":46,"key":"FocusPotion"},{"floor":54,"key":"Ancient Potion"}],"is_trial":false,"path_per_floor":["M","M","?","$","M","R","E","M","T","R","M","M","M","M","R","B",null,"M","$","M","M","M","R","E","R","T","?","?","R","M","M","R","B",null,"M","?","$","M","M","M","E","M","T","?","M","E","$","M","R","B",null,"R","$","E","B",null],"character_chosen":"DEFECT","items_purchased":["Sweeping Beam","Echo Form","Chemical X","Stack","Art of War","ClockworkSouvenir"],"campfire_rested":2,"item_purchase_floors":[4,19,37,37,47,53],"current_hp_per_floor":[75,75,75,75,74,74,48,44,44,44,43,43,42,42,42,15,75,60,60,51,25,19,41,27,27,27,27,27,49,42,40,40,32,75,75,62,62,62,61,61,54,54,54,54,54,45,45,45,45,40,75,75,75,59,44],"gold":74,"neow_bonus":"UPGRADE_CARD","is_daily":false,"chose_seed":false,"campfire_upgraded":6,"win_rate":0.0,"timestamp":1612948342,"path_taken":["M","M","?","?","M","R","E","M","T","R","?","M","M","M","R","BOSS","M","$","M","M","M","R","E","R","T","?","?","R","M","M","R","BOSS","M","?","$","M","M","M","E","M","T","?","M","E","$","M","R","BOSS","R","$","E","BOSS"],"items_purchased_type":["Card","Card","Relic","Card","Relic","Relic"],"build_version":"2020-12-22","purchased_purges":2,"victory":true,"max_hp_per_floor":[75,75,75,75,75,75,75,75,75,75,75,75,75,75,75,75,75,75,75,75,75,75,75,75,75,75,75,75,75,75,75,75,75,75,75,75,75,75,75,75,75,75,75,75,75,75,75,75,75,75,75,75,75,75,75],"card_choices":[{"not_picked":["Turbo","Tempest"],"picked":"Doom and Gloom","floor":1},{"not_picked":["Doom and Gloom","Streamline"],"picked":"Gash","floor":2},{"not_picked":["Go for the Eyes","Conserve Battery"],"picked":"Capacitor","floor":5},{"not_picked":["Hologram","Steam"],"picked":"Coolheaded","floor":7},{"not_picked":["Darkness","Compile Driver"],"picked":"Multi-Cast","floor":8},{"not_picked":["Conserve Battery","Redo"],"picked":"Consume","floor":11},{"not_picked":["Sweeping Beam","Rebound"],"picked":"Go for the Eyes","floor":12},{"not_picked":["Blizzard","BootSequence"],"picked":"Genetic Algorithm","floor":13},{"not_picked":["Storm","Sweeping Beam"],"picked":"Static Discharge","floor":14},{"not_picked":["Machine Learning","Amplify"],"picked":"Fission","floor":16},{"not_picked":["Hello World","Ball Lightning+1"],"picked":"Turbo+1","floor":18},{"not_picked":["Capacitor+1","Rip and Tear"],"picked":"Cold Snap+1","floor":20},{"not_picked":["FTL","Doom and Gloom+1"],"picked":"Cold Snap+1","floor":21},{"not_picked":["Redo+1","Rainbow","Go for the Eyes"],"picked":"SKIP","floor":22},{"not_picked":["Lockon","Turbo"],"picked":"Chill+1","floor":24},{"not_picked":["Sweeping Beam","Rebound"],"picked":"Loop","floor":30},{"not_picked":["Go for the Eyes","Turbo"],"picked":"Steam+1","floor":31},{"not_picked":["Reboot","Rainbow"],"picked":"Machine Learning","floor":33},{"not_picked":["Cold Snap+1","Leap","Rebound"],"picked":"SKIP","floor":35},{"not_picked":["BootSequence","Fusion","Sweeping Beam"],"picked":"SKIP","floor":38},{"not_picked":["Chill+1","Barrage+1","Cold Snap+1"],"picked":"SKIP","floor":39},{"not_picked":["Steam+1","Steam Power","Storm+1"],"picked":"SKIP","floor":40},{"not_picked":["Electrodynamics","Force Field"],"picked":"Undo+1","floor":41},{"not_picked":["Cold Snap","Streamline+1"],"picked":"Skim","floor":42},{"not_picked":["Static Discharge","Tempest+1","Double Energy"],"picked":"SKIP","floor":45},{"not_picked":["Static Discharge+1","All For One","Chaos"],"picked":"SKIP","floor":46},{"not_picked":["Turbo","Go for the Eyes+1"],"picked":"Undo+1","floor":48},{"not_picked":["Steam Power","Sweeping Beam","Gash"],"picked":"SKIP","floor":54}],"player_experience":554836,"relics_obtained":[{"floor":7,"key":"InkBottle"},{"floor":9,"key":"Letter Opener"},{"floor":24,"key":"Centennial Puzzle"},{"floor":26,"key":"Anchor"},{"floor":36,"key":"Pocketwatch"},{"floor":41,"key":"PreservedInsect"},{"floor":46,"key":"Bottled Lightning"},{"floor":54,"key":"Toy Ornithopter"}],"event_choices":[{"cards_removed":["Strike_B"],"damage_healed":0,"gold_gain":0,"player_choice":"Offered Basic","damage_taken":0,"max_hp_gain":0,"max_hp_loss":0,"event_name":"Bonfire Elementals","floor":3,"gold_loss":0},{"damage_healed":0,"gold_gain":0,"player_choice":"Obtained Relic","damage_taken":0,"relics_obtained":["CeramicFish"],"max_hp_gain":0,"max_hp_loss":0,"event_name":"Addict","floor":27,"gold_loss":85},{"damage_healed":0,"gold_gain":0,"player_choice":"Ignored","damage_taken":0,"max_hp_gain":0,"max_hp_loss":0,"event_name":"The Mausoleum","floor":28,"gold_loss":0},{"damage_healed":0,"gold_gain":0,"player_choice":"Fight","damage_taken":0,"max_hp_gain":0,"max_hp_loss":0,"event_name":"MindBloom","floor":36,"gold_loss":0},{"damage_healed":0,"gold_gain":100,"player_choice":"Pray","damage_taken":0,"max_hp_gain":0,"max_hp_loss":0,"event_name":"Golden Shrine","floor":44,"gold_loss":0}],"is_beta":false,"boss_relics":[{"not_picked":["Busted Crown","Cursed Key"],"picked":"Inserter"},{"not_picked":["Velvet Choker","Runic Dome"],"picked":"Philosopher\u0027s Stone"}],"items_purged_floors":[4,37],"is_endless":false,"potions_floor_spawned":[2,8,14,16,22,24,31,33,38,40,41,46,54],"ascension_level":1}}