{"host":"k1qq3tnzhl68zvao","time":1612937033,"event":{"mods":["ATMod(阿瑾Mod)","AchievementEnabler","BaseMod","Colored Powertips","Conspire","DeckTracker","Downfall","Energized Spire","GifTheSpireLib","Minty Spire (QoL Compilation)","Quick Restart","Relic Filter Mod","Replay The Spire","Spicy Shops","StSLib","【遗物卡牌】REMEMod"],"gold_per_floor":[109,124,142,152,427,461,461,486,486,486,498,526,526,401,401,501,501,501,501],"floor_reached":18,"language":"ZHS","playtime":803,"items_purged":[],"score":270,"play_id":"53d01db1-06e6-454c-bee4-0b9e7b60094a","local_time":"20210210140353","is_ascension_mode":true,"campfire_choices":[{"data":"Armaments","floor":7.0,"key":"SMITH"},{"floor":10.0,"key":"REST"},{"data":"True Grit","floor":15.0,"key":"SMITH"}],"circlet_count":0,"master_deck":["AscendersBane","Strike_R","Strike_R","Strike_R","Strike_R","Strike_R","Defend_R","Defend_R","Defend_R","Defend_R","Bash","AT_FamilyPortrait","Infinite Blades","Carnage","Armaments+1","Rage","ReplayTheSpireMod:Strike From Hell","True Grit+1","Pummel","Hemogenesis"],"relics":["Burning Blood","AT_ATBox","REME_ComplimentaryCards","NeowsBlessing","Blood Vial","Toy Ornithopter","AT_ChloranthyRing","Letter Opener","Gremlin Food","conspire:SpecialSausage"],"acts_visited":["Exordium","TheCity"],"potions_floor_usage":[16],"damage_taken":[{"damage":0.0,"enemies":"Cultist","floor":1.0,"turns":1.0},{"damage":0.0,"enemies":"Small Slimes","floor":2.0,"turns":1.0},{"damage":0.0,"enemies":"2 Louse","floor":3.0,"turns":1.0},{"damage":9.0,"enemies":"Red Slaver","floor":4.0,"turns":4.0},{"damage":35.0,"enemies":"Lagavulin","floor":6.0,"turns":6.0},{"damage":37.0,"enemies":"Gremlin Nob","floor":8.0,"turns":5.0},{"damage":16.0,"enemies":"Exordium Wildlife","floor":11.0,"turns":5.0},{"damage":5.0,"enemies":"3 Sentries","floor":12.0,"turns":7.0},{"damage":35,"enemies":"Slime Boss","floor":16,"turns":7},{"damage":6,"enemies":"3 Byrds","floor":18,"turns":2}],"seed_played":"6996806103336908952","potions_obtained":[{"floor":2.0,"key":"Fruit Juice"},{"floor":3.0,"key":"PowerPotion"},{"floor":6.0,"key":"PowerPotion"},{"floor":11.0,"key":"Slimebound:ThreeZeroPotion"}],"is_trial":false,"path_per_floor":["M","M","M","M","?","E","R","E","T","R","M","E","?","?","R","B",null,"M"],"character_chosen":"IRONCLAD","items_purchased":[],"campfire_rested":1,"item_purchase_floors":[],"current_hp_per_floor":[78,80,80,77,77,48,48,19,19,43,35,53,46,46,46,24,70,66,66],"gold":501,"neow_bonus":"THREE_ENEMY_KILL","is_daily":false,"chose_seed":false,"campfire_upgraded":2,"win_rate":0.0,"timestamp":1612937033,"path_taken":["M","M","?","M","?","E","R","E","T","R","?","E","?","?","R","BOSS","M"],"items_purchased_type":[],"build_version":"2020-12-22","purchased_purges":0,"victory":false,"max_hp_per_floor":[80,80,80,80,80,80,80,80,80,80,80,85,85,85,85,85,85,85,85],"card_choices":[{"not_picked":["Twin Strike","Heavy Blade"],"picked":"Carnage","floor":1.0},{"not_picked":["Twin Strike","ReplayTheSpireMod:Strike From Hell"],"picked":"Armaments","floor":2.0},{"not_picked":["Sword Boomerang","Life Link","Defy Death"],"picked":"SKIP","floor":3.0},{"not_picked":["REME_SingleHolding","Metallicize"],"picked":"Rage","floor":4.0},{"not_picked":["ReplayTheSpireMod:Limb From Limb","Shrug It Off"],"picked":"ReplayTheSpireMod:Strike From Hell","floor":6.0},{"not_picked":["Brutality","Body Slam","AT_GerminateFire"],"picked":"SKIP","floor":8.0},{"not_picked":["Twin Strike","Body Slam"],"picked":"True Grit","floor":11.0},{"not_picked":["Headbutt","Body Slam"],"picked":"Pummel","floor":12.0},{"not_picked":["Barricade","Eclipse"],"picked":"Hemogenesis","floor":16}],"player_experience":538709,"relics_obtained":[{"floor":6.0,"key":"Blood Vial"},{"floor":8.0,"key":"Toy Ornithopter"},{"floor":9.0,"key":"AT_ChloranthyRing"},{"floor":12.0,"key":"Letter Opener"}],"event_choices":[{"damage_healed":0.0,"max_hp_gain":0.0,"max_hp_loss":0.0,"gold_gain":275.0,"event_name":"Golden Shrine","player_choice":"Desecrate","floor":5.0,"gold_loss":0.0,"damage_taken":0.0,"cards_obtained":["Regret"]},{"cards_removed":["Regret"],"damage_healed":0.0,"max_hp_gain":0.0,"max_hp_loss":0.0,"gold_gain":0.0,"event_name":"Golden Wing","player_choice":"Card Removal","floor":13.0,"gold_loss":0.0,"damage_taken":7.0},{"damage_healed":0.0,"max_hp_gain":0.0,"max_hp_loss":0.0,"gold_gain":0.0,"event_name":"WeMeetAgain","player_choice":"Paid Gold","floor":14.0,"gold_loss":125.0,"damage_taken":0.0,"relics_obtained":["Gremlin Food"]}],"is_beta":false,"boss_relics":[{"not_picked":["energizedSpire:EnergizedDie","bronze:MakeshiftBattery"],"picked":"conspire:SpecialSausage"}],"items_purged_floors":[],"is_endless":false,"potions_floor_spawned":[2,3,6,11],"killed_by":"3 Byrds","ascension_level":10}}