{"host":"am0cr9xwekqmrere","time":1612926076,"event":{"mods":["AchievementEnabler","Act Like it!","BaseMod","Better Altar","Better Match","Better Note","Better Sensory Stone","Better Skull","Better Third Choice","BetterRewards","Conspire","Downfall","Hubris","Infinite Spire","Minty Spire (QoL Compilation)","Rare Cards Sparkle","Spicy Shops","StSLib","Unceasing Turn Reminder"],"gold_per_floor":[99,114,128,144,30,41,68,101,101,117,143,43,143,158,173,276,276,276,286,286,286,301,301,355,630,640,440,19,19,19,38,55,153,153,153,177,177,191,205,255,255,268,283,283,307,319,44,96,96,96,96],"floor_reached":49,"language":"ENG","playtime":2663,"items_purged":["Pain","Pain"],"score":524,"play_id":"b66fa9f5-011e-4ce2-bf0f-55ff14b5925b","local_time":"20210209210116","is_ascension_mode":false,"campfire_choices":[{"data":"bronze:Replicate","floor":1,"key":"SMITH"},{"data":"bronze:HardenedForm","floor":9,"key":"SMITH"},{"data":"bronze:Virus","floor":12,"key":"SMITH"},{"floor":18,"key":"RECALL"},{"floor":27,"key":"REST"},{"floor":30,"key":"REST"},{"data":"bronze:WhirlingStrike","floor":35,"key":"SMITH"},{"floor":44,"key":"REST"}],"circlet_count":0,"master_deck":["bronze:Strike","bronze:Strike","bronze:Strike","bronze:Strike","bronze:Defend","bronze:Defend","bronze:Defend","bronze:Defend","bronze:Replicate+1","bronze:Goto","bronze:ChosenStrike","bronze:Iterate","bronze:Repair","bronze:Virus+1","bronze:HardenedForm+1","bronze:BugBarrage","bronze:Fortify","bronze:Optimize+1","bronze:GetLatest","Regret","bronze:Deprecate+1","bronze:WhirlingStrike+1","infinitespire:Starlight","bronze:FunctionCard","bronze:WildBeam","bronze:OilSpill+1","bronze:Verify+1","bronze:NullPointer+1","bronze:BitShift","bronze:Branch+1","bronze:BuggyMess+1","bronze:Overheat+1","bronze:Library+1"],"relics":["bronze:BronzeCore","Guardian:PocketSentry","Tiny Chest","Frozen Egg 2","downfall:HeartBlessingGreen","Black Star","WarpedTongs","infinitespire:FocusingShard","infinitespire:EmpoweringShard","downfall:HeartBlessingRed","downfall:HeartBlessingBlue","Bronze Scales","Omamori","Blood Vial","sneckomod:SneckoTalon","infinitespire:Satchel","hexamod:Sixitude","conspire:GlowingRock","Potion Belt","Blood Vial","bronze:CableSpool","Juzu Bracelet"],"acts_visited":["Exordium","TheCity","TheBeyond"],"potions_floor_usage":[5,11,31,40,42,47,49],"damage_taken":[{"damage":1,"enemies":"Cultist","floor":2,"turns":4},{"damage":1,"enemies":"2 Louse","floor":3,"turns":2},{"damage":0,"enemies":"Small Slimes","floor":4,"turns":2},{"damage":0,"enemies":"downfall:FleeingMerchant","floor":5,"turns":4},{"damage":0,"enemies":"3 Louse","floor":6,"turns":4},{"damage":8,"enemies":"Gremlin Nob","floor":8,"turns":4},{"damage":0,"enemies":"2 Fungi Beasts","floor":10,"turns":4},{"damage":0,"enemies":"Lagavulin","floor":11,"turns":5},{"damage":5,"enemies":"Large Slime","floor":14,"turns":4},{"damage":6,"enemies":"Blue Slaver","floor":15,"turns":2},{"damage":18,"enemies":"SI_SHIV_ARCHETYPE","floor":16,"turns":6},{"damage":17,"enemies":"Shell Parasite","floor":19,"turns":5},{"damage":24,"enemies":"Spheric Guardian","floor":22,"turns":4},{"damage":42,"enemies":"Snake Plant","floor":26,"turns":4},{"damage":7,"enemies":"downfall:FleeingMerchant","floor":28,"turns":4},{"damage":21,"enemies":"Sentry and Sphere","floor":31,"turns":4},{"damage":0,"enemies":"Centurion and Healer","floor":32,"turns":4},{"damage":42,"enemies":"DF_ARCHETYPE_CLAW","floor":33,"turns":6},{"damage":1,"enemies":"3 Shapes","floor":38,"turns":2},{"damage":12,"enemies":"3 Darklings","floor":39,"turns":4},{"damage":17,"enemies":"3 Darklings","floor":40,"turns":5},{"damage":10,"enemies":"Writhing Mass","floor":42,"turns":3},{"damage":19,"enemies":"4 Shapes","floor":43,"turns":2},{"damage":24,"enemies":"3 Darklings","floor":46,"turns":4},{"damage":5,"enemies":"downfall:FleeingMerchant","floor":47,"turns":4},{"damage":112,"enemies":"Transient","floor":49,"turns":5}],"seed_played":"-7388650089197280198","potions_obtained":[{"floor":2,"key":"Swift Potion"},{"floor":3,"key":"Dexterity Potion"},{"floor":6,"key":"PowerPotion"},{"floor":14,"key":"sneckomod:MuddlingPotion"},{"floor":15,"key":"Energy Potion"},{"floor":31,"key":"Guardian:BlockOnCardUsePotion"},{"floor":39,"key":"champ:CounterPotion"},{"floor":40,"key":"GamblersBrew"},{"floor":42,"key":"PowerPotion"},{"floor":46,"key":"SpeedPotion"}],"is_trial":false,"path_per_floor":["R","M","M","M","$","M","T","E","R","M","E","R","?","M","M","B",null,"R","M","?","?","M","T","T","?","M","R","$","AVR","R","M","M","B",null,"R","T","AVR","M","M","?","T","M","M","R","T","M","$","T","M"],"character_chosen":"THE_AUTOMATON","items_purchased":["bronze:Repair","Bronze Scales","Omamori","bronze:CableSpool"],"campfire_rested":3,"item_purchase_floors":[5,28,28,47],"current_hp_per_floor":[77,76,75,75,75,77,77,76,76,77,77,77,77,77,71,70,77,77,75,75,75,54,54,54,54,19,55,55,55,81,70,82,55,87,87,87,87,86,75,77,77,69,52,78,78,63,87,87,0,0,0],"gold":96,"neow_bonus":"TEN_PERCENT_HP_BONUS","is_daily":false,"chose_seed":false,"campfire_upgraded":4,"win_rate":0.0,"timestamp":1612926076,"path_taken":["R","M","?","?","$","M","T","E","R","M","E","R","?","M","M","BOSS","R","M","?","?","M","?","T","?","?","R","?","AVR","R","M","M","BOSS","R","?","AVR","M","?","?","T","M","M","R","?","M","$","?","M"],"items_purchased_type":["Card","Relic","Relic","Relic"],"build_version":"2020-12-22","purchased_purges":2,"victory":false,"max_hp_per_floor":[77,77,77,77,77,77,77,77,77,77,77,77,77,77,77,77,77,77,77,77,77,77,77,77,77,77,87,87,87,87,87,87,87,87,87,87,87,87,87,87,87,87,87,87,87,87,87,87,87,87,87],"card_choices":[{"not_picked":["bronze:BitShift","bronze:Invalidate"],"picked":"bronze:ChosenStrike","floor":2},{"not_picked":["bronze:Refactor","bronze:Iterate"],"picked":"bronze:Constructor","floor":3},{"not_picked":["bronze:BugBarrage","bronze:Refactor"],"picked":"bronze:Iterate","floor":4},{"not_picked":["bronze:FollowUp","bronze:Refactor"],"picked":"bronze:Repair","floor":5},{"not_picked":["bronze:CutThrough","bronze:Constructor"],"picked":"bronze:Virus","floor":6},{"not_picked":["bronze:ChildClass","bronze:Flail"],"picked":"bronze:HardenedForm","floor":8},{"not_picked":["bronze:ChosenStrike","bronze:Refactor"],"picked":"bronze:BugBarrage","floor":10},{"not_picked":["bronze:Deprecate","bronze:Frontload"],"picked":"bronze:Fortify","floor":11},{"not_picked":["bronze:ClassDefault+1","bronze:DelayedGuard"],"picked":"bronze:Optimize+1","floor":14},{"not_picked":["bronze:DelayedSlice","bronze:Constructor"],"picked":"bronze:GetLatest","floor":15},{"not_picked":["bronze:HardenedForm+1","bronze:TinkerersToolbox"],"picked":"bronze:Hardcode+1","floor":16},{"not_picked":["bronze:ForLoop","bronze:Invalidate","bronze:DelayedGuard"],"picked":"SKIP","floor":19},{"not_picked":["bronze:Repair","bronze:Turbo","bronze:Constructor+1"],"picked":"SKIP","floor":22},{"not_picked":["bronze:DigitalCarnage+1","bronze:Hardcode+1"],"picked":"bronze:Deprecate+1","floor":26},{"not_picked":["bronze:Frontload","bronze:Philosophize"],"picked":"bronze:WhirlingStrike","floor":28},{"not_picked":["bronze:Repair","bronze:DarkDash"],"picked":"bronze:WildBeam","floor":31},{"not_picked":["bronze:Philosophize","bronze:Turbo+1"],"picked":"bronze:OilSpill+1","floor":32},{"not_picked":["bronze:Assembly","bronze:Hardcode+1"],"picked":"bronze:Verify+1","floor":33},{"not_picked":["bronze:ForLoop","bronze:Invalidate+1"],"picked":"bronze:NullPointer+1","floor":38},{"not_picked":["bronze:Allocate","bronze:DelayedSlice+1"],"picked":"bronze:BitShift","floor":39},{"not_picked":["bronze:CutThrough","bronze:Deprecate"],"picked":"bronze:Branch+1","floor":40},{"not_picked":["bronze:Shield+1","bronze:Allocate+1"],"picked":"bronze:BuggyMess+1","floor":42},{"not_picked":["bronze:BuggyMess","bronze:OilSpill","bronze:DelayedSlice"],"picked":"SKIP","floor":43},{"not_picked":["bronze:Invalidate+1","bronze:Boost"],"picked":"bronze:Overheat+1","floor":46},{"not_picked":["bronze:WildBeam+1","bronze:BuggyMess"],"picked":"bronze:Library+1","floor":47}],"player_experience":2754943,"relics_obtained":[{"floor":7,"key":"Guardian:PocketSentry"},{"floor":8,"key":"Tiny Chest"},{"floor":11,"key":"Frozen Egg 2"},{"floor":23,"key":"infinitespire:EmpoweringShard"},{"floor":36,"key":"infinitespire:Satchel"},{"floor":40,"key":"conspire:GlowingRock"},{"floor":41,"key":"Potion Belt"},{"floor":45,"key":"Blood Vial"},{"floor":48,"key":"Juzu Bracelet"}],"event_choices":[],"is_beta":false,"boss_relics":[{"not_picked":["Cursed Key","hubris:GrandSneckoEye"],"picked":"Black Star"},{"not_picked":["Runic Pyramid","hubris:CrackedHourglass"],"picked":"sneckomod:SneckoTalon"}],"items_purged_floors":[28,28],"is_endless":false,"potions_floor_spawned":[2,3,6,14,15,19,31,32,39,40,42,46],"killed_by":"Transient","ascension_level":0}}