{"host":"Lucas","time":1612958540,"event":{"mods":["BaseMod","Downfall","Minty Spire (QoL Compilation)","READ ME - Guardian Mod","StSLib","The Cursed","The Disciple","The Necromancer","The Servant 0.9.4"],"gold_per_floor":[99,374,374,374,64,64,87,87,98,131,141,152,137,137,150,253,253,53,68,80,80,65,75,100,117,117,102,136,236,186,186,205,302,302,202,212,261,361,376,402,402,402,416,451,451,29,29,42,61,61,61,61,61,61],"floor_reached":52,"language":"ENG","playtime":4126,"items_purged":[],"score":864,"play_id":"bba86d2d-daab-468f-a09a-331f41e44151","local_time":"20210210120220","is_ascension_mode":true,"campfire_choices":[{"data":"champ:Execute","floor":1.0,"key":"SMITH"},{"data":"champ:Taunt","floor":6.0,"key":"SMITH"},{"floor":8.0,"key":"RECALL"},{"data":"champ:ViciousMockery","floor":18.0,"key":"SMITH"},{"floor":26.0,"key":"REST"},{"data":"champ:EnchantCrown","floor":35.0,"key":"SMITH"},{"floor":42.0,"key":"REST"},{"data":"1","floor":47.0,"key":"LIFT"}],"circlet_count":0,"master_deck":["champ:Strike","champ:Strike","champ:Strike","champ:Strike","champ:Defend","champ:Defend","champ:Defend","champ:Defend","champ:Execute+1","champ:Taunt+1","Regret","champ:RisingSlash","champ:TornadoPunch","champ:ArenaPreparation","expansioncontent:QuickStudy+1","champ:FocusedDefense","champ:ViciousMockery+1","champ:Haymaker","champ:ShieldWall","champ:FanOfKnives","champ:EnGarde","champ:CheapShot","champ:DefensiveStyle","champ:Endure+1","Pride","champ:FancyFootwork","champ:GladiatorStyle+1","champ:Devastate","champ:BladeFlurry","champ:FanOfKnives","Pain","champ:FlashCut","champ:EnchantCrown+1","champ:BerserkerStyle","champ:FlashCut","champ:Taunt","champ:FanOfKnives","champ:ShieldSlam","champ:SteelEdge","Trip","Injury","champ:FlashCut+1","champ:BringItOn+1","champ:ShieldSigil+1","champ:Parry","champ:Improvising","Apotheosis","champ:RageSigil+1","champ:Shatter+1"],"relics":["champ:ChampionCrown","downfall:HeartsMalice","Lantern","Boot","StrikeDummy","bronze:MakeshiftBattery","downfall:HeartBlessingRed","downfall:HeartBlessingGreen","Art of War","Gremlin Horn","WarpedTongs","Sozu","downfall:HeartBlessingBlue","Thread and Needle","downfall:GremlinSack","Girya","TungstenRod","Singing Bowl","HornCleat"],"acts_visited":["Exordium","TheCity","TheBeyond","TheEnding"],"potions_floor_usage":[],"damage_taken":[{"damage":0.0,"enemies":"Jaw Worm","floor":3.0,"turns":1.0},{"damage":0.0,"enemies":"Cultist","floor":4.0,"turns":1.0},{"damage":0.0,"enemies":"downfall:FleeingMerchant","floor":5.0,"turns":1.0},{"damage":44.0,"enemies":"Small Slimes","floor":9.0,"turns":3.0},{"damage":41.0,"enemies":"Lagavulin","floor":10.0,"turns":4.0},{"damage":16.0,"enemies":"2 Fungi Beasts","floor":11.0,"turns":3.0},{"damage":10.0,"enemies":"3 Louse","floor":12.0,"turns":1.0},{"damage":1.0,"enemies":"downfall:FleeingMerchant","floor":13.0,"turns":4.0},{"damage":16.0,"enemies":"Large Slime","floor":15.0,"turns":4.0},{"damage":12.0,"enemies":"SI_SHIV_ARCHETYPE","floor":16.0,"turns":5.0},{"damage":10.0,"enemies":"Chosen","floor":19.0,"turns":3.0},{"damage":21.0,"enemies":"3 Byrds","floor":20.0,"turns":5.0},{"damage":32.0,"enemies":"downfall:FleeingMerchant","floor":22.0,"turns":4.0},{"damage":32.0,"enemies":"Snecko","floor":23.0,"turns":6.0},{"damage":11.0,"enemies":"Snake Plant","floor":25.0,"turns":5.0},{"damage":15.0,"enemies":"downfall:FleeingMerchant","floor":27.0,"turns":5.0},{"damage":19.0,"enemies":"Gremlin Leader","floor":28.0,"turns":6.0},{"damage":39.0,"enemies":"Centurion and Healer","floor":32.0,"turns":4.0},{"damage":69.0,"enemies":"DF_ARCHETYPE_CLAW","floor":33.0,"turns":7.0},{"damage":23.0,"enemies":"Orb Walker","floor":36.0,"turns":3.0},{"damage":0.0,"enemies":"downfall:FleeingMerchant","floor":37.0,"turns":2.0},{"damage":7.0,"enemies":"downfall:FleeingMerchant","floor":38.0,"turns":4.0},{"damage":28.0,"enemies":"3 Shapes","floor":39.0,"turns":9.0},{"damage":27.0,"enemies":"Reptomancer","floor":40.0,"turns":6.0},{"damage":19.0,"enemies":"3 Darklings","floor":43.0,"turns":7.0},{"damage":21.0,"enemies":"Nemesis","floor":44.0,"turns":7.0},{"damage":21.0,"enemies":"Maw","floor":48.0,"turns":8.0},{"damage":13.0,"enemies":"Sphere and 2 Shapes","floor":49.0,"turns":3.0},{"damage":84,"enemies":"WA_ARCHETYPE_DIVINITY","floor":50,"turns":16},{"damage":100,"enemies":"downfall:CharBossMerchant","floor":52,"turns":8}],"seed_played":"-1961598821324444123","potions_obtained":[{"floor":9.0,"key":"Guardian:BlockOnCardUsePotion"},{"floor":11.0,"key":"PowerPotion"},{"floor":12.0,"key":"champ:CounterPotion"},{"floor":16.0,"key":"Dexterity Potion"},{"floor":19.0,"key":"Strength Potion"}],"is_trial":false,"path_per_floor":["R","?","M","M","$","R","T","R","M","E","M","M","$","?","M","B",null,"R","M","M","?","$","M","T","M","R","$","E","?","?","?","M","B",null,"R","M","$","?","M","E","T","R","M","E","?","$","R","M","M","B",null,"E"],"character_chosen":"THE_CHAMP","items_purchased":["Lantern","expansioncontent:QuickStudy+1","Thread and Needle","Apotheosis","HornCleat"],"campfire_rested":2,"item_purchase_floors":[5,5,37,46,46],"current_hp_per_floor":[90,90,90,90,90,90,90,90,76,60,54,54,53,53,42,30,90,90,90,89,89,82,60,60,49,76,76,62,62,90,90,86,27,90,100,77,77,75,71,49,49,79,60,39,100,100,100,89,86,6,100,0,0,0],"gold":61,"neow_bonus":"THREE_ENEMY_KILL","is_daily":false,"chose_seed":false,"campfire_upgraded":4,"win_rate":0.0,"timestamp":1612958540,"path_taken":["R","?","?","M","?","R","T","R","M","E","M","M","$","?","M","BOSS","R","M","M","?","$","M","T","M","R","$","E","?","?","?","M","BOSS","R","M","$","?","?","E","T","R","M","E","?","$","R","M","M","BOSS","E"],"items_purchased_type":["Relic","Card","Relic","Card","Relic"],"build_version":"2020-12-18","purchased_purges":0,"victory":false,"max_hp_per_floor":[90,90,90,90,90,90,90,90,90,90,90,90,90,90,90,90,90,90,90,90,90,90,90,90,90,90,90,90,90,90,90,90,90,90,100,100,100,100,100,100,100,100,100,100,100,100,100,100,100,100,100,100,100,100],"card_choices":[{"not_picked":["champ:GutPunch","champ:CrownThrow"],"picked":"champ:RisingSlash","floor":3.0},{"not_picked":["champ:GutPunch","champ:Circumvent"],"picked":"champ:TornadoPunch","floor":4.0},{"not_picked":["champ:CalledShot","champ:SwordThrow"],"picked":"champ:ArenaPreparation","floor":5.0},{"not_picked":["champ:FocusedBerserking","champ:Circumvent"],"picked":"champ:FocusedDefense","floor":9.0},{"not_picked":["champ:RapidStrikes","champ:FalseCounter"],"picked":"champ:ViciousMockery","floor":10.0},{"not_picked":["champ:AdrenalArmor","champ:EnGarde"],"picked":"champ:Haymaker","floor":11.0},{"not_picked":["champ:TornadoPunch","champ:DefensiveShout"],"picked":"champ:ShieldWall","floor":12.0},{"not_picked":["champ:AdrenalArmor","champ:StanceDance"],"picked":"champ:FanOfKnives","floor":13.0},{"not_picked":["champ:Circumvent","champ:FanOfKnives"],"picked":"champ:EnGarde","floor":15.0},{"not_picked":["champ:HeavySlash","champ:DancingMaster"],"picked":"champ:CheapShot","floor":16.0},{"not_picked":["champ:Backstep","champ:BerserkersShout"],"picked":"champ:DefensiveStyle","floor":19.0},{"not_picked":["champ:Duel","champ:CrownThrow"],"picked":"champ:Endure+1","floor":20.0},{"not_picked":["champ:ShieldWall","champ:FocusedDefense"],"picked":"champ:FancyFootwork","floor":22.0},{"not_picked":["champ:EnGarde","champ:BerserkersShout"],"picked":"champ:GladiatorStyle+1","floor":23.0},{"not_picked":["champ:TornadoPunch+1","champ:BladeFlurry"],"picked":"champ:Devastate","floor":25.0},{"not_picked":["champ:Haymaker+1","champ:CheapShot"],"picked":"champ:BladeFlurry","floor":27.0},{"not_picked":["champ:GladiatorStyle","champ:CrownThrow"],"picked":"champ:FanOfKnives","floor":28.0},{"not_picked":["champ:HeartStrike","champ:RageSigil"],"picked":"champ:FlashCut","floor":32.0},{"not_picked":["champ:CheapShot","champ:HeavySlash"],"picked":"champ:EnchantCrown","floor":33.0},{"not_picked":["champ:CrownThrow","champ:FalseCounter+1"],"picked":"champ:BerserkerStyle","floor":36.0},{"not_picked":["champ:Parry","champ:ShieldWall"],"picked":"champ:FlashCut","floor":37.0},{"not_picked":["champ:Endure+1","champ:FancyFootwork"],"picked":"champ:FlashCut+1","floor":38.0},{"not_picked":["champ:GutPunch","champ:RecklessLeap+1"],"picked":"champ:BringItOn+1","floor":39.0},{"not_picked":["champ:Duel","champ:BerserkersShout+1"],"picked":"champ:ShieldSigil+1","floor":40.0},{"not_picked":["champ:FocusedDefense","champ:FalseCounter+1"],"picked":"champ:Parry","floor":43.0},{"not_picked":["champ:Duel+1","champ:Lariat"],"picked":"champ:Improvising","floor":44.0},{"not_picked":["champ:Lariat","champ:PreemptiveStrike+1"],"picked":"champ:RageSigil+1","floor":48.0},{"not_picked":["champ:FocusedDefense+1","champ:EndlessRage"],"picked":"champ:Shatter+1","floor":49.0}],"player_experience":1304747,"relics_obtained":[{"floor":7.0,"key":"Boot"},{"floor":10.0,"key":"StrikeDummy"},{"floor":28.0,"key":"Gremlin Horn"},{"floor":38.0,"key":"downfall:GremlinSack"},{"floor":40.0,"key":"Girya"},{"floor":41.0,"key":"TungstenRod"},{"floor":44.0,"key":"Singing Bowl"}],"event_choices":[{"damage_healed":0.0,"max_hp_gain":0.0,"max_hp_loss":0.0,"gold_gain":0.0,"event_name":"Addict","player_choice":"Stole Relic","floor":21.0,"gold_loss":0.0,"damage_taken":0.0,"relics_obtained":["Art of War"],"cards_obtained":["Pride"]},{"damage_healed":0.0,"max_hp_gain":0.0,"max_hp_loss":0.0,"gold_gain":0.0,"event_name":"Accursed Blacksmith","player_choice":"Rummage","floor":31.0,"gold_loss":0.0,"damage_taken":0.0,"relics_obtained":["WarpedTongs"],"cards_obtained":["Pain"]}],"is_beta":true,"boss_relics":[{"not_picked":["Velvet Choker","SlaversCollar"],"picked":"bronze:MakeshiftBattery"},{"not_picked":["Busted Crown","Fusion Hammer"],"picked":"Sozu"}],"items_purged_floors":[],"is_endless":false,"potions_floor_spawned":[9,11,12,16,19,20,28,38,39,44,48,49],"killed_by":"downfall:CharBossMerchant","ascension_level":4}}