{"host":"ln8zowmpyx5bxamj","time":1612924129,"event":{"mods":["Act Like it!","BaseMod","Colored Map","Conspire","Gensokyo","GifTheSpireLib","Hallownest","Hubris","Minty Spire (QoL Compilation)","Permanent Neow","Replay The Spire","StSLib","Uncapped","Yuyuko"],"gold_per_floor":[116,116,127,80,80,80,111,111,135,145,145,145,145,161,161,257,257,272,272,288,288,124,124,124],"floor_reached":23,"language":"ENG","playtime":5036,"items_purged":[],"score":187,"play_id":"5517b07d-2999-48c2-86fc-9dec3ba95a7e","local_time":"20210209202849","is_ascension_mode":false,"campfire_choices":[{"data":"Spear of Papilio","floor":6,"key":"SMITH"},{"data":"Dreamy Sakura","floor":8,"key":"SMITH"},{"data":"Gone","floor":15,"key":"SMITH"},{"data":"Dreamy Sakura","floor":15,"key":"SMITH"}],"circlet_count":0,"master_deck":["Fantasy Butterflies","Fantasy Butterflies","Fantasy Butterflies","Fantasy Butterflies","Fantasy Butterflies","Dreamy Sakura+1","Dreamy Sakura","Dreamy Sakura","Dreamy Sakura+1","Dreamy Sakura+1","Deathly Ground+1","Faramita\u0027s Temptation+1","Spear of Papilio+1","Chase The Sukhavati","Bloom","Linger over Flower","Gone+1","Bloom","Dying Sakura","The Forgotten Winter","Lunch","Ghost Spot","Past Graveyard","Open The Fan","Snowing Sakura","Purity","Mini Ghostdom+1","Ghost Spot"],"relics":["Coronal","Yuyuko\u0027s fan","Pear","Thread and Needle","Orrery","Replay:Arrowhead","Coffee Dripper"],"acts_visited":["Exordium","TheCity"],"potions_floor_usage":[7,23],"damage_taken":[{"damage":18,"enemies":"conspire:RoseBush","floor":1,"turns":2},{"damage":17,"enemies":"Jaw Worm","floor":3,"turns":3},{"damage":29,"enemies":"3 Sentries","floor":7,"turns":4},{"damage":22,"enemies":"Cultist","floor":10,"turns":4},{"damage":17,"enemies":"Lots of Slimes","floor":14,"turns":3},{"damage":27,"enemies":"Slime Boss","floor":16,"turns":10},{"damage":79,"enemies":"conspire:FuzzyDice","floor":18,"turns":7},{"damage":4,"enemies":"Spheric Guardian","floor":20,"turns":4},{"damage":28,"enemies":"Slavers","floor":23,"turns":2}],"seed_played":"9153162012589012174","potions_obtained":[{"floor":3,"key":"Dexterity Potion"},{"floor":7,"key":"BlessingOfTheForge"},{"floor":14,"key":"DistilledChaos"}],"is_trial":false,"path_per_floor":["M","?","M","$","?","R","E","R","T","M","$","T","?","M","R","B",null,"M","?","M","?","$","E"],"character_chosen":"YUYOKO","items_purchased":["Bloom","Thread and Needle","Orrery","Ghost Spot"],"campfire_rested":0,"item_purchase_floors":[4,11,11,22],"current_hp_per_floor":[38,38,37,37,29,29,31,31,31,37,7,7,50,33,33,40,50,9,9,23,23,23,0,0],"gold":124,"neow_bonus":"UPGRADE_CARD","is_daily":false,"chose_seed":false,"campfire_upgraded":4,"win_rate":0.0,"timestamp":1612924129,"path_taken":["M","?","M","$","?","R","E","R","T","?","?","?","?","M","R","BOSS","M","?","?","?","$","E"],"items_purchased_type":["Card","Relic","Relic","Card"],"build_version":"2020-12-22","purchased_purges":0,"victory":false,"max_hp_per_floor":[40,40,40,40,40,40,50,50,50,50,50,50,50,50,50,50,50,50,50,50,50,50,50,50],"card_choices":[{"not_picked":["End of Faramita","Infinite Sin"],"picked":"Spear of Papilio","floor":1},{"not_picked":["Showy Withering","Bloom"],"picked":"Chase The Sukhavati","floor":3},{"not_picked":["End of Faramita","Steamed Phantom"],"picked":"Linger over Flower","floor":7},{"not_picked":["Gauzy Sakura","Fondling of Papilio"],"picked":"Gone","floor":10},{"not_picked":["All Wander","Steamed Phantom"],"picked":"Bloom","floor":11},{"not_picked":["Gather the Spring","Wandering Soul"],"picked":"Dying Sakura","floor":11},{"not_picked":["Explore Ghostdom","Unpaved Way"],"picked":"The Forgotten Winter","floor":11},{"not_picked":["Full Moon","Become Phantom"],"picked":"Suicide","floor":11},{"not_picked":["Gather the Spring","Showy Withering"],"picked":"Lunch","floor":11},{"not_picked":["Fondling of Papilio","Unborn Light"],"picked":"Ghost Spot","floor":14},{"not_picked":["Full Inky Sakura","Ghost Spot"],"picked":"Past Graveyard","floor":16},{"not_picked":["Sakura Ward","Reverse The Screen"],"picked":"Open The Fan","floor":18},{"not_picked":["Full Moon","Butterflies in Dream"],"picked":"Mini Ghostdom+1","floor":20}],"player_experience":309890,"relics_obtained":[{"floor":7,"key":"Pear"},{"floor":12,"key":"Replay:Arrowhead"}],"event_choices":[{"damage_healed":0,"gold_gain":0,"player_choice":"Entered Light","damage_taken":8,"max_hp_gain":0,"max_hp_loss":0,"event_name":"Shining Light","floor":5,"gold_loss":0,"cards_upgraded":["Dreamy Sakura","Deathly Ground"]},{"cards_removed":["Suicide"],"damage_healed":43,"gold_gain":0,"player_choice":"Offered Uncommon","damage_taken":0,"max_hp_gain":0,"max_hp_loss":0,"event_name":"Bonfire Elementals","floor":13,"gold_loss":0},{"damage_healed":0,"gold_gain":0,"player_choice":"2 cards matched","damage_taken":0,"max_hp_gain":0,"max_hp_loss":0,"event_name":"Match and Keep!","floor":19,"gold_loss":0,"cards_obtained":["Snowing Sakura","Purity"]}],"is_beta":false,"boss_relics":[{"not_picked":["Replay:Wanted Poster","hubris:VirtuousBlindfold"],"picked":"Coffee Dripper"}],"items_purged_floors":[],"is_endless":false,"potions_floor_spawned":[3,7,14,16],"killed_by":"Slavers","ascension_level":0}}