{"host":"50qwps766cbz6ukm","time":1612989716,"event":{"mods":["BaseMod","Colored Map","Colored Powertips","DeckTracker","Highlight Path","Minty Spire (QoL Compilation)","Quick Restart","Remove Card Discount Mod","StSLib","SuperFastMode","Synergy Search"],"gold_per_floor":[119,139,154,0,15,15,15,15,15],"floor_reached":8,"language":"ENG","playtime":358,"items_purged":["Strike_P","Defend_P"],"score":67,"play_id":"d62f9f52-6381-4c45-8c61-10f8aded43e8","local_time":"20210210224156","is_ascension_mode":true,"campfire_choices":[{"floor":7,"key":"REST"}],"circlet_count":0,"master_deck":["Strike_P","Strike_P","Strike_P","Defend_P","Defend_P","Defend_P","Eruption+1","Vigilance","EmptyFist","Prostrate","Evaluate","EmptyBody"],"relics":["PureWater","Sling","Golden Idol"],"acts_visited":["Exordium"],"potions_floor_usage":[],"damage_taken":[{"damage":4,"enemies":"Cultist","floor":1,"turns":4},{"damage":0,"enemies":"2 Louse","floor":2,"turns":3},{"damage":11,"enemies":"Jaw Worm","floor":3,"turns":4},{"damage":18,"enemies":"Exordium Wildlife","floor":5,"turns":6},{"damage":36,"enemies":"Lagavulin","floor":8,"turns":8}],"seed_played":"-4145726823597039393","potions_obtained":[{"floor":3,"key":"Weak Potion"},{"floor":5,"key":"Block Potion"}],"is_trial":false,"path_per_floor":["M","M","M","$","M","?","R","E"],"character_chosen":"WATCHER","items_purchased":["Sling"],"campfire_rested":1,"item_purchase_floors":[4],"current_hp_per_floor":[61,61,50,50,32,14,35,0,0],"gold":15,"neow_bonus":"UPGRADE_CARD","is_daily":false,"chose_seed":false,"campfire_upgraded":0,"win_rate":0.0,"timestamp":1612989716,"path_taken":["M","M","M","$","?","?","R","E"],"items_purchased_type":["Relic"],"build_version":"2020-12-22","purchased_purges":2,"victory":false,"max_hp_per_floor":[72,72,72,72,72,72,72,72,72],"card_choices":[{"not_picked":["EmptyBody","CrushJoints"],"picked":"EmptyFist","floor":1},{"not_picked":["FollowUp","FlyingSleeves"],"picked":"Prostrate","floor":2},{"not_picked":["SignatureMove","Crescendo"],"picked":"Evaluate","floor":3},{"not_picked":["JustLucky","BowlingBash"],"picked":"EmptyBody","floor":5}],"player_experience":587017,"relics_obtained":[],"event_choices":[{"damage_healed":0,"gold_gain":0,"player_choice":"Take Damage","damage_taken":18,"relics_obtained":["Golden Idol"],"max_hp_gain":0,"max_hp_loss":0,"event_name":"Golden Idol","floor":6,"gold_loss":0}],"is_beta":false,"boss_relics":[],"items_purged_floors":[4,4],"is_endless":false,"potions_floor_spawned":[3,5],"killed_by":"Lagavulin","ascension_level":8}}