{"host":"vfg9szunmpjwj08o","time":1612953656,"event":{"mods":["Act Like it!","BaseMod","BetterRewards","Bossed Relics","Challenge The Spire","Colored Map","Colored Powertips","Dark Map","Highlight Path","Minty Spire (QoL Compilation)","Quick Restart","Relic Stats","StSLib","Waifu the Spire","everything is the same but u backflip on backflip"],"gold_per_floor":[119,129,204,61,136,171,189,202,202,202,220,220,69,99,99,225,225,239,239,262,262,117,117,117],"floor_reached":23,"language":"ENG","playtime":680,"items_purged":["Strike_P","Defend_P"],"score":359,"play_id":"75fdee85-6055-46c9-9c8b-773954b46cc6","local_time":"20210210114056","is_ascension_mode":true,"campfire_choices":[{"data":"Eruption","floor":10,"key":"SMITH"},{"data":"Vault","floor":15,"key":"SMITH"}],"circlet_count":0,"master_deck":["AscendersBane","Strike_P","Defend_P","Defend_P","Eruption+1","Vigilance","Vault+1","Meditate","Impatience","PathToVictory","CutThroughFate","Meditate","PathToVictory","Study","Establishment","Omniscience","WaveOfTheHand","PathToVictory"],"relics":["PureWater","Strawberry","InkBottle","Golden Idol"],"acts_visited":["Exordium","TheCity"],"potions_floor_usage":[6],"damage_taken":[{"damage":1,"enemies":"2 Louse","floor":1,"turns":2},{"damage":1,"enemies":"Small Slimes","floor":2,"turns":4},{"damage":37,"enemies":"Lagavulin","floor":6,"turns":7},{"damage":1,"enemies":"Cultist","floor":7,"turns":3},{"damage":2,"enemies":"2 Fungi Beasts","floor":8,"turns":4},{"damage":3,"enemies":"Blue Slaver","floor":11,"turns":4},{"damage":0,"enemies":"Slime Boss","floor":16,"turns":5},{"damage":20,"enemies":"Spheric Guardian","floor":18,"turns":5},{"damage":28,"enemies":"2 Thieves","floor":20,"turns":5},{"damage":10,"enemies":"Gremlin Leader","floor":23,"turns":2}],"seed_played":"2613218372688555325","potions_obtained":[{"floor":1,"key":"Weak Potion"}],"is_trial":false,"path_per_floor":["M","M","?","$","?","E","M","M","T","R","M","?","$","?","R","B",null,"M","?","M","?","$","E"],"character_chosen":"WATCHER","items_purchased":["Impatience","PathToVictory","Study","PathToVictory"],"campfire_rested":0,"item_purchase_floors":[4,4,13,22],"current_hp_per_floor":[64,63,52,52,45,15,14,12,12,12,9,9,9,9,9,9,57,37,37,9,9,9,0,0],"gold":117,"neow_bonus":"ONE_RANDOM_RARE_CARD","is_daily":false,"chose_seed":false,"campfire_upgraded":2,"win_rate":0.0,"timestamp":1612953656,"path_taken":["M","M","?","$","?","E","M","M","T","R","?","?","$","?","R","BOSS","M","?","M","?","$","E"],"items_purchased_type":["Card","Card","Card","Card"],"build_version":"2020-12-22","purchased_purges":2,"victory":false,"max_hp_per_floor":[72,72,72,72,72,79,79,79,79,79,79,73,73,73,73,73,73,73,73,73,73,73,73,73],"relic_stats":{"counters":[10,41],"Golden Idol":33,"obtain_stats":[{"Golden Idol":12,"Strawberry":6,"PureWater":0,"InkBottle":9},{"Golden Idol":6,"Strawberry":3,"PureWater":0,"InkBottle":5},{"Golden Idol":24,"Strawberry":13,"PureWater":0,"InkBottle":20}],"InkBottle":[7]},"card_choices":[{"not_picked":["Pray","ReachHeaven","Halt"],"picked":"SKIP","floor":1},{"not_picked":["FollowUp","FearNoEvil"],"picked":"Meditate","floor":2},{"not_picked":["Consecrate","CrushJoints"],"picked":"CutThroughFate","floor":6},{"not_picked":["JustLucky","TalkToTheHand"],"picked":"Meditate","floor":7},{"not_picked":["Crescendo","WaveOfTheHand","Weave"],"picked":"SKIP","floor":8},{"not_picked":["Evaluate","WheelKick"],"picked":"PathToVictory","floor":11},{"not_picked":["Omniscience","Devotion"],"picked":"Establishment","floor":16},{"not_picked":["CrushJoints","CarveReality+1","BowlingBash"],"picked":"SKIP","floor":18},{"not_picked":["WheelKick","Halt","DeceiveReality"],"picked":"SKIP","floor":20}],"player_experience":1105026,"relics_obtained":[{"floor":6,"key":"Strawberry"},{"floor":9,"key":"InkBottle"}],"event_choices":[{"damage_healed":0,"gold_gain":75,"player_choice":"Gather Gold","damage_taken":11,"max_hp_gain":0,"max_hp_loss":0,"event_name":"World of Goop","floor":3,"gold_loss":0},{"damage_healed":0,"gold_gain":75,"player_choice":"Touch","damage_taken":7,"max_hp_gain":0,"max_hp_loss":0,"event_name":"FaceTrader","floor":5,"gold_loss":0},{"damage_healed":0,"gold_gain":0,"player_choice":"Lose Max HP","damage_taken":0,"relics_obtained":["Golden Idol"],"max_hp_gain":0,"max_hp_loss":6,"event_name":"Golden Idol","floor":12,"gold_loss":0},{"damage_healed":0,"gold_gain":30,"player_choice":"Searched \u00271\u0027 times","damage_taken":0,"max_hp_gain":0,"max_hp_loss":0,"event_name":"Dead Adventurer","floor":14,"gold_loss":0},{"damage_healed":0,"gold_gain":0,"cards_transformed":["Strike_P","Defend_P"],"player_choice":"Became Test Subject","damage_taken":0,"max_hp_gain":0,"max_hp_loss":0,"event_name":"Drug Dealer","floor":19,"gold_loss":0,"cards_obtained":["Omniscience","WaveOfTheHand"]},{"cards_removed":["Strike_P"],"damage_healed":0,"gold_gain":0,"player_choice":"Elegance","damage_taken":0,"max_hp_gain":0,"max_hp_loss":0,"event_name":"Back to Basics","floor":21,"gold_loss":0}],"is_beta":false,"boss_relics":[{"not_picked":["Fusion Hammer","Runic Dome","Snecko Eye"]}],"items_purged_floors":[13,22],"is_endless":false,"potions_floor_spawned":[1],"killed_by":"Gremlin Leader","ascension_level":10}}