{"host":"og21o26alpnbwmz8","time":1612977709,"event":{"mods":["100% Spire Juice","Act Like it!","Aspiration","BaseMod","Conspire","Downfall","Gensokyo","Halation","Hubris","Jedi Mod","Mimic Mod","Minty Spire (QoL Compilation)","Pale of the Ancients","Reliquary","Replay The Spire","Robot Space Explorer","Shop Mod","Spikes Relics","StSLib","The Alterego","The Blue Laboratory","The Marked","Waifu the Spire"],"gold_per_floor":[117,117,117,36,52,52,77,88,88,101,114,114,114,130,130,233,113,126,6,24,36,36,36,36,49,49,62,62,62,62,80,80,80,80],"floor_reached":33,"language":"ENG","playtime":1032,"items_purged":[],"score":274,"play_id":"881126d2-0e37-45d1-8e64-e048b67db7ac","local_time":"20210210122149","is_ascension_mode":false,"campfire_choices":[{"data":"Moonworks:x16BigRocket","floor":6,"key":"SMITH"},{"data":"Moonworks:x16BigRocket+1","floor":13,"key":"SMITH"},{"floor":15,"key":"REST"},{"data":"Moonworks:x16BigRocket+2","floor":23,"key":"SMITH"},{"data":"Moonworks:Accelerator","floor":28,"key":"SMITH"},{"data":"Moonworks:x16BigRocket+3","floor":30,"key":"SMITH"},{"data":"Moonworks:x16BigRocket+4","floor":32,"key":"SMITH"}],"circlet_count":0,"master_deck":["Moonworks:Strike","Moonworks:Strike","Moonworks:Defend","Moonworks:Defend","Moonworks:Defend","Moonworks:Defend","Moonworks:Ambush+1","Moonworks:LongDistanceShot","Moonworks:x16BigRocket+5","Moonworks:NicePresent","Moonworks:NicePresent","Moonworks:SweetBattle","Moonworks:NicePresent+1","Moonworks:Accelerator+1","Moonworks:EvilSpyWorkPreparation"],"relics":["Moonworks:BrokenBomb","Moonworks:Homemark","NeowsBlessing","Strawberry","hexamod:BolsterEngine","Ancient Tea Set","halation:Trompette","Empty Cage","Iron Hammer","Quantum Egg"],"acts_visited":["Exordium","Gensokyo:Gensokyo"],"potions_floor_usage":[16,16,16],"damage_taken":[{"damage":0,"enemies":"Gensokyo:Gryphon","floor":1,"turns":1},{"damage":0,"enemies":"Gensokyo:2_Kodama","floor":5,"turns":1},{"damage":0,"enemies":"Gensokyo:Mamizou","floor":7,"turns":2},{"damage":0,"enemies":"Gensokyo:Python","floor":8,"turns":2},{"damage":20,"enemies":"Gensokyo:5_Fairies","floor":10,"turns":5},{"damage":17,"enemies":"Gensokyo:CorruptedTreant","floor":11,"turns":3},{"damage":18,"enemies":"Gensokyo:Gryphon_and_Rabbit","floor":14,"turns":4},{"damage":22,"enemies":"Gensokyo:Kokoro","floor":16,"turns":7},{"damage":4,"enemies":"Gensokyo:2_Gloops","floor":18,"turns":4},{"damage":12,"enemies":"Gensokyo:Chomper","floor":20,"turns":4},{"damage":37,"enemies":"Gensokyo:Slime_Group","floor":21,"turns":4},{"damage":20,"enemies":"Gensokyo:Chomper_and_Gloop","floor":25,"turns":4},{"damage":20,"enemies":"Gensokyo:3_Gloops","floor":27,"turns":5},{"damage":19,"enemies":"Gensokyo:Wraith","floor":31,"turns":5},{"damage":97,"enemies":"Gensokyo:Eiki","floor":33,"turns":5}],"seed_played":"-2555606109117982351","potions_obtained":[{"floor":1,"key":"blueLaboratory:BottleOfVodka"},{"floor":7,"key":"blueLaboratory:HorrorPotion"},{"floor":11,"key":"BlessingOfTheForge"},{"floor":14,"key":"blueLaboratory:FruitPunch"},{"floor":18,"key":"blueLaboratory:AbyssPotion"},{"floor":20,"key":"Energy Potion"},{"floor":21,"key":"Fire Potion"}],"is_trial":false,"path_per_floor":["M","?","?","$","M","R","E","M","T","M","M","T","R","M","R","B",null,"M","?","M","M","?","R","$","M","T","M","R","?","R","M","R","B"],"character_chosen":"THE_STARBREAKER","items_purchased":["Moonworks:x16BigRocket"],"campfire_rested":1,"item_purchase_floors":[4],"current_hp_per_floor":[60,60,57,57,57,57,57,57,57,37,20,20,20,2,22,2,69,65,65,57,20,20,20,20,12,12,12,12,19,19,33,33,0,0],"gold":80,"neow_bonus":"THREE_ENEMY_KILL","is_daily":false,"chose_seed":false,"campfire_upgraded":6,"win_rate":0.0,"timestamp":1612977709,"path_taken":["M","?","?","?","M","R","E","M","T","?","M","?","R","?","R","BOSS","M","?","M","M","?","R","$","M","T","?","R","?","R","M","R","BOSS"],"items_purchased_type":["Card"],"build_version":"2020-12-22","purchased_purges":0,"victory":false,"max_hp_per_floor":[60,60,67,67,67,67,67,67,67,67,67,67,67,67,67,69,69,69,69,69,69,69,69,69,69,69,69,69,69,69,69,69,69,69],"card_choices":[{"not_picked":["Moonworks:MiracleWalker","Moonworks:LulusLuckyEgg","Moonworks:ExtendedPhotonRifle"],"picked":"SKIP","floor":1},{"not_picked":["Moonworks:FinalSurgery","Moonworks:Assault","Moonworks:SealedMemories"],"picked":"SKIP","floor":5},{"not_picked":["Moonworks:SakisCookie","Moonworks:FinalSurgery","Moonworks:DeployBits"],"picked":"SKIP","floor":7},{"not_picked":["Moonworks:Bloodlust","Moonworks:FullSpeedAlicianrone"],"picked":"Moonworks:NicePresent","floor":8},{"not_picked":["Moonworks:WeAreWaruda","Moonworks:Poppoformation","Moonworks:Bloodlust"],"picked":"SKIP","floor":10},{"not_picked":["Moonworks:MiracleRedBeanIceCream","Moonworks:CookingTime"],"picked":"Moonworks:NicePresent","floor":11},{"not_picked":["Moonworks:Flamethrower","Moonworks:LulusLuckyEgg","Moonworks:ImOnFire"],"picked":"SKIP","floor":14},{"not_picked":["Moonworks:CloudOfSeagulls","Moonworks:ForcedRevival"],"picked":"Moonworks:SweetBattle","floor":18},{"not_picked":["Moonworks:Assault","Moonworks:BigBangBell","Moonworks:BigMagnum+1"],"picked":"SKIP","floor":20},{"not_picked":["Moonworks:Assault","Moonworks:RedAndBlue"],"picked":"Moonworks:NicePresent+1","floor":21},{"not_picked":["Moonworks:BigMagnum+1","Moonworks:CloudOfSeagulls","Moonworks:ImOnFire"],"picked":"SKIP","floor":25},{"not_picked":["Moonworks:BigMagnum","Moonworks:NicePresent"],"picked":"Moonworks:Accelerator","floor":27},{"not_picked":["Moonworks:FullSpeedAlicianrone","Moonworks:SakisCookie"],"picked":"Moonworks:EvilSpyWorkPreparation","floor":31}],"player_experience":248331,"relics_obtained":[{"floor":7,"key":"hexamod:BolsterEngine"},{"floor":9,"key":"Ancient Tea Set"},{"floor":12,"key":"halation:Trompette"},{"floor":26,"key":"Quantum Egg"}],"event_choices":[],"is_beta":false,"boss_relics":[{"not_picked":["Honey Jar","hubris:HollowSoul"],"picked":"Empty Cage"}],"items_purged_floors":[],"is_endless":false,"potions_floor_spawned":[1,7,11,14,18,20,21,25],"killed_by":"Gensokyo:Eiki","ascension_level":0}}