{"host":"9l1knhxfturzliqa","time":1612941580,"event":{"mods":["AchievementEnabler","BaseMod","Colored Map","Colored Powertips","DeckTracker","Highlight Path","Keyboard Shortcuts","Minty Spire (QoL Compilation)","Random Character Button"],"gold_per_floor":[12,32,51,126,141,172,172,192,242,242,242,257,257,267,267,365,365,379,42,42,52,52,52,65,65,138,138,138,153,185,200,200,303,303,315,365,81,101,101,101,427,427,427,438,464,482,482,496,496,496,496],"floor_reached":50,"language":"KOR","playtime":6166,"items_purged":["Defend_B","Strike_B"],"score":811,"play_id":"fbebd41d-e36e-4775-b385-b574c949e68e","local_time":"20210210161940","is_ascension_mode":true,"campfire_choices":[{"floor":7.0,"key":"REST"},{"data":"Zap","floor":11.0,"key":"SMITH"},{"floor":15.0,"key":"REST"},{"data":"White Noise","floor":23.0,"key":"SMITH"},{"data":"Defragment","floor":25.0,"key":"SMITH"},{"data":"Tempest","floor":27.0,"key":"SMITH"},{"floor":32.0,"key":"REST"},{"data":"Mayhem","floor":40.0,"key":"SMITH"},{"floor":47,"key":"REST"},{"floor":49,"key":"RECALL"}],"circlet_count":0,"master_deck":["AscendersBane","Defend_B+1","Defend_B","Zap+1","Dualcast","Secret Technique","Tempest+1","Chill","Defragment+1","Ball Lightning","Go for the Eyes+1","Storm","White Noise+1","Hologram","Electrodynamics","BootSequence","Shame","Secret Technique","Consume","Lockon+1","Seek","Skim+1","Mayhem+1","Hologram+1","Loop","Turbo+1"],"relics":["Cracked Core","Molten Egg 2","Dream Catcher","Empty Cage","Matryoshka","Darkstone Periapt","HornCleat","FossilizedHelix","Sozu","Turnip","Old Coin","Blood Vial","Akabeko","Juzu Bracelet"],"acts_visited":["Exordium","TheCity","TheBeyond"],"potions_floor_usage":[45],"damage_taken":[{"damage":3.0,"enemies":"Jaw Worm","floor":1.0,"turns":4.0},{"damage":3.0,"enemies":"2 Louse","floor":2.0,"turns":2.0},{"damage":0.0,"enemies":"Small Slimes","floor":3.0,"turns":3.0},{"damage":6.0,"enemies":"Blue Slaver","floor":5.0,"turns":4.0},{"damage":23.0,"enemies":"Lagavulin","floor":6.0,"turns":8.0},{"damage":7.0,"enemies":"2 Fungi Beasts","floor":8.0,"turns":3.0},{"damage":19.0,"enemies":"Exordium Thugs","floor":12.0,"turns":4.0},{"damage":8.0,"enemies":"3 Louse","floor":14.0,"turns":3.0},{"damage":24.0,"enemies":"Hexaghost","floor":16.0,"turns":8.0},{"damage":24.0,"enemies":"2 Thieves","floor":18.0,"turns":4.0},{"damage":0.0,"enemies":"Chosen","floor":21.0,"turns":4.0},{"damage":8.0,"enemies":"Snecko","floor":24.0,"turns":4.0},{"damage":1.0,"enemies":"Snake Plant","floor":29.0,"turns":3.0},{"damage":7.0,"enemies":"Gremlin Leader","floor":30.0,"turns":4.0},{"damage":0.0,"enemies":"Cultist and Chosen","floor":31.0,"turns":4.0},{"damage":43.0,"enemies":"Collector","floor":33.0,"turns":8.0},{"damage":0.0,"enemies":"Orb Walker","floor":35.0,"turns":3.0},{"damage":16.0,"enemies":"Mind Bloom Boss Battle","floor":36.0,"turns":6.0},{"damage":0.0,"enemies":"3 Darklings","floor":38.0,"turns":3.0},{"damage":15.0,"enemies":"Giant Head","floor":41.0,"turns":7.0},{"damage":0.0,"enemies":"4 Shapes","floor":44.0,"turns":2.0},{"damage":9,"enemies":"Nemesis","floor":45,"turns":3},{"damage":0,"enemies":"Transient","floor":46,"turns":5},{"damage":16,"enemies":"Jaw Worm Horde","floor":48,"turns":3},{"damage":54,"enemies":"Awakened One","floor":50,"turns":7}],"seed_played":"-7027820350301964155","potions_obtained":[{"floor":2.0,"key":"PotionOfCapacity"},{"floor":3.0,"key":"FairyPotion"},{"floor":14.0,"key":"CultistPotion"},{"floor":18.0,"key":"DistilledChaos"},{"floor":30.0,"key":"Explosive Potion"},{"floor":31.0,"key":"Swift Potion"}],"is_trial":false,"path_per_floor":["M","M","M","?","M","E","R","M","T","?","R","M","?","M","R","B",null,"M","$","?","M","?","R","M","R","T","R","?","M","E","M","R","B",null,"M","?","$","M","?","R","E","?","T","M","E","M","R","M","R","B"],"character_chosen":"DEFECT","items_purchased":["Matryoshka","Mayhem"],"campfire_rested":4,"item_purchase_floors":[19,37],"current_hp_per_floor":[65,62,62,51,45,22,44,37,37,30,30,11,22,14,36,12,59,35,35,35,35,41,41,33,33,33,33,33,32,25,25,49,6,62,62,46,46,46,46,46,31,31,31,33,26,28,52,38,38,0,0],"gold":496,"neow_bonus":"RANDOM_COLORLESS_2","is_daily":false,"chose_seed":false,"campfire_upgraded":5,"win_rate":0.0,"timestamp":1612941580,"path_taken":["M","M","M","?","M","E","R","M","T","?","R","M","?","M","R","BOSS","M","$","?","M","?","R","M","R","T","R","?","M","E","?","R","BOSS","M","?","$","M","?","R","E","?","T","M","E","M","R","M","R","BOSS"],"items_purchased_type":["Relic","Card"],"build_version":"2020-12-22","purchased_purges":2,"victory":false,"max_hp_per_floor":[75,75,75,75,75,75,75,75,75,75,75,75,75,75,75,75,75,75,75,75,75,81,81,81,81,81,81,81,81,81,81,81,81,81,81,81,81,81,81,81,81,81,81,81,81,81,81,81,81,81,81],"card_choices":[{"not_picked":["Thinking Ahead","Secret Weapon"],"picked":"Secret Technique","floor":0.0},{"not_picked":["Auto Shields","Turbo"],"picked":"Tempest","floor":1.0},{"not_picked":["Glacier","Leap"],"picked":"Chill","floor":2.0},{"not_picked":["Redo","Cold Snap"],"picked":"Defragment","floor":3.0},{"not_picked":["Stack","Rebound"],"picked":"Ball Lightning","floor":5.0},{"not_picked":["Gash+1","Steam"],"picked":"Go for the Eyes+1","floor":6.0},{"not_picked":["Double Energy","Reprogram"],"picked":"Storm","floor":8.0},{"not_picked":["Blizzard+1","Cold Snap+1"],"picked":"White Noise","floor":12.0},{"not_picked":["Coolheaded","Doom and Gloom+1","Reprogram"],"picked":"SKIP","floor":14.0},{"not_picked":["Hello World","Glacier"],"picked":"Hologram","floor":15.0},{"not_picked":["All For One+1","Biased Cognition"],"picked":"Electrodynamics","floor":16.0},{"not_picked":["Cold Snap+1","Ball Lightning+1"],"picked":"BootSequence","floor":18.0},{"not_picked":["Hologram","Hello World","Conserve Battery"],"picked":"SKIP","floor":21.0},{"not_picked":["FTL+1","Hello World","Redo"],"picked":"SKIP","floor":24.0},{"not_picked":["Steam","Streamline+1","Barrage+1"],"picked":"SKIP","floor":29.0},{"not_picked":["Tempest","Seek"],"picked":"Consume","floor":30.0},{"not_picked":["Force Field+1","Leap"],"picked":"Lockon+1","floor":31.0},{"not_picked":["Biased Cognition","Multi-Cast"],"picked":"Seek","floor":33.0},{"not_picked":["Sunder+1","Hello World"],"picked":"Skim+1","floor":35.0},{"not_picked":["Compile Driver+1","Rip and Tear+1"],"picked":"Hologram+1","floor":38.0},{"not_picked":["Rainbow","Darkness"],"picked":"Loop","floor":41.0},{"not_picked":["Cold Snap+1","Coolheaded"],"picked":"Turbo+1","floor":44.0},{"not_picked":["Sweeping Beam+1","Storm","Force Field+1"],"picked":"SKIP","floor":45},{"not_picked":["Static Discharge+1","Ball Lightning+1","Hologram"],"picked":"SKIP","floor":46},{"not_picked":["Static Discharge+1","Ball Lightning+1","Hologram"],"picked":"SKIP","floor":46},{"not_picked":["Coolheaded","Sweeping Beam+1","Cold Snap+1"],"picked":"SKIP","floor":48}],"player_experience":653778,"relics_obtained":[{"floor":6.0,"key":"Molten Egg 2"},{"floor":9.0,"key":"Dream Catcher"},{"floor":26.0,"key":"HornCleat"},{"floor":30.0,"key":"FossilizedHelix"},{"floor":36.0,"key":"Turnip"},{"floor":41.0,"key":"Old Coin"},{"floor":43.0,"key":"Blood Vial"},{"floor":43.0,"key":"Akabeko"},{"floor":45,"key":"Juzu Bracelet"}],"event_choices":[{"damage_healed":0.0,"max_hp_gain":0.0,"max_hp_loss":0.0,"gold_gain":75.0,"event_name":"World of Goop","player_choice":"Gather Gold","floor":4.0,"gold_loss":0.0,"damage_taken":11.0},{"cards_removed":["Strike_B"],"damage_healed":0.0,"max_hp_gain":0.0,"max_hp_loss":0.0,"gold_gain":0.0,"event_name":"Golden Wing","player_choice":"Card Removal","floor":10.0,"gold_loss":0.0,"damage_taken":7.0},{"damage_healed":0.0,"max_hp_gain":0.0,"max_hp_loss":0.0,"gold_gain":0.0,"event_name":"Shining Light","player_choice":"Entered Light","floor":13.0,"gold_loss":0.0,"damage_taken":15.0,"cards_upgraded":["Strike_B","Defend_B"]},{"damage_healed":0.0,"max_hp_gain":0.0,"max_hp_loss":0.0,"gold_gain":0.0,"event_name":"Vampires","player_choice":"Ignored","floor":20.0,"gold_loss":0.0,"damage_taken":0.0},{"damage_healed":0.0,"max_hp_gain":0.0,"max_hp_loss":0.0,"gold_gain":0.0,"event_name":"Addict","player_choice":"Stole Relic","floor":22.0,"gold_loss":0.0,"damage_taken":0.0,"relics_obtained":["Darkstone Periapt"],"cards_obtained":["Shame"]},{"damage_healed":0.0,"max_hp_gain":0.0,"max_hp_loss":0.0,"gold_gain":0.0,"event_name":"Duplicator","player_choice":"Copied","floor":28.0,"gold_loss":0.0,"damage_taken":0.0,"cards_obtained":["Secret Technique"]},{"damage_healed":0.0,"max_hp_gain":0.0,"max_hp_loss":0.0,"gold_gain":0.0,"event_name":"MindBloom","player_choice":"Fight","floor":36.0,"gold_loss":0.0,"damage_taken":0.0},{"cards_removed":["Strike_B"],"damage_healed":0.0,"max_hp_gain":0.0,"max_hp_loss":0.0,"gold_gain":0.0,"event_name":"Falling","player_choice":"Removed Attack","floor":39.0,"gold_loss":0.0,"damage_taken":0.0},{"damage_healed":0.0,"max_hp_gain":0.0,"max_hp_loss":0.0,"gold_gain":0.0,"event_name":"SecretPortal","player_choice":"Ignored","floor":42.0,"gold_loss":0.0,"damage_taken":0.0}],"is_beta":false,"boss_relics":[{"not_picked":["Nuclear Battery","Philosopher\u0027s Stone"],"picked":"Empty Cage"},{"not_picked":["Coffee Dripper","Cursed Key"],"picked":"Sozu"}],"items_purged_floors":[19,37],"is_endless":false,"potions_floor_spawned":[2,3,14,18,30,31,35,36,44,45,48],"killed_by":"Awakened One","ascension_level":10}}