{"host":"x5w9zppki4gdwvc7","time":1612927419,"event":{"mods":["AchievementEnabler","BaseMod","Colored Powertips","DeckTracker","Minty Spire (QoL Compilation)","SuperFastMode"],"gold_per_floor":[123,151,178,205,228,228,269,290,313,337,365,392,492,530,530,635,635,654,676,183,183,202,202,241,260,260,302,322,322,347,383,392,392,392],"floor_reached":33,"language":"ENG","playtime":1495,"items_purged":["Strike_R"],"score":464,"play_id":"36977384-e7e9-4ee4-a89d-d6b0380a620b","local_time":"20210210042339","is_ascension_mode":true,"campfire_choices":[{"data":"True Grit","floor":6,"key":"SMITH"},{"data":"Juggernaut","floor":15,"key":"SMITH"},{"data":"Blind","floor":23,"key":"SMITH"},{"data":"Rage","floor":29,"key":"SMITH"},{"floor":32,"key":"REST"}],"circlet_count":0,"master_deck":["Strike_R","Strike_R","Strike_R","Strike_R","Defend_R","Defend_R","Defend_R","Defend_R","Bash","Evolve","Perfected Strike","True Grit+1","Anger","Clash","Shockwave+1","Anger","Twin Strike","Clash","Rage+1","Juggernaut+1","Immolate","Perfected Strike","Bloodletting","Blind+1","Rage","Perfected Strike","Pummel","Rage+1","Perfected Strike","Shrug It Off+1","Twin Strike+1","Limit Break","Shrug It Off+1"],"relics":["Black Blood","CeramicFish","Smiling Mask","Akabeko","Nunchaku","Omamori","Dream Catcher","Boot","Mercury Hourglass","Vajra","Oddly Smooth Stone"],"acts_visited":["Exordium","TheCity"],"potions_floor_usage":[7,14,27,30,33],"damage_taken":[{"damage":9,"enemies":"Jaw Worm","floor":1,"turns":3},{"damage":6,"enemies":"Cultist","floor":2,"turns":4},{"damage":4,"enemies":"Small Slimes","floor":3,"turns":4},{"damage":15,"enemies":"2 Fungi Beasts","floor":4,"turns":3},{"damage":31,"enemies":"Large Slime","floor":5,"turns":6},{"damage":35,"enemies":"Lagavulin","floor":7,"turns":7},{"damage":0,"enemies":"Exordium Wildlife","floor":8,"turns":2},{"damage":2,"enemies":"Exordium Thugs","floor":10,"turns":5},{"damage":8,"enemies":"Blue Slaver","floor":11,"turns":2},{"damage":12,"enemies":"Gremlin Gang","floor":12,"turns":4},{"damage":6,"enemies":"3 Sentries","floor":14,"turns":5},{"damage":8,"enemies":"Hexaghost","floor":16,"turns":8},{"damage":22,"enemies":"Spheric Guardian","floor":18,"turns":4},{"damage":16,"enemies":"3 Byrds","floor":19,"turns":5},{"damage":11,"enemies":"Centurion and Healer","floor":22,"turns":5},{"damage":30,"enemies":"Book of Stabbing","floor":24,"turns":4},{"damage":12,"enemies":"Cultist and Chosen","floor":25,"turns":6},{"damage":21,"enemies":"Slavers","floor":27,"turns":3},{"damage":23,"enemies":"Chosen and Byrds","floor":28,"turns":6},{"damage":18,"enemies":"Snake Plant","floor":30,"turns":2},{"damage":25,"enemies":"Gremlin Leader","floor":31,"turns":5},{"damage":89,"enemies":"Automaton","floor":33,"turns":6}],"seed_played":"5614808356126738029","potions_obtained":[{"floor":1,"key":"BlessingOfTheForge"},{"floor":2,"key":"Dexterity Potion"},{"floor":4,"key":"FairyPotion"},{"floor":12,"key":"AttackPotion"},{"floor":22,"key":"AttackPotion"},{"floor":27,"key":"Strength Potion"},{"floor":28,"key":"SneckoOil"},{"floor":31,"key":"ColorlessPotion"}],"is_trial":false,"path_per_floor":["M","M","M","M","M","R","E","M","T","M","M","M","?","E","R","B",null,"M","M","$","?","M","R","E","M","T","E","M","R","M","E","R","B"],"character_chosen":"IRONCLAD","items_purchased":["Omamori","Dream Catcher","Blind","Rage"],"campfire_rested":1,"item_purchase_floors":[20,20,20,20],"current_hp_per_floor":[69,69,71,62,37,37,8,14,14,18,16,10,10,10,10,8,62,52,48,48,48,49,49,31,31,31,22,36,36,30,17,41,0,0],"gold":392,"neow_bonus":"RANDOM_COMMON_RELIC","is_daily":false,"chose_seed":false,"campfire_upgraded":4,"win_rate":0.0,"timestamp":1612927419,"path_taken":["M","M","M","M","M","R","E","M","T","M","M","M","?","E","R","BOSS","M","M","$","?","M","R","E","?","T","E","M","R","M","E","R","BOSS"],"items_purchased_type":["Relic","Relic","Card","Card"],"build_version":"2020-12-22","purchased_purges":1,"victory":false,"max_hp_per_floor":[80,80,80,80,80,80,80,80,80,80,80,80,80,80,80,80,80,80,80,80,80,80,80,80,80,80,80,80,80,80,80,80,80,80],"card_choices":[{"not_picked":["Armaments","Combust"],"picked":"Evolve","floor":1},{"not_picked":["Spot Weakness","Infernal Blade"],"picked":"Perfected Strike","floor":2},{"not_picked":["Thunderclap","Armaments"],"picked":"True Grit","floor":3},{"not_picked":["Rupture","Headbutt"],"picked":"Anger","floor":4},{"not_picked":["Thunderclap","Limit Break"],"picked":"Clash","floor":5},{"not_picked":["Spot Weakness","Power Through"],"picked":"Shockwave","floor":7},{"not_picked":["Heavy Blade","Whirlwind"],"picked":"Anger","floor":8},{"not_picked":["Heavy Blade","Perfected Strike"],"picked":"Twin Strike","floor":10},{"not_picked":["Warcry","Metallicize"],"picked":"Clash","floor":11},{"not_picked":["Perfected Strike","Twin Strike"],"picked":"Rage","floor":12},{"not_picked":["Offering","Perfected Strike"],"picked":"Juggernaut","floor":14},{"not_picked":["Fiend Fire","Impervious"],"picked":"Immolate","floor":16},{"not_picked":["Sword Boomerang+1","Rage"],"picked":"Perfected Strike","floor":18},{"not_picked":["Bloodletting","Reckless Charge","Sword Boomerang"],"picked":"SKIP","floor":19},{"not_picked":["Reckless Charge","Sword Boomerang"],"picked":"Bloodletting","floor":19},{"not_picked":["Headbutt","Cleave+1"],"picked":"Perfected Strike","floor":22},{"not_picked":["Reaper","True Grit"],"picked":"Pummel","floor":24},{"not_picked":["Headbutt+1","Anger"],"picked":"Rage+1","floor":25},{"not_picked":["Iron Wave+1","Seeing Red"],"picked":"Perfected Strike","floor":27},{"not_picked":["Havoc","Warcry+1"],"picked":"Shrug It Off+1","floor":28},{"not_picked":["Power Through+1","Evolve+1"],"picked":"Twin Strike+1","floor":30},{"not_picked":["Metallicize","Dropkick"],"picked":"Limit Break","floor":31},{"not_picked":["Anger+1","Armaments"],"picked":"Shrug It Off+1","floor":32}],"player_experience":596049,"relics_obtained":[{"floor":7,"key":"Smiling Mask"},{"floor":9,"key":"Akabeko"},{"floor":14,"key":"Nunchaku"},{"floor":24,"key":"Boot"},{"floor":26,"key":"Mercury Hourglass"},{"floor":27,"key":"Vajra"},{"floor":31,"key":"Oddly Smooth Stone"}],"event_choices":[{"damage_healed":0,"gold_gain":100,"player_choice":"Pray","damage_taken":0,"max_hp_gain":0,"max_hp_loss":0,"event_name":"Golden Shrine","floor":13,"gold_loss":0},{"damage_healed":0,"gold_gain":0,"player_choice":"Forge","damage_taken":0,"max_hp_gain":0,"max_hp_loss":0,"event_name":"Accursed Blacksmith","floor":21,"gold_loss":0,"cards_upgraded":["Shockwave"]}],"is_beta":false,"boss_relics":[{"not_picked":["Fusion Hammer","Runic Cube"],"picked":"Black Blood"}],"items_purged_floors":[20],"is_endless":false,"potions_floor_spawned":[1,2,4,12,22,25,27,28,31],"killed_by":"Automaton","ascension_level":7}}