{"host":"rjbqai8ni6dsiu37","time":1612991896,"event":{"mods":["100% Spire Juice","BaseMod","CapriCore","GungeonMod","Marisa£¨Ùöéë¡¡Øª×âÞÞ£©","Minty Spire (QoL Compilation)","Replay The Spire","Shop Mod","StSLib","Td1madao Mod","The Cursed","The Jungle","The Poker Player","WarShipGirlsR/??á´Ò³R mod"],"gold_per_floor":[109,119,138,138,138,138,138],"floor_reached":6,"language":"KOR","playtime":67,"items_purged":[],"score":65,"play_id":"699f7f98-9f75-497c-b500-be45b0eff8b6","local_time":"20210211061816","is_ascension_mode":true,"campfire_choices":[],"circlet_count":0,"master_deck":["AscendersBane","rmod:strick","rmod:strick","rmod:strick","rmod:strick","rmod:defend","rmod:defend","rmod:defend","rmod:defend","rmod:basicallowance","rmod:maingunfire"],"relics":["rmod:firstchargereward","NeowsBlessing","DemoMod:Antibody"],"acts_visited":["Exordium"],"potions_floor_usage":[6],"damage_taken":[{"damage":0,"enemies":"Cultist","floor":1,"turns":1},{"damage":0,"enemies":"Jaw Worm","floor":2,"turns":1},{"damage":0,"enemies":"2 Louse","floor":3,"turns":1},{"damage":23,"enemies":"Lagavulin","floor":6,"turns":6}],"seed_played":"-1490934325968579511","potions_obtained":[{"floor":2,"key":"Weak Potion"}],"is_trial":false,"path_per_floor":["M","M","M","?","?","E"],"character_chosen":"PRAEFECT","items_purchased":[],"campfire_rested":0,"item_purchase_floors":[],"current_hp_per_floor":[63,63,63,45,45,22,22],"gold":138,"neow_bonus":"THREE_ENEMY_KILL","is_daily":false,"chose_seed":false,"campfire_upgraded":0,"win_rate":0.0,"timestamp":1612991896,"path_taken":["M","M","?","?","?","E"],"items_purchased_type":[],"build_version":"2020-12-22","purchased_purges":0,"victory":false,"max_hp_per_floor":[70,70,70,70,70,70,70],"card_choices":[{"not_picked":["rmod:unsinkable","rmod:luckystar","rmod:overbreakdown"],"picked":"SKIP","floor":1},{"not_picked":["rmod:wolves","rmod:supportescort","rmod:goodsister"],"picked":"SKIP","floor":2},{"not_picked":["rmod:circuitoustactics","rmod:supportescort","rmod:garrisonisland"],"picked":"SKIP","floor":3}],"player_experience":260230,"relics_obtained":[],"event_choices":[{"damage_healed":0,"gold_gain":0,"player_choice":"Success","damage_taken":18,"relics_obtained":["DemoMod:Antibody"],"max_hp_gain":0,"max_hp_loss":0,"event_name":"Scrap Ooze","floor":4,"gold_loss":0},{"damage_healed":0,"gold_gain":0,"player_choice":"Ignored","damage_taken":0,"max_hp_gain":0,"max_hp_loss":0,"event_name":"PokerPlayerMod:ExordiumClub","floor":5,"gold_loss":0}],"is_beta":false,"boss_relics":[],"items_purged_floors":[],"is_endless":false,"potions_floor_spawned":[2],"killed_by":"Lagavulin","ascension_level":16}}