{"host":"iirf6tm60n5v4e3j","time":1612947938,"event":{"mods":["Act Like it!","BaseMod","Gensokyo","Marisa????????","Minty Spire (QoL Compilation)","StSLib","The Marked"],"gold_per_floor":[114,114,129,149,169,203,203,229,229,229,229,255,255,273,273,371,371,382,392,407,30,69,69,194,244,244,304,342,342,397,440,440,563,563,607,240,250,250,250,308,308,660,729,729,770,821,136,136,136,136,136,136,11,42,42],"floor_reached":56,"language":"ENG","playtime":4582,"items_purged":["Strike_MRS","Strike_MRS"],"score":2184,"play_id":"b35f85b3-af26-46d5-9b09-78de4a0d7c6c","local_time":"20210210010538","is_ascension_mode":true,"campfire_choices":[{"data":"FinalSpark","floor":7,"key":"SMITH"},{"floor":11,"key":"REST"},{"data":"DeepEcoloBomb","floor":15,"key":"SMITH"},{"data":"OneTimeOff","floor":23,"key":"SMITH"},{"data":"EarthLightRay","floor":29,"key":"SMITH"},{"floor":32,"key":"RECALL"},{"floor":41,"key":"REST"},{"data":"CasketOfStar","floor":44,"key":"SMITH"},{"data":"StarDustReverie","floor":49,"key":"SMITH"},{"data":"MilkyWay","floor":52,"key":"SMITH"}],"circlet_count":0,"master_deck":["Strike_MRS+1","Defend_MRS","Defend_MRS","MasterSpark+1","UpSweep","CasketOfStar+1","DeepEcoloBomb+1","PowerUp","EarthLightRay+1","FinalSpark+1","6A","MilkyWay+1","OortCloud+1","OortCloud+1","MillisecondPulsars+1","PowerUp+1","WitchOfGreed+1","OneTimeOff+1","6A+1","MagicAbsorber+1","DoubleSpark","Occultation+1","OrrerysSun+1","SprinkleStarSeal+1","Gensokyo:ManorOfTheDishes+1","StarDustReverie+1"],"relics":["MiniHakkero","Frozen Egg 2","Mercury Hourglass","Incense Burner","Gensokyo:CelestialsFlawlessClothing","Gambling Chip","Busted Crown","InkBottle","MagicBroom","WingedGreaves","Whetstone","HornCleat","BreadOfAWashokuLover","AmplifyWand","Astrolabe","Membership Card","Matryoshka","Bird Faced Urn","Old Coin","Happy Flower","TungstenRod","Frozen Eye","HandDrill","Toolbox","Sundial","Pantograph"],"acts_visited":["Exordium","Gensokyo:Gensokyo","Gensokyo:Gensokyoer","TheEnding"],"potions_floor_usage":[6,6,8,22,25,25,27,33,37,42,46,50,55],"damage_taken":[{"damage":5,"enemies":"Gensokyo:3_Fairies","floor":1,"turns":4},{"damage":2,"enemies":"Gensokyo:Python","floor":3,"turns":3},{"damage":6,"enemies":"Gensokyo:2_Kodama","floor":4,"turns":3},{"damage":15,"enemies":"Gensokyo:CorruptedTreant","floor":5,"turns":5},{"damage":15,"enemies":"Gensokyo:Mamizou","floor":6,"turns":7},{"damage":6,"enemies":"Gensokyo:Aya","floor":8,"turns":6},{"damage":0,"enemies":"Gensokyo:Mamizou","floor":12,"turns":5},{"damage":8,"enemies":"Gensokyo:Python_and_Kodama","floor":14,"turns":4},{"damage":0,"enemies":"Gensokyo:Yukari","floor":16,"turns":5},{"damage":0,"enemies":"Gensokyo:2_Gloops","floor":18,"turns":3},{"damage":0,"enemies":"Gensokyo:AngelMirror","floor":19,"turns":4},{"damage":25,"enemies":"Gensokyo:Monolith_and_Dog","floor":20,"turns":3},{"damage":9,"enemies":"Gensokyo:Wraith","floor":22,"turns":4},{"damage":0,"enemies":"Gensokyo:Wraith","floor":24,"turns":5},{"damage":4,"enemies":"Gensokyo:Koishi","floor":25,"turns":6},{"damage":0,"enemies":"Gensokyo:Reisen","floor":27,"turns":4},{"damage":16,"enemies":"Gensokyo:Mirror_and_Dog","floor":28,"turns":5},{"damage":0,"enemies":"Gensokyo:Koishi","floor":30,"turns":4},{"damage":12,"enemies":"Gensokyo:Slime_Group","floor":31,"turns":4},{"damage":0,"enemies":"Gensokyo:Eiki","floor":33,"turns":6},{"damage":0,"enemies":"Gensokyo:3_Bats","floor":35,"turns":4},{"damage":0,"enemies":"Gensokyo:3_Boulders","floor":37,"turns":4},{"damage":41,"enemies":"Gensokyo:Marisa","floor":40,"turns":6},{"damage":0,"enemies":"Gensokyo:Doremy","floor":42,"turns":5},{"damage":0,"enemies":"Gensokyo:SeedOfUnknown","floor":45,"turns":4},{"damage":16,"enemies":"Gensokyo:Marisa","floor":46,"turns":5},{"damage":10,"enemies":"Gensokyo:Shinki","floor":50,"turns":7},{"damage":12,"enemies":"Shield and Spear","floor":54,"turns":3},{"damage":0,"enemies":"The Heart","floor":55,"turns":11}],"seed_played":"1141824182270856378","potions_obtained":[{"floor":3,"key":"SkillPotion"},{"floor":4,"key":"AttackPotion"},{"floor":6,"key":"Dexterity Potion"},{"floor":14,"key":"StarNLove"},{"floor":16,"key":"FearPotion"},{"floor":18,"key":"FearPotion"},{"floor":22,"key":"EssenceOfSteel"},{"floor":22,"key":"Weak Potion"},{"floor":24,"key":"BlessingOfTheForge"},{"floor":25,"key":"BottledSpark"},{"floor":25,"key":"EssenceOfSteel"},{"floor":27,"key":"DistilledChaos"},{"floor":28,"key":"Energy Potion"},{"floor":30,"key":"LiquidMemories"},{"floor":33,"key":"SpeedPotion"},{"floor":37,"key":"BottledSpark"},{"floor":42,"key":"SpeedPotion"},{"floor":45,"key":"BlessingOfTheForge"},{"floor":46,"key":"FearPotion"}],"is_trial":false,"path_per_floor":["M","?","M","M","M","E","R","E","T","?","R","E","?","M","R","B",null,"M","M","M","$","M","R","?","E","T","E","M","R","E","M","R","B",null,"M","$","M","?","?","E","R","E","T","R","M","E","COS","?","R","B",null,"R","$","E","B",null],"character_chosen":"MARISA","items_purchased":["InkBottle","WitchOfGreed+1","Membership Card","Matryoshka","OrrerysSun+1","Sundial"],"campfire_rested":2,"item_purchase_floors":[21,21,36,36,36,53],"current_hp_per_floor":[63,63,61,55,44,33,33,31,31,13,35,39,39,31,31,31,64,64,68,47,47,42,42,46,46,46,46,34,34,41,35,35,41,67,73,73,75,75,64,23,45,63,63,63,75,65,65,65,65,75,75,75,75,65,75],"gold":42,"neow_bonus":"ONE_RANDOM_RARE_CARD","is_daily":false,"chose_seed":false,"campfire_upgraded":7,"win_rate":0.0,"timestamp":1612947938,"path_taken":["M","?","?","M","M","E","R","E","T","?","R","E","?","M","R","BOSS","M","?","M","?","?","R","?","E","T","E","M","R","E","M","R","BOSS","M","$","?","?","?","E","R","E","T","R","M","E","COS","?","R","BOSS","R","$","E","BOSS"],"items_purchased_type":["Relic","Card","Relic","Relic","Card","Relic"],"build_version":"2020-12-22","purchased_purges":2,"victory":true,"max_hp_per_floor":[75,75,75,75,75,75,75,75,75,75,75,75,75,75,75,75,75,75,75,75,75,75,75,75,75,75,75,75,75,75,75,75,75,75,75,75,75,75,75,75,75,75,75,75,75,75,75,75,75,75,75,75,75,75,75],"card_choices":[{"not_picked":["GrandCross","StarlightTyphoon"],"picked":"DeepEcoloBomb","floor":1},{"not_picked":["DC","AsteroidBelt"],"picked":"PowerUp","floor":3},{"not_picked":["DarkMatter","GrandCross"],"picked":"EarthLightRay","floor":4},{"not_picked":["WitchLeyline","MilkyWay"],"picked":"FinalSpark","floor":5},{"not_picked":["UnstableBomb","SporeBomb"],"picked":"6A","floor":6},{"not_picked":["WitchLeyline","NonDirectionalLaser"],"picked":"MilkyWay","floor":8},{"not_picked":["WitchLeyline","SporeBomb"],"picked":"OortCloud+1","floor":12},{"not_picked":["ManaConvection","MilkyWay"],"picked":"OortCloud+1","floor":14},{"not_picked":["MaximisePower","TreasureHunter"],"picked":"MillisecondPulsars+1","floor":16},{"not_picked":["DC"],"picked":"SKIP","floor":18},{"not_picked":["DC"],"picked":"SKIP","floor":19},{"not_picked":[],"picked":"PowerUp+1","floor":20},{"not_picked":[],"picked":"OneTimeOff","floor":22},{"not_picked":[],"picked":"6A+1","floor":24},{"not_picked":[],"picked":"MagicAbsorber+1","floor":25},{"not_picked":["NonDirectionalLaser"],"picked":"SKIP","floor":27},{"not_picked":["UnstableBomb+1"],"picked":"SKIP","floor":28},{"not_picked":[],"picked":"DoubleSpark","floor":30},{"not_picked":["GravityBeat"],"picked":"SKIP","floor":31},{"not_picked":["FairyDestructionRay+1"],"picked":"SKIP","floor":35},{"not_picked":["GalacticHalo"],"picked":"SKIP","floor":37},{"not_picked":["DarkMatter"],"picked":"SKIP","floor":40},{"not_picked":["StarBarrage"],"picked":"SKIP","floor":42},{"not_picked":["MysteriousBeam+1"],"picked":"SKIP","floor":45},{"not_picked":[],"picked":"SprinkleStarSeal+1","floor":46},{"not_picked":["GrandCross+1"],"picked":"SKIP","floor":54}],"player_experience":212396,"relics_obtained":[{"floor":6,"key":"Frozen Egg 2"},{"floor":8,"key":"Mercury Hourglass"},{"floor":9,"key":"Incense Burner"},{"floor":12,"key":"Gambling Chip"},{"floor":24,"key":"MagicBroom"},{"floor":24,"key":"WingedGreaves"},{"floor":25,"key":"Whetstone"},{"floor":26,"key":"HornCleat"},{"floor":27,"key":"BreadOfAWashokuLover"},{"floor":30,"key":"AmplifyWand"},{"floor":40,"key":"Bird Faced Urn"},{"floor":42,"key":"Old Coin"},{"floor":43,"key":"Happy Flower"},{"floor":46,"key":"TungstenRod"},{"floor":54,"key":"Pantograph"}],"event_choices":[],"is_beta":false,"boss_relics":[{"not_picked":["SacredBark","Tiny House"],"picked":"Busted Crown"},{"not_picked":["Runic Pyramid","Snecko Eye"],"picked":"Astrolabe"}],"items_purged_floors":[21,36],"is_endless":false,"potions_floor_spawned":[3,4,6,14,16,18,22,25,30,33,37,42,46],"ascension_level":9}}