{"host":"130ffvgv8p5oaa45","time":1612950185,"event":{"mods":["BaseMod","Bestiary","Block Reminder","Colored Powertips","DeckTracker","Minty Spire (QoL Compilation)","Relic Stats","Slay-I","Weighted Paths"],"gold_per_floor":[218,218,218,52,70,70,101,101,101,116,128,155,155,168,168,272,272,291,48,10,10,27,27,61,61,88,108,121,188,163,197,197,197,197],"floor_reached":33,"language":"DEU","playtime":2463,"items_purged":[],"score":369,"play_id":"c057da51-4df4-48d8-8038-3f0d0259490e","local_time":"20210210104305","is_ascension_mode":true,"campfire_choices":[{"data":"Flame Barrier","floor":6,"key":"SMITH"},{"data":"Uppercut","floor":8,"key":"SMITH"},{"data":"1","floor":13,"key":"LIFT"},{"data":"2","floor":15,"key":"LIFT"},{"data":"3","floor":23,"key":"LIFT"},{"data":"Impervious","floor":25,"key":"SMITH"},{"floor":32,"key":"REST"}],"circlet_count":0,"master_deck":["Strike_R","Strike_R","Strike_R","Strike_R","Defend_R+1","Defend_R","Defend_R","Defend_R","Bash","Iron Wave+1","Uppercut+1","Wild Strike","Evolve","Flame Barrier+1","Cleave","Disarm","Anger","Impervious+1","Anger","Secret Weapon","Shockwave","Inflame","Wild Strike","True Grit+1","Disarm","Havoc+1","Perfected Strike+1","Battle Trance+1"],"relics":["Burning Blood","Bag of Marbles","StoneCalendar","Girya","Runic Cube","SsserpentHead","Frozen Egg 2","Potion Belt","Nunchaku"],"acts_visited":["TheCity"],"potions_floor_usage":[7,16,18,24,27,33,33,33],"damage_taken":[{"damage":14,"enemies":"Small Slimes","floor":1,"turns":4},{"damage":4,"enemies":"Cultist","floor":5,"turns":3},{"damage":17,"enemies":"Gremlin Nob","floor":7,"turns":4},{"damage":7,"enemies":"Jaw Worm","floor":10,"turns":2},{"damage":0,"enemies":"Lots of Slimes","floor":11,"turns":1},{"damage":6,"enemies":"Lagavulin","floor":12,"turns":7},{"damage":0,"enemies":"Exordium Wildlife","floor":14,"turns":4},{"damage":24,"enemies":"Hexaghost","floor":16,"turns":7},{"damage":3,"enemies":"2 Thieves","floor":18,"turns":3},{"damage":12,"enemies":"Spheric Guardian","floor":22,"turns":4},{"damage":21,"enemies":"Book of Stabbing","floor":24,"turns":5},{"damage":19,"enemies":"Shelled Parasite and Fungi","floor":27,"turns":5},{"damage":8,"enemies":"Snake Plant","floor":28,"turns":4},{"damage":0,"enemies":"Centurion and Healer","floor":29,"turns":5},{"damage":22,"enemies":"Slavers","floor":31,"turns":6},{"damage":65,"enemies":"Champ","floor":33,"turns":9}],"seed_played":"-6093820002796414477","potions_obtained":[{"floor":5,"key":"Weak Potion"},{"floor":7,"key":"SteroidPotion"},{"floor":10,"key":"LiquidBronze"},{"floor":14,"key":"AttackPotion"},{"floor":22,"key":"ColorlessPotion"},{"floor":24,"key":"GamblersBrew"},{"floor":28,"key":"ElixirPotion"},{"floor":29,"key":"GamblersBrew"}],"is_trial":false,"path_per_floor":["M","?","?","$","M","R","E","R","T","M","M","E","R","M","R","B",null,"M","$","$","?","M","R","E","R","T","M","M","M","?","E","R","B"],"character_chosen":"IRONCLAD","items_purchased":["Uppercut","Wild Strike","Evolve","Secret Weapon","Shockwave","Inflame"],"campfire_rested":1,"item_purchase_floors":[4,4,4,19,19,20],"current_hp_per_floor":[72,72,72,72,74,74,63,63,63,62,68,68,68,74,74,56,74,77,77,77,77,71,71,56,56,56,43,41,47,47,31,55,0,0],"gold":197,"neow_bonus":"HUNDRED_GOLD","is_daily":false,"chose_seed":false,"campfire_upgraded":3,"win_rate":0.0,"timestamp":1612950185,"path_taken":["M","?","?","$","?","R","E","R","T","M","M","E","R","M","R","BOSS","M","?","$","?","M","R","E","R","T","M","M","?","?","E","R","BOSS"],"items_purchased_type":["Card","Card","Card","Card","Card","Card"],"build_version":"2020-12-22","purchased_purges":0,"victory":false,"max_hp_per_floor":[80,80,80,80,80,80,80,80,80,80,80,80,80,80,80,80,80,80,80,80,80,80,80,80,80,80,80,80,80,80,80,80,80,80],"relic_stats":{"SsserpentHead":100,"Nunchaku":[1],"counters":[16,73],"StoneCalendar":[102],"obtain_stats":[{"Potion Belt":26,"Girya":12,"SsserpentHead":21,"Nunchaku":31,"StoneCalendar":9,"Bag of Marbles":7,"Frozen Egg 2":24,"Burning Blood":0,"Runic Cube":17},{"Potion Belt":11,"Girya":6,"SsserpentHead":9,"Nunchaku":15,"StoneCalendar":3,"Bag of Marbles":3,"Frozen Egg 2":11,"Burning Blood":0,"Runic Cube":8},{"Potion Belt":44,"Girya":21,"SsserpentHead":35,"Nunchaku":64,"StoneCalendar":11,"Bag of Marbles":11,"Frozen Egg 2":44,"Burning Blood":0,"Runic Cube":32}],"Burning Blood":90,"Runic Cube":[26]},"card_choices":[{"not_picked":["Sword Boomerang","Heavy Blade"],"picked":"Iron Wave","floor":1},{"not_picked":["True Grit","Warcry"],"picked":"Flame Barrier","floor":5},{"not_picked":["Thunderclap","True Grit"],"picked":"Cleave","floor":7},{"not_picked":["Heavy Blade","Infernal Blade"],"picked":"Disarm","floor":10},{"not_picked":["Dual Wield","Havoc","Rampage"],"picked":"SKIP","floor":11},{"not_picked":["Burning Pact","Cleave"],"picked":"Anger","floor":12},{"not_picked":["Headbutt","Dual Wield","Perfected Strike"],"picked":"SKIP","floor":14},{"not_picked":["Juggernaut","Bludgeon"],"picked":"Impervious","floor":16},{"not_picked":["Body Slam","Blood for Blood"],"picked":"Anger","floor":18},{"not_picked":["Havoc+1","Twin Strike"],"picked":"Wild Strike","floor":22},{"not_picked":["Reaper","Warcry"],"picked":"True Grit+1","floor":24},{"not_picked":["Wild Strike+1","Combust+1"],"picked":"Disarm","floor":27},{"not_picked":["Blood for Blood","Clash"],"picked":"Havoc+1","floor":28},{"not_picked":["Wild Strike","Warcry+1"],"picked":"Perfected Strike+1","floor":29},{"not_picked":["Berserk+1","Warcry"],"picked":"Battle Trance+1","floor":31}],"player_experience":262905,"relics_obtained":[{"floor":7,"key":"Bag of Marbles"},{"floor":9,"key":"StoneCalendar"},{"floor":12,"key":"Girya"},{"floor":24,"key":"Frozen Egg 2"},{"floor":26,"key":"Potion Belt"},{"floor":31,"key":"Nunchaku"}],"event_choices":[{"damage_healed":0,"gold_gain":0,"player_choice":"Grow","damage_taken":0,"max_hp_gain":0,"max_hp_loss":0,"event_name":"Living Wall","floor":2,"gold_loss":0,"cards_upgraded":["Iron Wave"]},{"damage_healed":0,"gold_gain":0,"player_choice":"Upgraded","damage_taken":0,"max_hp_gain":0,"max_hp_loss":0,"event_name":"Upgrade Shrine","floor":3,"gold_loss":0,"cards_upgraded":["Defend_R"]},{"damage_healed":0,"gold_gain":0,"player_choice":"Trade","damage_taken":0,"relics_obtained":["SsserpentHead"],"max_hp_gain":0,"max_hp_loss":0,"event_name":"FaceTrader","floor":21,"gold_loss":0},{"cards_removed":["Strike_R"],"damage_healed":0,"gold_gain":0,"player_choice":"Gave Gold","damage_taken":0,"max_hp_gain":0,"max_hp_loss":0,"event_name":"Beggar","floor":30,"gold_loss":75}],"is_beta":false,"boss_relics":[{"not_picked":["Fusion Hammer","Coffee Dripper"],"picked":"Runic Cube"}],"items_purged_floors":[],"is_endless":false,"potions_floor_spawned":[5,7,10,14,22,24,28,29],"killed_by":"Champ","ascension_level":5}}