{"host":"mw3dmj42qtkbha4b","time":1612963337,"event":{"mods":["BaseMod","Colored Map","Colored Powertips","DeckTracker","Minty Spire (QoL Compilation)","StSLib","SuperFastMode"],"gold_per_floor":[114,114,132,132,152,177,191,216,242,262,297,297,308,308,308],"floor_reached":14,"language":"KOR","playtime":404,"items_purged":[],"score":274,"play_id":"60ab5f5e-38e2-4c98-8350-f897d04e1357","local_time":"20210210222217","is_ascension_mode":true,"campfire_choices":[],"circlet_count":0,"master_deck":["AscendersBane","Strike_P","Strike_P","Strike_P","Strike_P","Defend_P","Defend_P","Defend_P","Eruption","Vigilance","Tantrum","BattleHymn","FearNoEvil","ReachHeaven"],"relics":["PureWater","NeowsBlessing","Ornamental Fan","Ancient Tea Set","PreservedInsect","Vajra"],"acts_visited":["Exordium"],"potions_floor_usage":[],"damage_taken":[{"damage":0.0,"enemies":"Cultist","floor":1.0,"turns":1.0},{"damage":0.0,"enemies":"2 Louse","floor":3.0,"turns":1.0},{"damage":0.0,"enemies":"Jaw Worm","floor":5.0,"turns":1.0},{"damage":16.0,"enemies":"Gremlin Nob","floor":6.0,"turns":3.0},{"damage":10.0,"enemies":"3 Louse","floor":7.0,"turns":3.0},{"damage":18.0,"enemies":"3 Sentries","floor":8.0,"turns":5.0},{"damage":10.0,"enemies":"Lots of Slimes","floor":10.0,"turns":4.0},{"damage":0.0,"enemies":"Gremlin Nob","floor":11.0,"turns":2.0},{"damage":5.0,"enemies":"Gremlin Gang","floor":13.0,"turns":3.0},{"damage":10,"enemies":"3 Sentries","floor":14,"turns":2}],"seed_played":"-1945926064593765588","potions_obtained":[{"floor":1.0,"key":"EntropicBrew"},{"floor":3.0,"key":"SpeedPotion"},{"floor":7.0,"key":"CultistPotion"},{"floor":8.0,"key":"FearPotion"},{"floor":10.0,"key":"StancePotion"}],"is_trial":false,"path_per_floor":["M","$","M","?","M","E","M","E","T","M","E","?","M","E"],"character_chosen":"WATCHER","items_purchased":[],"campfire_rested":0,"item_purchase_floors":[],"current_hp_per_floor":[61,61,61,61,61,45,35,17,17,7,7,12,7,0,0],"gold":308,"neow_bonus":"THREE_ENEMY_KILL","is_daily":false,"chose_seed":false,"campfire_upgraded":0,"win_rate":0.0,"timestamp":1612963337,"path_taken":["M","?","M","?","M","E","?","E","T","M","E","?","M","E"],"items_purchased_type":[],"build_version":"2020-12-22","purchased_purges":0,"victory":false,"max_hp_per_floor":[68,68,68,68,68,68,68,68,68,68,68,73,73,73,73],"card_choices":[{"not_picked":["Worship","WaveOfTheHand","CutThroughFate"],"picked":"SKIP","floor":1.0},{"not_picked":["WindmillStrike","Protect","SandsOfTime"],"picked":"SKIP","floor":3.0},{"not_picked":["CrushJoints","Sanctity"],"picked":"Tantrum","floor":5.0},{"not_picked":["BowlingBash","Establishment","EmptyBody"],"picked":"SKIP","floor":6.0},{"not_picked":["FlurryOfBlows","Fasting2"],"picked":"BattleHymn","floor":7.0},{"not_picked":["BowlingBash","Scrawl","ClearTheMind"],"picked":"SKIP","floor":8.0},{"not_picked":["PathToVictory","WaveOfTheHand"],"picked":"FearNoEvil","floor":10.0},{"not_picked":["FlurryOfBlows","DeusExMachina","SashWhip"],"picked":"SKIP","floor":11.0},{"not_picked":["Weave","ForeignInfluence"],"picked":"ReachHeaven","floor":13.0}],"player_experience":1811403,"relics_obtained":[{"floor":6.0,"key":"Ornamental Fan"},{"floor":8.0,"key":"Ancient Tea Set"},{"floor":9.0,"key":"PreservedInsect"},{"floor":11.0,"key":"Vajra"}],"event_choices":[{"cards_removed":["Defend_P"],"damage_healed":0.0,"max_hp_gain":0.0,"max_hp_loss":0.0,"gold_gain":0.0,"event_name":"Purifier","player_choice":"Purged","floor":4.0,"gold_loss":0.0,"damage_taken":0.0},{"damage_healed":0.0,"max_hp_gain":5.0,"max_hp_loss":0.0,"gold_gain":0.0,"event_name":"Big Fish","player_choice":"Donut","floor":12.0,"gold_loss":0.0,"damage_taken":0.0}],"is_beta":false,"boss_relics":[],"items_purged_floors":[],"is_endless":false,"potions_floor_spawned":[1,3,7,8,10],"killed_by":"3 Sentries","ascension_level":20}}