{"host":"epc8efk9vrywpcsw","time":1612966692,"event":{"mods":["BaseMod","Minty Spire (QoL Compilation)","Relic Stats","StSLib"],"gold_per_floor":[109,109,125,125,136,136,165,165,165,178,191,191,224,224,224,314,314,332,332,133,133,36,71,71,71,71,90,109,309,309,309],"floor_reached":30,"language":"ENG","playtime":729,"items_purged":["Regret"],"score":506,"play_id":"3d3fd908-a2fe-49f4-bea8-45fa1278657b","local_time":"20210210151812","is_ascension_mode":true,"campfire_choices":[{"data":"Chaos","floor":6,"key":"SMITH"},{"data":"Machine Learning","floor":8,"key":"SMITH"},{"data":"Zap","floor":12,"key":"SMITH"},{"data":"Dualcast","floor":15,"key":"SMITH"},{"data":"White Noise","floor":24,"key":"SMITH"}],"circlet_count":0,"master_deck":["AscendersBane","Strike_B","Strike_B+1","Strike_B","Strike_B","Defend_B","Defend_B","Defend_B","Defend_B","Zap+1","Dualcast+1","Beam Cell+1","Go for the Eyes+1","Chaos+1","Machine Learning+1","Sweeping Beam","Cold Snap","Cold Snap","Echo Form+1","CurseOfTheBell","White Noise+1","Necronomicurse","Master of Strategy","Storm"],"relics":["Cracked Core","NeowsBlessing","Eternal Feather","Letter Opener","Whetstone","Bag of Preparation","Golden Idol","Calling Bell","Vajra","Mercury Hourglass","Torii","Membership Card","Necronomicon","Molten Egg 2","Anchor"],"acts_visited":["Exordium","TheCity"],"potions_floor_usage":[23,23],"damage_taken":[{"damage":0,"enemies":"2 Louse","floor":1,"turns":1},{"damage":0,"enemies":"Jaw Worm","floor":3,"turns":1},{"damage":0,"enemies":"Small Slimes","floor":5,"turns":1},{"damage":32,"enemies":"Gremlin Nob","floor":7,"turns":4},{"damage":8,"enemies":"2 Fungi Beasts","floor":10,"turns":4},{"damage":10,"enemies":"Red Slaver","floor":11,"turns":3},{"damage":4,"enemies":"Lagavulin","floor":13,"turns":4},{"damage":16,"enemies":"Slime Boss","floor":16,"turns":8},{"damage":3,"enemies":"3 Byrds","floor":18,"turns":3},{"damage":0,"enemies":"Gremlin Leader","floor":23,"turns":5},{"damage":6,"enemies":"Shell Parasite","floor":27,"turns":4},{"damage":9,"enemies":"Snecko","floor":28,"turns":4},{"damage":31,"enemies":"Snake Plant","floor":30,"turns":2}],"seed_played":"-8075512577904574075","potions_obtained":[{"floor":3,"key":"Explosive Potion"},{"floor":7,"key":"Dexterity Potion"},{"floor":11,"key":"DistilledChaos"},{"floor":18,"key":"Strength Potion"}],"is_trial":false,"path_per_floor":["M","?","M","?","M","R","E","R","T","M","M","R","E","?","R","B",null,"M","?","$","?","$","E","R","?","T","M","M","?","M"],"character_chosen":"DEFECT","items_purchased":["Membership Card","Master of Strategy"],"campfire_rested":0,"item_purchase_floors":[20,22],"current_hp_per_floor":[64,64,64,64,64,71,39,48,48,40,30,39,35,35,44,28,55,52,52,52,31,31,31,43,43,43,37,28,28,0,0],"gold":309,"neow_bonus":"THREE_ENEMY_KILL","is_daily":false,"chose_seed":false,"campfire_upgraded":5,"win_rate":0.0,"timestamp":1612966692,"path_taken":["M","?","M","?","M","R","E","R","T","M","M","R","E","?","R","BOSS","M","?","$","?","$","E","R","?","T","M","?","?","M"],"items_purchased_type":["Relic","Card"],"build_version":"2020-12-22","purchased_purges":1,"victory":false,"max_hp_per_floor":[71,71,71,71,71,71,71,71,71,71,71,71,71,64,64,64,64,64,64,64,64,64,64,64,64,64,64,64,64,64,64],"relic_stats":{"Torii":4,"counters":[13,44],"Golden Idol":37,"Eternal Feather":46,"Bag of Preparation":[12],"Necronomicon":[0],"Letter Opener":[78],"Whetstone":["Strike_B","Go for the Eyes"],"obtain_stats":[{"NeowsBlessing":0,"Torii":17,"Golden Idol":14,"Vajra":17,"Eternal Feather":4,"Bag of Preparation":13,"Letter Opener":7,"Whetstone":9,"Mercury Hourglass":17,"Calling Bell":17,"Anchor":26,"Molten Egg 2":23,"Necronomicon":21,"Membership Card":20,"Cracked Core":0},{"NeowsBlessing":0,"Torii":8,"Golden Idol":7,"Vajra":8,"Eternal Feather":2,"Bag of Preparation":7,"Letter Opener":4,"Whetstone":4,"Mercury Hourglass":8,"Calling Bell":8,"Anchor":10,"Molten Egg 2":10,"Necronomicon":9,"Membership Card":9,"Cracked Core":0},{"NeowsBlessing":0,"Torii":26,"Golden Idol":18,"Vajra":26,"Eternal Feather":2,"Bag of Preparation":18,"Letter Opener":7,"Whetstone":7,"Mercury Hourglass":26,"Calling Bell":26,"Anchor":34,"Molten Egg 2":34,"Necronomicon":29,"Membership Card":29,"Cracked Core":0}],"Mercury Hourglass":[73]},"card_choices":[{"not_picked":["Streamline","Capacitor"],"picked":"Beam Cell","floor":1},{"not_picked":["Coolheaded","Auto Shields"],"picked":"Go for the Eyes","floor":3},{"not_picked":["Compile Driver","Chill"],"picked":"Chaos","floor":5},{"not_picked":["Heatsinks","Stack"],"picked":"Machine Learning","floor":7},{"not_picked":["Redo","Capacitor"],"picked":"Sweeping Beam","floor":10},{"not_picked":["Hologram","Auto Shields"],"picked":"Cold Snap","floor":11},{"not_picked":["Sweeping Beam","Heatsinks"],"picked":"Cold Snap","floor":13},{"not_picked":["Meteor Strike","Creative AI"],"picked":"Echo Form","floor":16},{"not_picked":["Stack","Gash","Go for the Eyes"],"picked":"SKIP","floor":18},{"not_picked":["Go for the Eyes+1","Aggregate","Steam"],"picked":"SKIP","floor":23},{"not_picked":["Ball Lightning+1","Streamline+1"],"picked":"Storm","floor":27},{"not_picked":["Barrage+1","Rebound+1","Auto Shields"],"picked":"SKIP","floor":28}],"player_experience":512827,"relics_obtained":[{"floor":7,"key":"Letter Opener"},{"floor":9,"key":"Whetstone"},{"floor":13,"key":"Bag of Preparation"},{"floor":17,"key":"Vajra"},{"floor":17,"key":"Mercury Hourglass"},{"floor":17,"key":"Torii"},{"floor":21,"key":"Necronomicon"},{"floor":23,"key":"Molten Egg 2"},{"floor":26,"key":"Anchor"}],"event_choices":[{"damage_healed":0,"gold_gain":0,"player_choice":"Grow","damage_taken":0,"max_hp_gain":0,"max_hp_loss":0,"event_name":"Living Wall","floor":2,"gold_loss":0,"cards_upgraded":["Beam Cell"]},{"damage_healed":0,"gold_gain":0,"player_choice":"Box","damage_taken":0,"relics_obtained":["Eternal Feather"],"max_hp_gain":0,"max_hp_loss":0,"event_name":"Big Fish","floor":4,"gold_loss":0,"cards_obtained":["Regret"]},{"damage_healed":0,"gold_gain":0,"player_choice":"Lose Max HP","damage_taken":0,"relics_obtained":["Golden Idol"],"max_hp_gain":0,"max_hp_loss":7,"event_name":"Golden Idol","floor":14,"gold_loss":0},{"damage_healed":0,"gold_gain":0,"player_choice":"Read","damage_taken":0,"max_hp_gain":0,"max_hp_loss":0,"event_name":"The Library","floor":19,"gold_loss":0,"cards_obtained":["White Noise"]},{"damage_healed":0,"gold_gain":0,"player_choice":"Obtained Book","damage_taken":21,"max_hp_gain":0,"max_hp_loss":0,"event_name":"Cursed Tome","floor":21,"gold_loss":0},{"damage_healed":0,"gold_gain":0,"player_choice":"Forge","damage_taken":0,"max_hp_gain":0,"max_hp_loss":0,"event_name":"Accursed Blacksmith","floor":25,"gold_loss":0,"cards_upgraded":["Echo Form"]},{"damage_healed":0,"gold_gain":250,"player_choice":"Bet on Owner","damage_taken":0,"max_hp_gain":0,"max_hp_loss":0,"event_name":"The Joust","floor":29,"gold_loss":50}],"is_beta":false,"boss_relics":[{"not_picked":["Busted Crown","Cursed Key"],"picked":"Calling Bell"}],"items_purged_floors":[20],"is_endless":false,"potions_floor_spawned":[3,7,10,11,18],"killed_by":"Snake Plant","ascension_level":16}}