{"host":"e326moqq81vao3qq","time":1612989353,"event":{"mods":["BaseMod","Colored Powertips","Highlight Path","Minty Spire (QoL Compilation)","Quick Restart","Relic Stats","Spicy Shops","StSLib","The Bug Knight"],"gold_per_floor":[115,127,146,161,8,8,41,41,93,93,93,93,117,117,117,117,117],"floor_reached":16,"language":"ENG","playtime":1258,"items_purged":[],"score":105,"play_id":"426b41c8-df58-4d13-b56c-36cf880b0daa","local_time":"20210210153553","is_ascension_mode":true,"campfire_choices":[{"data":"HollowMod:Hiveblood","floor":6,"key":"SMITH"},{"data":"HollowMod:FocusHealStart","floor":8,"key":"SMITH"},{"data":"HollowMod:SoulMaster","floor":10,"key":"SMITH"},{"floor":15,"key":"REST"}],"circlet_count":0,"master_deck":["HollowMod:NailStrikeStart","HollowMod:NailStrikeStart+1","HollowMod:NailStrikeStart+1","HollowMod:NailStrikeStart","HollowMod:QuickDashStart","HollowMod:QuickDashStart","HollowMod:QuickDashStart","HollowMod:QuickDashStart","HollowMod:FocusHealStart+1","HollowMod:PogoStrike","HollowMod:Hiveblood+1","HollowMod:CornifersMapStart","HollowMod:MawleksShell","HollowMod:PureVessel+1","HollowMod:SoulMaster+1","HollowMod:DashSlash"],"relics":["HollowMod:VesselMask","HollowMod:PaleOreRelic","Shuriken","CeramicFish","Golden Idol"],"acts_visited":["Exordium"],"potions_floor_usage":[13],"damage_taken":[{"damage":0,"enemies":"2 Louse","floor":1,"turns":3},{"damage":0,"enemies":"Small Slimes","floor":2,"turns":3},{"damage":16,"enemies":"Jaw Worm","floor":3,"turns":6},{"damage":28,"enemies":"Exordium Wildlife","floor":4,"turns":9},{"damage":67,"enemies":"3 Sentries","floor":7,"turns":12},{"damage":30,"enemies":"Large Slime","floor":13,"turns":9},{"damage":82,"enemies":"Hexaghost","floor":16,"turns":11}],"seed_played":"8346526199270302895","potions_obtained":[{"floor":1,"key":"DuplicationPotion"},{"floor":4,"key":"Weak Potion"},{"floor":13,"key":"ColorlessPotion"}],"is_trial":false,"path_per_floor":["M","M","M","M","$","R","E","R","T","R","?","?","M","?","R","B"],"character_chosen":"THE_BUGKNIGHT","items_purchased":["HollowMod:PaleOreRelic"],"campfire_rested":1,"item_purchase_floors":[5],"current_hp_per_floor":[75,75,75,72,72,72,43,43,43,43,43,25,35,20,42,0,0],"gold":117,"neow_bonus":"ONE_RANDOM_RARE_CARD","is_daily":false,"chose_seed":false,"campfire_upgraded":3,"win_rate":0.0,"timestamp":1612989353,"path_taken":["M","M","M","M","$","R","E","R","T","R","?","?","M","?","R","BOSS"],"items_purchased_type":["Relic"],"build_version":"2020-12-22","purchased_purges":0,"victory":false,"max_hp_per_floor":[75,75,75,75,75,75,75,75,75,75,75,75,75,75,75,75,75],"relic_stats":{"counters":[7,53],"Shuriken":[4],"Golden Idol":3,"CeramicFish":9,"obtain_stats":[{"Shuriken":7,"Golden Idol":12,"CeramicFish":9,"HollowMod:VesselMask":0,"HollowMod:PaleOreRelic":5},{"Shuriken":5,"Golden Idol":5,"CeramicFish":5,"HollowMod:VesselMask":0,"HollowMod:PaleOreRelic":4},{"Shuriken":33,"Golden Idol":33,"CeramicFish":33,"HollowMod:VesselMask":0,"HollowMod:PaleOreRelic":21}]},"card_choices":[{"not_picked":["HollowMod:SharpenedNail","HollowMod:TaintedHusks","HollowMod:WraithStrike"],"picked":"SKIP","floor":1},{"not_picked":["HollowMod:TaintedHusks","HollowMod:WraithStrike"],"picked":"HollowMod:CornifersMapStart","floor":2},{"not_picked":["HollowMod:CoiledNail","HollowMod:SoulStrike"],"picked":"HollowMod:MawleksShell","floor":3},{"not_picked":["HollowMod:FastStrike","HollowMod:ChannelNail"],"picked":"HollowMod:PureVessel","floor":4},{"not_picked":["HollowMod:SoulShaman","HollowMod:NewJinnsSoul"],"picked":"HollowMod:SoulMaster","floor":7},{"not_picked":["HollowMod:InfectedAttack","HollowMod:DescendingDark"],"picked":"HollowMod:DashSlash","floor":13}],"player_experience":239571,"relics_obtained":[{"floor":7,"key":"Shuriken"},{"floor":9,"key":"CeramicFish"}],"event_choices":[{"damage_healed":0,"gold_gain":0,"player_choice":"Grow","damage_taken":0,"max_hp_gain":0,"max_hp_loss":0,"event_name":"Living Wall","floor":11,"gold_loss":0,"cards_upgraded":["HollowMod:PureVessel"]},{"damage_healed":0,"gold_gain":0,"player_choice":"Take Damage","damage_taken":18,"relics_obtained":["Golden Idol"],"max_hp_gain":0,"max_hp_loss":0,"event_name":"Golden Idol","floor":12,"gold_loss":0},{"damage_healed":0,"gold_gain":0,"player_choice":"Entered Light","damage_taken":15,"max_hp_gain":0,"max_hp_loss":0,"event_name":"Shining Light","floor":14,"gold_loss":0,"cards_upgraded":["HollowMod:NailStrikeStart","HollowMod:NailStrikeStart"]}],"is_beta":false,"boss_relics":[],"items_purged_floors":[],"is_endless":false,"potions_floor_spawned":[1,4,13],"killed_by":"Hexaghost","ascension_level":1}}