{"host":"11728qvdvolffudn","time":1612977264,"event":{"mods":["BaseMod","Block Reminder","Colored Powertips","Curses Come First","Custom Start","Displayed Cursed Tome","Highlight Path","Minty Spire (QoL Compilation)","Permanent Neow","Quick Restart","Rare Cards Sparkle","Relic Stats","StSLib","Weighted Paths"],"gold_per_floor":[119,119,294,306,205,205,216,245,324,324,289,289,115,145,145,248,248,266,286,298,298,298,298,333,344,370,370,382,382,382,382,382,483,483,495,512,512,523,322,322,422,422,422,422,432,432,136,136,136,136],"floor_reached":51,"language":"ENG","playtime":2023,"items_purged":["Doubt","Strike_R"],"score":816,"play_id":"5af35f13-36fb-4d4f-80ba-b5abb5c3f8bf","local_time":"20210210171424","is_ascension_mode":true,"campfire_choices":[{"data":"Rage","floor":6,"key":"SMITH"},{"data":"Rage","floor":10,"key":"SMITH"},{"data":"Flex","floor":12,"key":"SMITH"},{"data":"Whirlwind","floor":15,"key":"SMITH"},{"data":"Bash","floor":23,"key":"SMITH"},{"data":"Rage","floor":27,"key":"SMITH"},{"floor":32,"key":"REST"},{"data":"Feed","floor":40,"key":"SMITH"},{"data":"Flex","floor":42,"key":"SMITH"},{"data":"Dramatic Entrance","floor":44,"key":"SMITH"},{"floor":46,"key":"REST"},{"floor":49,"key":"REST"}],"circlet_count":0,"master_deck":["Strike_R","Strike_R","Strike_R","Strike_R","Defend_R+1","Defend_R+1","Bash+1","Rage+1","Rage+1","Flex+1","Whirlwind+1","Limit Break+1","Battle Trance+1","Flex+1","Rage+1","Feed+1","Dramatic Entrance+1","Flex+1","Flex+1"],"relics":["Burning Blood","Bronze Scales","Darkstone Periapt","Pantograph","Empty Cage","Self Forming Clay","Orichalcum","Velvet Choker","Toolbox","InkBottle","Oddly Smooth Stone","Omamori"],"acts_visited":["Exordium","TheCity","TheBeyond"],"potions_floor_usage":[8,16,25,33,33,50],"damage_taken":[{"damage":1,"enemies":"2 Louse","floor":1,"turns":3},{"damage":0,"enemies":"Small Slimes","floor":4,"turns":3},{"damage":7,"enemies":"Jaw Worm","floor":7,"turns":3},{"damage":54,"enemies":"Lagavulin","floor":8,"turns":13},{"damage":15,"enemies":"3 Sentries","floor":14,"turns":5},{"damage":34,"enemies":"Hexaghost","floor":16,"turns":10},{"damage":1,"enemies":"3 Byrds","floor":18,"turns":5},{"damage":10,"enemies":"Shell Parasite","floor":19,"turns":7},{"damage":8,"enemies":"Cultist and Chosen","floor":20,"turns":5},{"damage":28,"enemies":"Slavers","floor":24,"turns":4},{"damage":0,"enemies":"Snake Plant","floor":25,"turns":3},{"damage":6,"enemies":"Chosen and Byrds","floor":28,"turns":4},{"damage":35,"enemies":"Automaton","floor":33,"turns":7},{"damage":6,"enemies":"3 Shapes","floor":35,"turns":1},{"damage":6,"enemies":"3 Darklings","floor":36,"turns":3},{"damage":42,"enemies":"Maw","floor":38,"turns":6},{"damage":27,"enemies":"4 Shapes","floor":45,"turns":3},{"damage":66,"enemies":"Awakened One","floor":50,"turns":9}],"seed_played":"-2449093640671146982","potions_obtained":[{"floor":1,"key":"SteroidPotion"},{"floor":4,"key":"LiquidBronze"},{"floor":14,"key":"LiquidMemories"},{"floor":16,"key":"DuplicationPotion"},{"floor":18,"key":"Strength Potion"},{"floor":20,"key":"Dexterity Potion"},{"floor":33,"key":"DuplicationPotion"},{"floor":36,"key":"Explosive Potion"},{"floor":45,"key":"BlessingOfTheForge"}],"is_trial":false,"path_per_floor":["M","?","?","M","$","R","M","E","T","R","?","R","$","E","R","B",null,"M","M","M","$","?","R","E","M","T","R","M","$","?","?","R","B",null,"M","M","?","M","$","R","?","R","T","R","M","R","$","$","R","B",null],"character_chosen":"IRONCLAD","items_purchased":["Flex","Whirlwind","Toolbox","Flex","Oddly Smooth Stone","Omamori"],"campfire_rested":3,"item_purchase_floors":[5,13,39,39,47,47],"current_hp_per_floor":[80,64,64,70,70,70,69,21,21,21,41,41,41,32,32,29,80,80,76,74,74,74,74,52,58,58,58,58,58,58,43,68,56,85,85,85,85,49,49,49,49,49,49,49,32,58,58,58,84,29],"gold":136,"neow_bonus":"THREE_CARDS","is_daily":false,"chose_seed":false,"campfire_upgraded":9,"win_rate":0.0,"timestamp":1612977264,"path_taken":["M","?","?","M","$","R","M","E","T","R","?","R","$","E","R","BOSS","M","M","M","$","?","R","E","M","T","R","?","$","?","?","R","BOSS","M","M","?","M","$","R","?","R","T","R","?","R","?","$","R","BOSS"],"items_purchased_type":["Card","Card","Relic","Card","Relic","Relic"],"build_version":"2020-12-22","purchased_purges":2,"victory":true,"max_hp_per_floor":[80,80,80,80,80,80,80,80,80,80,80,80,80,80,80,80,80,80,80,80,80,80,80,80,80,80,80,80,80,80,85,85,85,85,85,85,85,85,85,85,85,85,85,85,89,89,89,89,89,89],"relic_stats":{"Darkstone Periapt":0,"counters":[18,94],"Self Forming Clay":[66],"Bronze Scales":[240],"Pantograph":47,"Orichalcum":[24],"obtain_stats":[{"Darkstone Periapt":9,"Self Forming Clay":24,"Bronze Scales":8,"Pantograph":14,"Velvet Choker":34,"Toolbox":39,"Oddly Smooth Stone":47,"Omamori":47,"Orichalcum":26,"Empty Cage":17,"Burning Blood":0,"InkBottle":43},{"Darkstone Periapt":4,"Self Forming Clay":10,"Bronze Scales":4,"Pantograph":5,"Velvet Choker":13,"Toolbox":16,"Oddly Smooth Stone":17,"Omamori":17,"Orichalcum":11,"Empty Cage":6,"Burning Blood":0,"InkBottle":16},{"Darkstone Periapt":22,"Self Forming Clay":58,"Bronze Scales":22,"Pantograph":27,"Velvet Choker":72,"Toolbox":82,"Oddly Smooth Stone":85,"Omamori":85,"Orichalcum":61,"Empty Cage":37,"Burning Blood":0,"InkBottle":82}],"Burning Blood":98,"InkBottle":[4]},"card_choices":[{"not_picked":["Disarm","Pommel Strike"],"picked":"Rage","floor":0},{"not_picked":["Carnage","Armaments","Heavy Blade"],"picked":"SKIP","floor":1},{"not_picked":["Thunderclap","Fire Breathing"],"picked":"Rage","floor":4},{"not_picked":["Anger","Headbutt","Thunderclap"],"picked":"SKIP","floor":7},{"not_picked":["Sever Soul","Blood for Blood","Twin Strike"],"picked":"SKIP","floor":8},{"not_picked":["Flame Barrier","Second Wind","Headbutt"],"picked":"SKIP","floor":14},{"not_picked":["Berserk","Corruption"],"picked":"Limit Break","floor":16},{"not_picked":["Armaments","Flame Barrier","Clothesline+1"],"picked":"SKIP","floor":18},{"not_picked":["True Grit","Heavy Blade"],"picked":"Battle Trance+1","floor":19},{"not_picked":["Hemokinesis","Headbutt+1","Shockwave"],"picked":"SKIP","floor":20},{"not_picked":["Pommel Strike","Perfected Strike"],"picked":"Flex+1","floor":24},{"not_picked":["Corruption","Clothesline"],"picked":"Rage","floor":25},{"not_picked":["Havoc+1","Headbutt+1","Dropkick"],"picked":"SKIP","floor":28},{"not_picked":["Fiend Fire","Barricade"],"picked":"Feed","floor":33},{"not_picked":["Anger","Pommel Strike","Armaments+1"],"picked":"SKIP","floor":35},{"not_picked":["Sword Boomerang","Rampage+1","Cleave+1"],"picked":"SKIP","floor":36},{"not_picked":["Madness","Jack Of All Trades"],"picked":"Dramatic Entrance","floor":37},{"not_picked":["Cleave","Shrug It Off","Clash"],"picked":"SKIP","floor":38},{"not_picked":["Cleave+1","Spot Weakness+1"],"picked":"Flex+1","floor":45}],"player_experience":189456,"relics_obtained":[{"floor":8,"key":"Bronze Scales"},{"floor":9,"key":"Darkstone Periapt"},{"floor":14,"key":"Pantograph"},{"floor":24,"key":"Self Forming Clay"},{"floor":26,"key":"Orichalcum"},{"floor":43,"key":"InkBottle"}],"event_choices":[{"damage_healed":0,"gold_gain":0,"player_choice":"Entered Light","damage_taken":16,"max_hp_gain":0,"max_hp_loss":0,"event_name":"Shining Light","floor":2,"gold_loss":0,"cards_upgraded":["Defend_R","Defend_R"]},{"damage_healed":0,"gold_gain":175,"player_choice":"AGREE","damage_taken":0,"max_hp_gain":0,"max_hp_loss":0,"event_name":"Liars Game","floor":3,"gold_loss":0,"cards_obtained":["Doubt"]},{"damage_healed":20,"gold_gain":0,"player_choice":"Healed","damage_taken":0,"max_hp_gain":0,"max_hp_loss":0,"event_name":"The Cleric","floor":11,"gold_loss":35},{"damage_healed":0,"gold_gain":0,"player_choice":"Upgraded","damage_taken":0,"max_hp_gain":0,"max_hp_loss":0,"event_name":"Upgrade Shrine","floor":22,"gold_loss":0,"cards_upgraded":["Limit Break"]},{"damage_healed":0,"gold_gain":0,"player_choice":"Ignored","damage_taken":0,"max_hp_gain":0,"max_hp_loss":0,"event_name":"Ghosts","floor":30,"gold_loss":0},{"damage_healed":0,"gold_gain":0,"player_choice":"Shed Blood","damage_taken":20,"max_hp_gain":5,"max_hp_loss":0,"event_name":"Forgotten Altar","floor":31,"gold_loss":0},{"damage_healed":0,"gold_gain":0,"player_choice":"Memory 1","damage_taken":0,"max_hp_gain":0,"max_hp_loss":0,"event_name":"SensoryStone","floor":37,"gold_loss":0},{"damage_healed":0,"gold_gain":100,"player_choice":"Pray","damage_taken":0,"max_hp_gain":0,"max_hp_loss":0,"event_name":"Golden Shrine","floor":41,"gold_loss":0}],"is_beta":false,"boss_relics":[{"not_picked":["Busted Crown","Coffee Dripper"],"picked":"Empty Cage"},{"not_picked":["Snecko Eye","Mark of Pain"],"picked":"Velvet Choker"}],"items_purged_floors":[5,13],"is_endless":false,"potions_floor_spawned":[1,4,14,16,18,20,33,36,45],"ascension_level":3}}