{"host":"yans4pr1zf0lm9bx","time":1612964902,"event":{"mods":["AchievementEnabler","Act Like it!","BaseMod","Hermit","Minty Spire (QoL Compilation)","Replay The Spire","Shop Mod","StSLib","SuperFastMode","The Cursed"],"gold_per_floor":[113,126,145,160,160,191,191,219,245,259,293,293,305,14,14,115,115,133,165,177,189,199,234,254,254,254,179,179,32,46,73,73,173,173,193,193,213,227,277,289,314,354,413,451,463,491,448,473,485,497,509,521,115,145,145],"floor_reached":56,"language":"ENG","playtime":3174,"items_purged":["TheCursedMod:Strike_TheCursed","TheCursedMod:Defend_TheCursed","Normality"],"score":1750,"play_id":"739461ac-ab41-49db-915f-ece63cb69f83","local_time":"20210210084822","is_ascension_mode":true,"campfire_choices":[{"data":"TheCursedMod:ReleasedKnowledge","floor":7.0,"key":"SMITH"},{"data":"TheCursedMod:SpitefulPlan","floor":12.0,"key":"SMITH"},{"floor":15.0,"key":"REST"},{"floor":25,"key":"REST"},{"floor":28,"key":"RECALL"},{"data":"TheCursedMod:CursedRelics","floor":32,"key":"SMITH"},{"data":"TheCursedMod:AntiAging","floor":40,"key":"SMITH"},{"data":"TheCursedMod:CleanUpWorkshop","floor":45,"key":"SMITH"},{"floor":49,"key":"REST"},{"data":"TheCursedMod:CursedRelics","floor":52,"key":"SMITH"}],"circlet_count":0,"master_deck":["TheCursedMod:CursedWand","TheCursedMod:CleanUpWorkshop+1","TheCursedMod:Dregs","TheCursedMod:DemonSword","TheCursedMod:CursedAmulet","TheCursedMod:ReleasedKnowledge+1","TheCursedMod:Obscuration","TheCursedMod:HellfireBreathing","TheCursedMod:CursedAmulet","TheCursedMod:SpitefulPlan+1","TheCursedMod:CircleOfCorruption","TheCursedMod:VoidForm","TheCursedMod:TroublousMinions","ReplayTheSpireMod:IOU","ReplayTheSpireMod:IOU","ReplayTheSpireMod:IOU","Master of Strategy","TheCursedMod:AntiAging+1","TheCursedMod:HellfireBreathing+1","TheCursedMod:SurpriseAttack","ReplayTheSpireMod:IOU","ReplayTheSpireMod:IOU","ReplayTheSpireMod:IOU","TheCursedMod:CursedShiv","ReplayTheSpireMod:IOU","TheCursedMod:DemonicPact","CurseOfTheBell","TheCursedMod:CursedSpellbook+1","TheCursedMod:WearCloak+1","TheCursedMod:LuckyCharm","TheCursedMod:CircleOfWindfury","TheCursedMod:Evocation+1","TheCursedMod:CursedShiv+1","Purity","TheCursedMod:CursedAmulet","ReplayTheSpireMod:IOU","TheCursedMod:Hemoplague+1","TheCursedMod:HellfireBreathing+1","TheCursedMod:CursedRelics+1","TheCursedMod:CursedRelics+1","Injury","Injury","TheCursedMod:StunningStrike","TheCursedMod:CursedShiv","TheCursedMod:SpitefulPray","TheCursedMod:SpitefulPlan+1","TheCursedMod:CircleOfCorruption","Clumsy","TheCursedMod:Stretching","TheCursedMod:CircleOfAbyss","TheCursedMod:WearCloak","ReplayTheSpireMod:IOU","TheCursedMod:EmpowerCircles+1","TheCursedMod:SpitefulPlan+1","TheCursedMod:CursedShiv+1"],"relics":["TheCursedMod:BlackMagic101","Replay:Wax Seal","Replay:Baseball","Smiling Mask","Nunchaku","Du-Vu Doll","Strange Spoon","Calling Bell","Unceasing Top","Matryoshka","ReplayTheSpireMod:Lightbulb","Red Mask","Orichalcum","Frozen Egg 2","Torii","BargainBundle","Potion Belt","Bird Faced Urn","Kintsugi","Ring of Greed","Ring of Searing","MawBank","Membership Card","Mango","Meat on the Bone","InkBottle","Ginger","HornCleat","Bottled Tornado","Cauldron","Incense Burner"],"acts_visited":["Exordium","TheCity","TheBeyond","TheEnding"],"potions_floor_usage":[22,31,37,38,42,46,54,55,55,55,55,55],"damage_taken":[{"damage":7.0,"enemies":"2 Louse","floor":1.0,"turns":3.0},{"damage":0.0,"enemies":"Cultist","floor":2.0,"turns":4.0},{"damage":6.0,"enemies":"Jaw Worm","floor":3.0,"turns":3.0},{"damage":0.0,"enemies":"3 Louse","floor":4.0,"turns":4.0},{"damage":24.0,"enemies":"3 Sentries","floor":6.0,"turns":12.0},{"damage":10.0,"enemies":"Gremlin Nob","floor":8.0,"turns":5.0},{"damage":0.0,"enemies":"Exordium Wildlife","floor":10.0,"turns":4.0},{"damage":8.0,"enemies":"3 Sentries","floor":11.0,"turns":8.0},{"damage":11.0,"enemies":"Exordium Thugs","floor":13.0,"turns":6.0},{"damage":2.0,"enemies":"Hexaghost","floor":16.0,"turns":6.0},{"damage":19,"enemies":"Spheric Guardian","floor":18,"turns":5},{"damage":8,"enemies":"Masked Bandits","floor":19,"turns":3},{"damage":0,"enemies":"2 Thieves","floor":20,"turns":4},{"damage":12,"enemies":"Centurion and Healer","floor":21,"turns":5},{"damage":0,"enemies":"Sentry and Sphere","floor":22,"turns":4},{"damage":0,"enemies":"Gremlin Leader","floor":23,"turns":4},{"damage":9,"enemies":"Snecko","floor":24,"turns":5},{"damage":0,"enemies":"Snake Plant","floor":30,"turns":3},{"damage":1,"enemies":"Slavers","floor":31,"turns":2},{"damage":10,"enemies":"Collector","floor":33,"turns":4},{"damage":0,"enemies":"3 Shapes","floor":35,"turns":3},{"damage":0,"enemies":"3 Darklings","floor":37,"turns":4},{"damage":1,"enemies":"Spire Growth","floor":38,"turns":4},{"damage":34,"enemies":"Maw","floor":41,"turns":4},{"damage":30,"enemies":"Nemesis","floor":42,"turns":5},{"damage":1,"enemies":"Giant Head","floor":44,"turns":5},{"damage":10,"enemies":"4 Shapes","floor":46,"turns":4},{"damage":1,"enemies":"2 Orb Walkers","floor":47,"turns":4},{"damage":6,"enemies":"3 Darklings","floor":48,"turns":4},{"damage":56,"enemies":"Awakened One","floor":50,"turns":7},{"damage":15,"enemies":"Shield and Spear","floor":54,"turns":4},{"damage":23,"enemies":"The Heart","floor":55,"turns":4}],"seed_played":"6053798571490380522","potions_obtained":[{"floor":3.0,"key":"Strength Potion"},{"floor":4.0,"key":"FearPotion"},{"floor":5.0,"key":"PowerPotion"},{"floor":5.0,"key":"PowerPotion"},{"floor":5.0,"key":"Toxic Potion"},{"floor":11.0,"key":"LifebloodPotion"},{"floor":13.0,"key":"Elixir"},{"floor":19,"key":"SpeedPotion"},{"floor":20,"key":"Dexterity Potion"},{"floor":21,"key":"GamblersBrew"},{"floor":22,"key":"Strength Potion"},{"floor":24,"key":"Explosive Potion"},{"floor":31,"key":"ColorlessPotion"},{"floor":38,"key":"PowerPotion"},{"floor":44,"key":"GamblersBrew"},{"floor":46,"key":"Venom Potion"},{"floor":53,"key":"DistilledChaos"},{"floor":54,"key":"PowerPotion"}],"is_trial":false,"path_per_floor":["M","M","M","M","?","E","R","E","T","M","E","R","M","$","R","B",null,"M","?","M","M","M","E","M","R","T","?","R","$","M","E","R","B",null,"M","?","M","M","?","R","M","E","T","E","R","M","?","M","R","B",null,"R","$","E","B",null],"character_chosen":"THE_CURSED","items_purchased":["Master of Strategy","TheCursedMod:AntiAging","TheCursedMod:HellfireBreathing+1","TheCursedMod:SurpriseAttack","Du-Vu Doll","TheCursedMod:CursedShiv","Strange Spoon","BargainBundle","Purity","TheCursedMod:CursedAmulet","Potion Belt","Weak Potion","FearPotion","TheCursedMod:Hemoplague+1","TheCursedMod:SpitefulPlan+1","HornCleat","Bottled Tornado","Cauldron"],"campfire_rested":3,"item_purchase_floors":[14,14,14,14,14,14,14,29,29,29,29,29,29,29,53,53,53,53],"current_hp_per_floor":[68,68,62,62,62,38,38,28,28,28,20,20,9,9,31,33,79,62,56,58,48,48,48,39,65,65,65,65,65,65,66,66,70,91,91,91,93,93,93,93,74,69,69,81,81,83,84,88,116,70,116,116,116,112,108],"gold":145,"neow_bonus":"ONE_RANDOM_RARE_CARD","is_daily":false,"chose_seed":false,"campfire_upgraded":6,"win_rate":0.0,"timestamp":1612964902,"path_taken":["M","M","M","M","?","E","R","E","T","M","E","R","M","?","R","BOSS","M","?","M","M","M","E","M","R","T","?","R","?","?","E","R","BOSS","M","?","?","M","?","R","M","E","T","E","R","M","?","M","R","BOSS","R","$","E","BOSS"],"items_purchased_type":["Card","Card","Card","Card","Relic","Card","Relic","Relic","Card","Card","Relic","Potion","Potion","Card","Card","Relic","Relic","Relic"],"build_version":"2020-12-22","purchased_purges":3,"victory":true,"max_hp_per_floor":[75,75,75,75,75,75,75,75,75,75,75,75,75,75,75,79,79,81,83,85,87,87,87,87,87,87,87,87,87,87,89,89,91,91,91,91,93,93,93,93,96,113,113,116,116,116,116,116,116,116,116,116,116,119,122],"card_choices":[{"not_picked":["TheCursedMod:EmpowerCircles","TheCursedMod:TacticalStrike"],"picked":"TheCursedMod:CursedAmulet","floor":1.0},{"not_picked":["TheCursedMod:TacticalStrike","TheCursedMod:CursedShiv"],"picked":"TheCursedMod:ReleasedKnowledge","floor":2.0},{"not_picked":["TheCursedMod:SmokeScreen","TheCursedMod:TacticalStrike"],"picked":"TheCursedMod:Obscuration","floor":3.0},{"not_picked":["TheCursedMod:ManaCirculation","TheCursedMod:FleshFromBone"],"picked":"TheCursedMod:HellfireBreathing","floor":4.0},{"not_picked":["TheCursedMod:Stretching","TheCursedMod:RavingStaff"],"picked":"TheCursedMod:CursedAmulet","floor":6.0},{"not_picked":["TheCursedMod:StunningStrike","TheCursedMod:SaltUponWound"],"picked":"TheCursedMod:SpitefulPlan","floor":8.0},{"not_picked":["TheCursedMod:RapidMovement","TheCursedMod:FleshFromBone"],"picked":"TheCursedMod:CircleOfCorruption","floor":10.0},{"not_picked":["TheCursedMod:BlessingInDisguise","TheCursedMod:TacticalStrike"],"picked":"TheCursedMod:VoidForm","floor":11.0},{"not_picked":["TheCursedMod:EmpowerCircles","TheCursedMod:CursedArmor"],"picked":"TheCursedMod:TroublousMinions","floor":13.0},{"not_picked":["TheCursedMod:NeowsMight","TheCursedMod:OutForBlood"],"picked":"TheCursedMod:DemonicPact","floor":16.0},{"not_picked":["TheCursedMod:CursedMace","TheCursedMod:RapidMovement"],"picked":"TheCursedMod:CursedSpellbook+1","floor":18},{"not_picked":["TheCursedMod:Torture","TheCursedMod:CursedArmor"],"picked":"TheCursedMod:WearCloak+1","floor":19},{"not_picked":["TheCursedMod:HellsGateOpen","TheCursedMod:CursedShiv"],"picked":"TheCursedMod:LuckyCharm","floor":20},{"not_picked":["TheCursedMod:SoulCrush","TheCursedMod:WearCloak+1"],"picked":"TheCursedMod:CircleOfWindfury","floor":21},{"not_picked":["TheCursedMod:OutForBlood","TheCursedMod:Torture"],"picked":"TheCursedMod:Evocation+1","floor":22},{"not_picked":["TheCursedMod:Stigma+1","TheCursedMod:RavingStaff"],"picked":"TheCursedMod:CursedShiv+1","floor":23},{"not_picked":["TheCursedMod:WearCloak","TheCursedMod:ManaBullet","TheCursedMod:Stretching"],"picked":"SKIP","floor":24},{"not_picked":["TheCursedMod:Mangle","TheCursedMod:FleshFromBone"],"picked":"TheCursedMod:HellfireBreathing+1","floor":30},{"not_picked":["TheCursedMod:CursedBlade","TheCursedMod:SaltUponWound+1"],"picked":"TheCursedMod:CursedRelics","floor":31},{"not_picked":["TheCursedMod:ForbiddenAlchemy","TheCursedMod:DemonicPact+1"],"picked":"TheCursedMod:CursedRelics","floor":33},{"not_picked":["TheCursedMod:CursedBlade+1","TheCursedMod:SmokeScreen+1","TheCursedMod:Stigma+1"],"picked":"SKIP","floor":35},{"not_picked":["TheCursedMod:WearCloak","TheCursedMod:SoulCrush+1","TheCursedMod:VitalStrike"],"picked":"SKIP","floor":37},{"not_picked":["TheCursedMod:CircleOfFocus","TheCursedMod:ReleasedKnowledge+1"],"picked":"TheCursedMod:SpitefulPray","floor":38},{"not_picked":["TheCursedMod:FuryStrike+1","TheCursedMod:CursedBlade+1"],"picked":"TheCursedMod:SpitefulPlan+1","floor":41},{"not_picked":["TheCursedMod:CursedBlade","TheCursedMod:CursedMace+1"],"picked":"TheCursedMod:CircleOfCorruption","floor":42},{"not_picked":["TheCursedMod:CursedMace+1","TheCursedMod:SaltUponWound"],"picked":"TheCursedMod:Stretching","floor":44},{"not_picked":["TheCursedMod:CursedMace+1","TheCursedMod:Grudge"],"picked":"TheCursedMod:CircleOfAbyss","floor":46},{"not_picked":["TheCursedMod:Torture+1","TheCursedMod:CursedShiv"],"picked":"TheCursedMod:WearCloak","floor":47},{"not_picked":["TheCursedMod:SaltUponWound+1","TheCursedMod:CircleOfFocus"],"picked":"TheCursedMod:EmpowerCircles+1","floor":48},{"not_picked":["TheCursedMod:CircleOfBlood","TheCursedMod:SaltUponWound"],"picked":"TheCursedMod:CursedShiv+1","floor":54}],"player_experience":275768,"relics_obtained":[{"floor":6.0,"key":"Replay:Wax Seal"},{"floor":8.0,"key":"Replay:Baseball"},{"floor":9.0,"key":"Smiling Mask"},{"floor":11.0,"key":"Nunchaku"},{"floor":17,"key":"Unceasing Top"},{"floor":17,"key":"Matryoshka"},{"floor":17,"key":"ReplayTheSpireMod:Lightbulb"},{"floor":19,"key":"Red Mask"},{"floor":23,"key":"Orichalcum"},{"floor":26,"key":"Frozen Egg 2"},{"floor":26,"key":"Torii"},{"floor":31,"key":"Bird Faced Urn"},{"floor":39,"key":"Ring of Greed"},{"floor":39,"key":"Ring of Searing"},{"floor":39,"key":"MawBank"},{"floor":39,"key":"Membership Card"},{"floor":42,"key":"Mango"},{"floor":43,"key":"Meat on the Bone"},{"floor":44,"key":"InkBottle"},{"floor":47,"key":"Ginger"},{"floor":54,"key":"Incense Burner"}],"event_choices":[{"damage_healed":0.0,"max_hp_gain":0.0,"max_hp_loss":0.0,"gold_gain":0.0,"event_name":"Lab","player_choice":"Got Potions","floor":5.0,"gold_loss":0.0,"damage_taken":0.0},{"damage_healed":0,"gold_gain":0,"player_choice":"Fought Bandits","damage_taken":0,"max_hp_gain":0,"max_hp_loss":0,"event_name":"Masked Bandits","floor":19,"gold_loss":0},{"cards_removed":["TheCursedMod:Defend_TheCursed"],"damage_healed":0,"gold_gain":0,"player_choice":"Gave Gold","damage_taken":0,"max_hp_gain":0,"max_hp_loss":0,"event_name":"Beggar","floor":27,"gold_loss":75},{"damage_healed":0,"gold_gain":0,"player_choice":"2 cards matched","damage_taken":0,"max_hp_gain":0,"max_hp_loss":0,"event_name":"Match and Keep!","floor":36,"gold_loss":0,"cards_obtained":["TheCursedMod:StunningStrike","TheCursedMod:CursedShiv"]},{"damage_healed":0,"gold_gain":0,"player_choice":"Fight","damage_taken":0,"max_hp_gain":0,"max_hp_loss":0,"event_name":"Mysterious Sphere","floor":47,"gold_loss":0}],"is_beta":false,"boss_relics":[{"not_picked":["Replay:Drink Me","Empty Cage"],"picked":"Calling Bell"},{"not_picked":["ReplayTheSpireMod:DimensionalGlitch","Abe\u0027s Treasure"],"picked":"Kintsugi"}],"items_purged_floors":[14,29,53],"is_endless":false,"potions_floor_spawned":[3,4,11,13,19,20,21,22,24,31,35,38,44,46,54],"ascension_level":1}}