{"host":"k1qq3tnzhl68zvao","time":1612962512,"event":{"mods":["ATMod(阿瑾Mod)","AchievementEnabler","BaseMod","Colored Powertips","Conspire","DeckTracker","Downfall","Energized Spire","GifTheSpireLib","Minty Spire (QoL Compilation)","Quick Restart","Relic Filter Mod","Replay The Spire","Spicy Shops","StSLib","【遗物卡牌】REMEMod"],"gold_per_floor":[111,186,214,164,178,206,23,38,38,38,54,64,92,92,92,187,187,187,187],"floor_reached":18,"language":"ZHS","playtime":807,"items_purged":["Strike_B"],"score":196,"play_id":"86b161e0-0cda-4c7e-8758-07cacfab3bf4","local_time":"20210210210832","is_ascension_mode":true,"campfire_choices":[{"data":"REME_ForAll","floor":10,"key":"SMITH"},{"data":"AT_FamilyPortrait","floor":15,"key":"SMITH"}],"circlet_count":0,"master_deck":["Strike_B","Strike_B","Strike_B","Defend_B","Defend_B","Defend_B","Defend_B","Zap","Dualcast","REME_ForAll+1","AT_FamilyPortrait+1","Self Repair","Sweeping Beam+1","conspire:SpireCoStock","Beam Cell","Steam","ReplayGash+1","Beam Cell","Panic Button","All For One"],"relics":["Cracked Core","AT_ATBox","REME_ComplimentaryCards","NeowsBlessing","conspire:Dentures","Centennial Puzzle","Iron Hammer","REME_LimitBreaker","bronze:MakeshiftBattery"],"acts_visited":["Exordium","TheCity"],"potions_floor_usage":[6,16],"damage_taken":[{"damage":0.0,"enemies":"Jaw Worm","floor":1.0,"turns":1.0},{"damage":0.0,"enemies":"conspire:MimicChest","floor":3.0,"turns":1.0},{"damage":0.0,"enemies":"Small Slimes","floor":5.0,"turns":1.0},{"damage":39,"enemies":"Gremlin Nob","floor":6,"turns":5},{"damage":0,"enemies":"2 Louse","floor":8,"turns":1},{"damage":3,"enemies":"Looter","floor":11,"turns":2},{"damage":0,"enemies":"Large Slime","floor":12,"turns":4},{"damage":6,"enemies":"3 Sentries","floor":13,"turns":6},{"damage":25,"enemies":"The Guardian","floor":16,"turns":8},{"damage":7,"enemies":"Shell Parasite","floor":18,"turns":3}],"seed_played":"-966106126502894316","potions_obtained":[{"floor":5.0,"key":"bronze:BurnAndBuffPotion"},{"floor":16,"key":"Toxic Potion"}],"is_trial":false,"path_per_floor":["M","?","?","?","M","E","$","M","T","R","M","M","E","?","R","B",null,"M"],"character_chosen":"DEFECT","items_purchased":["ReplayGash"],"campfire_rested":0,"item_purchase_floors":[7],"current_hp_per_floor":[75,64,71,71,71,46,46,46,46,46,43,43,44,29,29,4,75,68,68],"gold":187,"neow_bonus":"THREE_ENEMY_KILL","is_daily":false,"chose_seed":false,"campfire_upgraded":2,"win_rate":0.0,"timestamp":1612962512,"path_taken":["M","?","?","?","M","E","?","M","T","R","M","M","E","?","R","BOSS","M"],"items_purchased_type":["Card"],"build_version":"2020-12-22","purchased_purges":1,"victory":false,"max_hp_per_floor":[75,75,75,75,75,75,75,75,75,75,75,75,75,75,75,75,75,75,75],"card_choices":[{"not_picked":["Compile Driver","Conserve Battery"],"picked":"Self Repair","floor":1.0},{"not_picked":["Stack","Coolheaded"],"picked":"Sweeping Beam","floor":3.0},{"not_picked":["Ball Lightning","Steam"],"picked":"Beam Cell","floor":5.0},{"not_picked":["Mirror Shield","Rebound"],"picked":"Steam","floor":6},{"not_picked":["conspire:Rain","ReplayTheSpireMod:Dual Polarity"],"picked":"Beam Cell","floor":8},{"not_picked":["BasicCrystalCard","Redo","Steam"],"picked":"SKIP","floor":11},{"not_picked":["Sunder","conspire:SharedLibrary","Self Repair"],"picked":"SKIP","floor":12},{"not_picked":["Coolheaded","Crystallizer"],"picked":"Panic Button","floor":13},{"not_picked":["AT_RightCognition","Buffer"],"picked":"All For One","floor":16}],"player_experience":549263,"relics_obtained":[{"floor":3.0,"key":"conspire:Dentures"},{"floor":6,"key":"Centennial Puzzle"},{"floor":9,"key":"Iron Hammer"},{"floor":13,"key":"REME_LimitBreaker"}],"event_choices":[{"damage_healed":0.0,"max_hp_gain":0.0,"max_hp_loss":0.0,"gold_gain":75.0,"event_name":"World of Goop","player_choice":"Gather Gold","floor":2.0,"gold_loss":0.0,"damage_taken":11.0},{"damage_healed":0.0,"max_hp_gain":0.0,"max_hp_loss":0.0,"gold_gain":0.0,"event_name":"conspire:Investor","player_choice":"Invest 1","floor":4.0,"gold_loss":0.0,"damage_taken":0.0},{"damage_healed":0,"gold_gain":0,"player_choice":"Entered Light","damage_taken":15,"max_hp_gain":0,"max_hp_loss":0,"event_name":"Shining Light","floor":14,"gold_loss":0,"cards_upgraded":["ReplayGash","Sweeping Beam"]}],"is_beta":false,"boss_relics":[{"not_picked":["REME_DemonsWealth","Astrolabe"],"picked":"bronze:MakeshiftBattery"}],"items_purged_floors":[7],"is_endless":false,"potions_floor_spawned":[5,8,13,16],"killed_by":"Shell Parasite","ascension_level":3}}