{"host":"rolltorest","time":1612923827,"event":{"mods":["BaseMod","Minty Spire (QoL Compilation)","Relic Stats","Slay the Relics Exporter","StSLib"],"gold_per_floor":[115,40,59,59,71,71,95,126,126,10,36,50,50,60,60,134,134,150,150,150,167,181,181,181],"floor_reached":23,"language":"ENG","playtime":1067,"items_purged":["Strike_B"],"score":452,"play_id":"9045aaaf-7873-42fb-a17c-eced168b0b20","local_time":"20210209182347","is_ascension_mode":true,"campfire_choices":[{"data":"Ball Lightning","floor":6,"key":"SMITH"},{"data":"Barrage","floor":13,"key":"SMITH"},{"data":"Darkness","floor":15,"key":"SMITH"}],"circlet_count":0,"master_deck":["AscendersBane","Strike_B","Strike_B","Defend_B","Defend_B","Defend_B","Defend_B","Zap","Dualcast","Cold Snap","Ball Lightning+1","Core Surge","Lockon","Barrage+1","Undo","Glacier","Darkness+1","Echo Form","Coolheaded","Genetic Algorithm"],"relics":["Sozu","Odd Mushroom","Peace Pipe","FossilizedHelix","Omamori","Nuclear Battery","Potion Belt"],"acts_visited":["Exordium","TheCity"],"potions_floor_usage":[],"damage_taken":[{"damage":7,"enemies":"Cultist","floor":1,"turns":5},{"damage":0,"enemies":"Jaw Worm","floor":3,"turns":3},{"damage":0,"enemies":"2 Louse","floor":5,"turns":2},{"damage":16,"enemies":"The Mushroom Lair","floor":7,"turns":4},{"damage":19,"enemies":"3 Sentries","floor":8,"turns":6},{"damage":0,"enemies":"Lagavulin","floor":11,"turns":5},{"damage":0,"enemies":"Blue Slaver","floor":12,"turns":3},{"damage":0,"enemies":"Exordium Thugs","floor":14,"turns":4},{"damage":6,"enemies":"Hexaghost","floor":16,"turns":7},{"damage":3,"enemies":"3 Byrds","floor":18,"turns":6},{"damage":5,"enemies":"Shell Parasite","floor":21,"turns":5},{"damage":18,"enemies":"Snake Plant","floor":22,"turns":5},{"damage":47,"enemies":"Slavers","floor":23,"turns":3}],"seed_played":"6836428475378261938","potions_obtained":[],"is_trial":false,"path_per_floor":["M","?","M","?","M","R","?","E","T","$","E","M","R","M","R","B",null,"M","?","?","M","M","E"],"character_chosen":"DEFECT","items_purchased":["Undo"],"campfire_rested":0,"item_purchase_floors":[10],"current_hp_per_floor":[57,57,57,62,62,62,46,27,27,27,27,27,27,27,27,21,62,59,59,59,54,36,0,0],"gold":181,"neow_bonus":"BOSS_RELIC","is_daily":false,"chose_seed":false,"campfire_upgraded":3,"win_rate":0.0,"timestamp":1612923827,"path_taken":["M","?","M","?","M","R","?","E","T","?","E","M","R","M","R","BOSS","M","?","?","M","?","E"],"items_purchased_type":["Card"],"build_version":"2020-12-18","purchased_purges":1,"victory":false,"max_hp_per_floor":[71,71,71,76,76,76,76,76,76,76,76,76,76,76,76,76,76,76,76,76,76,76,76,76],"relic_stats":{"Sozu":5,"Peace Pipe":0,"counters":[13,58],"obtain_stats":[{"Sozu":0,"Peace Pipe":8,"Potion Belt":19,"Omamori":11,"Odd Mushroom":7,"Cracked Core":0,"FossilizedHelix":9,"Nuclear Battery":17},{"Sozu":0,"Peace Pipe":5,"Potion Belt":10,"Omamori":6,"Odd Mushroom":4,"Cracked Core":0,"FossilizedHelix":5,"Nuclear Battery":9},{"Sozu":0,"Peace Pipe":20,"Potion Belt":45,"Omamori":25,"Odd Mushroom":14,"Cracked Core":0,"FossilizedHelix":20,"Nuclear Battery":39}]},"card_choices":[{"not_picked":["Gash","Hologram"],"picked":"Cold Snap","floor":1},{"not_picked":["Stack","Fusion"],"picked":"Ball Lightning","floor":3},{"not_picked":["Rip and Tear","Auto Shields"],"picked":"Core Surge","floor":5},{"not_picked":["Turbo","Rebound"],"picked":"Lockon","floor":7},{"not_picked":["Hologram","Coolheaded"],"picked":"Barrage","floor":8},{"not_picked":["Seek","Static Discharge"],"picked":"Glacier","floor":11},{"not_picked":["Go for the Eyes","Sweeping Beam"],"picked":"Darkness","floor":12},{"not_picked":["Rip and Tear","Leap","Go for the Eyes"],"picked":"SKIP","floor":14},{"not_picked":["All For One","Core Surge"],"picked":"Echo Form","floor":16},{"not_picked":["Go for the Eyes","Steam"],"picked":"Coolheaded","floor":18},{"not_picked":["Go for the Eyes","Sweeping Beam","Storm+1"],"picked":"SKIP","floor":21},{"not_picked":["Hello World","Hologram"],"picked":"Genetic Algorithm","floor":22}],"player_experience":1937116,"relics_obtained":[{"floor":7,"key":"Odd Mushroom"},{"floor":8,"key":"Peace Pipe"},{"floor":9,"key":"FossilizedHelix"},{"floor":11,"key":"Omamori"}],"event_choices":[{"cards_removed":["Strike_B"],"damage_healed":0,"gold_gain":0,"player_choice":"Card Removal","damage_taken":0,"max_hp_gain":0,"max_hp_loss":0,"event_name":"The Cleric","floor":2,"gold_loss":75},{"damage_healed":0,"gold_gain":0,"player_choice":"Donut","damage_taken":0,"max_hp_gain":5,"max_hp_loss":0,"event_name":"Big Fish","floor":4,"gold_loss":0},{"damage_healed":0,"gold_gain":0,"player_choice":"Fought Mushrooms","damage_taken":0,"max_hp_gain":0,"max_hp_loss":0,"event_name":"Mushrooms","floor":7,"gold_loss":0},{"damage_healed":0,"gold_gain":0,"player_choice":"Stole Relic","damage_taken":0,"relics_obtained":["Potion Belt"],"max_hp_gain":0,"max_hp_loss":0,"event_name":"Addict","floor":19,"gold_loss":0,"cards_obtained":["Shame"]},{"damage_healed":0,"gold_gain":0,"player_choice":"Smashed Altar","damage_taken":0,"max_hp_gain":0,"max_hp_loss":0,"event_name":"Forgotten Altar","floor":20,"gold_loss":0,"cards_obtained":["Decay"]}],"is_beta":true,"boss_relics":[{"not_picked":["Coffee Dripper","Busted Crown"],"picked":"Nuclear Battery"}],"items_purged_floors":[10],"is_endless":false,"potions_floor_spawned":[3,7,11,16,22],"killed_by":"Slavers","ascension_level":20}}