{"host":"idjwbq71yrpkph1r","time":1612966023,"event":{"mods":["Alarm Clock","BaseMod","Block Reminder","Colored Map","Colored Powertips","Conspire","Curses Come First","Dark Map","Displayed Cursed Tome","Hermit","Hubris","Minty Spire (QoL Compilation)","Monster B Gone","Morshu Shopkeeper","Rare Cards Sparkle","Relic Stats","StS++","StSLib","Swap Starting Deck Mod","The Blue Laboratory","everything is the same but u backflip on backflip"],"gold_per_floor":[114,130,130,130,173,173,173,173,244,244,258,288,308,321,321,426,426,438,438,451,139,159,113,113,128,155,174,274,274,274,274,274,379,379,397,416,416,435,452,452,452,452],"floor_reached":41,"language":"ENG","playtime":3514,"items_purged":[],"score":468,"play_id":"99517ef5-1a79-410d-8238-23febf4f9587","local_time":"20210210150703","is_ascension_mode":false,"campfire_choices":[{"data":"hermit:Snapshot","floor":8,"key":"SMITH"},{"floor":10,"key":"REST"},{"data":"Sentinel","floor":15,"key":"SMITH"},{"floor":24,"key":"REST"},{"floor":29,"key":"REST"},{"data":"Flame Barrier","floor":32,"key":"SMITH"},{"floor":40,"key":"REST"}],"circlet_count":0,"master_deck":["hermit:Strike_Hermit","hermit:Strike_Hermit","hermit:Strike_Hermit","hermit:Strike_Hermit","hermit:Defend_Hermit","hermit:Defend_Hermit","hermit:Defend_Hermit","hermit:Defend_Hermit","hermit:Snapshot+1","hermit:Covet","hermit:HoleUp","hermit:Desperado","hermit:LowProfile","hermit:TakeCover","hermit:LowProfile","hermit:Magnum","CurseOfTheBell","hermit:Strike_Hermit","hermit:Strike_Hermit","hermit:Strike_Hermit","hermit:Strike_Hermit","hermit:Defend_Hermit","hermit:Defend_Hermit","hermit:Defend_Hermit","hermit:Defend_Hermit","hermit:Snapshot+1","hermit:Covet","hermit:HoleUp","hermit:Desperado+1","hermit:LowProfile","hermit:TakeCover","hermit:LowProfile","Sentinel+1","hermit:Magnum","CurseOfTheBell","hermit:Quickdraw+1","Flame Barrier+1","Fiend Fire","hermit:GoldenBullet+1","hermit:Glare+1"],"relics":["hermit:Momento","hubris:DisguiseKit","hubris:Towel","TungstenRod","Sundial","StSpp:XCola","hubris:Metronome","Bronze Scales","Calling Bell","Anchor","Singing Bowl","Dead Branch","hubris:Spice","Whetstone","Turnip","StSpp:TwinEgg","Bag of Preparation","hubris:Backtick","StSpp:BackupBattery"],"acts_visited":["Exordium","TheCity","TheBeyond"],"potions_floor_usage":[20],"damage_taken":[{"damage":1.0,"enemies":"Cultist","floor":1.0,"turns":4.0},{"damage":5.0,"enemies":"2 Louse","floor":2.0,"turns":2.0},{"damage":17.0,"enemies":"conspire:MimicChest","floor":5.0,"turns":7.0},{"damage":0,"enemies":"Small Slimes","floor":11,"turns":3},{"damage":8,"enemies":"3 Sentries","floor":12,"turns":8},{"damage":0,"enemies":"Looter","floor":13,"turns":3},{"damage":0,"enemies":"Large Slime","floor":14,"turns":5},{"damage":30,"enemies":"The Guardian","floor":16,"turns":14},{"damage":25,"enemies":"conspire:FuzzyDice","floor":18,"turns":11},{"damage":9,"enemies":"Spheric Guardian","floor":20,"turns":3},{"damage":10,"enemies":"Snake Plant","floor":22,"turns":5},{"damage":8,"enemies":"3 Cultists","floor":25,"turns":6},{"damage":14,"enemies":"Cultist and Chosen","floor":27,"turns":7},{"damage":0,"enemies":"Colosseum Slavers","floor":28,"turns":3},{"damage":0,"enemies":"Colosseum Nobs","floor":28,"turns":5},{"damage":18,"enemies":"conspire:MysteriousRune","floor":33,"turns":14},{"damage":0,"enemies":"3 Shapes","floor":35,"turns":2},{"damage":1,"enemies":"Orb Walker","floor":36,"turns":4},{"damage":3,"enemies":"4 Shapes","floor":38,"turns":8},{"damage":29,"enemies":"Maw","floor":39,"turns":7},{"damage":146,"enemies":"Giant Head","floor":41,"turns":10}],"seed_played":"-2988211566558318820","potions_obtained":[{"floor":2.0,"key":"PowerPotion"},{"floor":12,"key":"Fire Potion"},{"floor":14,"key":"FearPotion"},{"floor":16,"key":"blueLaboratory:BottledHope"},{"floor":20,"key":"blueLaboratory:PhilterOfMotion"},{"floor":33,"key":"SteroidPotion"}],"is_trial":false,"path_per_floor":["M","M","T","?","?","T","T","R","T","R","M","E","M","M","R","B",null,"M","?","M","$","M","$","R","M","T","M","?","R","$","?","R","B",null,"M","M","?","M","M","R","E"],"character_chosen":"HERMIT","items_purchased":["hubris:Spice","hermit:Quickdraw"],"campfire_rested":4,"item_purchase_floors":[21,23],"current_hp_per_floor":[81,76,76,76,59,59,59,59,59,82,82,74,74,74,74,44,82,59,59,52,60,52,52,80,72,72,60,62,92,92,92,92,74,100,102,103,103,100,71,102,0,0],"gold":452,"neow_bonus":"TEN_PERCENT_HP_BONUS","is_daily":false,"chose_seed":false,"campfire_upgraded":3,"win_rate":0.0,"timestamp":1612966023,"path_taken":["M","M","?","?","?","?","?","R","T","R","?","E","M","M","R","BOSS","M","?","M","$","?","$","R","M","T","M","?","R","?","?","R","BOSS","M","M","?","M","M","R","E"],"items_purchased_type":["Relic","Card"],"build_version":"2020-12-22","purchased_purges":0,"victory":false,"max_hp_per_floor":[82,82,82,82,82,82,82,82,82,82,82,82,82,82,82,82,82,84,84,86,94,96,96,96,96,96,98,100,100,100,100,100,100,100,102,104,104,104,104,104,104,104],"relic_stats":{"Singing Bowl":14,"counters":[21,131],"Sundial":[10],"Bronze Scales":[258],"Dead Branch":[97],"Turnip":[35],"Bag of Preparation":[12],"Whetstone":["hermit:Desperado","hermit:Quickdraw"],"obtain_stats":[{"hubris:DisguiseKit":3,"hubris:Metronome":9,"Singing Bowl":17,"Dead Branch":17,"Bag of Preparation":31,"Whetstone":26,"hubris:Towel":4,"Calling Bell":17,"Anchor":17,"hubris:Backtick":34,"Sundial":6,"hubris:Spice":21,"Bronze Scales":12,"StSpp:TwinEgg":28,"Turnip":28,"StSpp:BackupBattery":34,"StSpp:XCola":7,"hermit:Momento":0,"TungstenRod":5},{"hubris:DisguiseKit":2,"hubris:Metronome":3,"Singing Bowl":8,"Dead Branch":8,"Bag of Preparation":15,"Whetstone":12,"hubris:Towel":2,"Calling Bell":8,"Anchor":8,"hubris:Backtick":16,"Sundial":3,"hubris:Spice":10,"Bronze Scales":5,"StSpp:TwinEgg":15,"Turnip":15,"StSpp:BackupBattery":16,"StSpp:XCola":3,"hermit:Momento":0,"TungstenRod":3},{"hubris:DisguiseKit":6,"hubris:Metronome":13,"Singing Bowl":46,"Dead Branch":46,"Bag of Preparation":86,"Whetstone":71,"hubris:Towel":6,"Calling Bell":46,"Anchor":46,"hubris:Backtick":100,"Sundial":13,"hubris:Spice":60,"Bronze Scales":24,"StSpp:TwinEgg":86,"Turnip":86,"StSpp:BackupBattery":100,"StSpp:XCola":13,"hermit:Momento":0,"TungstenRod":13}],"TungstenRod":80},"card_choices":[{"not_picked":["hermit:Midnight","hermit:LowProfile"],"picked":"hermit:HoleUp","floor":1.0},{"not_picked":["hermit:FlashPowder","hermit:Headshot"],"picked":"hermit:Desperado","floor":2.0},{"not_picked":["hermit:Ricochet","hermit:Glare","Clash"],"picked":"hermit:LowProfile","floor":5.0},{"not_picked":["hermit:Shortfuse","hermit:Ricochet","hubris:ReadiedAction"],"picked":"hermit:TakeCover","floor":11},{"not_picked":["hermit:CalledShot","hermit:Feint","hermit:BigShot","Headbutt"],"picked":"SKIP","floor":12},{"not_picked":["hermit:Headshot","hermit:Scavenge","conspire:Charge"],"picked":"hermit:LowProfile","floor":13},{"not_picked":["hermit:Malice","hermit:Roulette","hermit:HoleUp"],"picked":"Sentinel","floor":14},{"not_picked":["hermit:Purgatory","hermit:BlackWind","StSpp:Turnabout"],"picked":"hermit:Magnum","floor":16},{"not_picked":["hermit:HoleUp","hermit:Virtue+1","hermit:Deadeye","Warcry"],"picked":"Singing Bowl","floor":18},{"not_picked":["hermit:Vantage","hermit:PistolWhip+1","hermit:BlackWind","Dual Wield"],"picked":"Singing Bowl","floor":20},{"not_picked":["hermit:Deadeye","hermit:FlashPowder+1","hermit:Vantage","Power Through"],"picked":"Singing Bowl","floor":22},{"not_picked":["hermit:ItchyTrigger","hermit:SprayPray","hermit:Manifest"],"picked":"Flame Barrier","floor":25},{"not_picked":["hermit:Headshot","hermit:TrackingShot","hermit:WideOpen","Clash"],"picked":"Singing Bowl","floor":27},{"not_picked":["hermit:BodyArmor","hermit:Virtue","hermit:CursedWeapon+1","Wild Strike"],"picked":"Singing Bowl","floor":28},{"not_picked":["hermit:BlackWind","hermit:OverwhelmingPower","hermit:Magnum"],"picked":"Fiend Fire","floor":33},{"not_picked":["hermit:Horror","hermit:Coalescence","hermit:Ricochet+1","Anger"],"picked":"Singing Bowl","floor":35},{"not_picked":["hermit:Dive","hermit:DeadMansHand+1","hermit:Headshot","Warcry"],"picked":"Singing Bowl","floor":36},{"not_picked":["hermit:Gestalt","hermit:ItchyTrigger","Iron Wave"],"picked":"hermit:GoldenBullet+1","floor":38},{"not_picked":["hermit:Ricochet+1","hermit:Dive","Infernal Blade"],"picked":"hermit:Glare+1","floor":39}],"player_experience":342398,"relics_obtained":[{"floor":3.0,"key":"hubris:DisguiseKit"},{"floor":5.0,"key":"TungstenRod"},{"floor":6.0,"key":"Sundial"},{"floor":7,"key":"StSpp:XCola"},{"floor":9,"key":"hubris:Metronome"},{"floor":12,"key":"Bronze Scales"},{"floor":17,"key":"Anchor"},{"floor":17,"key":"Singing Bowl"},{"floor":17,"key":"Dead Branch"},{"floor":26,"key":"Whetstone"},{"floor":28,"key":"Turnip"},{"floor":28,"key":"StSpp:TwinEgg"}],"event_choices":[{"damage_healed":0,"gold_gain":0,"player_choice":"Fight","damage_taken":0,"max_hp_gain":0,"max_hp_loss":0,"event_name":"Colosseum","floor":28,"gold_loss":0},{"damage_healed":0,"gold_gain":0,"player_choice":"Fought Nobs","damage_taken":0,"max_hp_gain":0,"max_hp_loss":0,"event_name":"Colosseum","floor":28,"gold_loss":0},{"damage_healed":0,"gold_gain":0,"player_choice":"Opened","damage_taken":0,"relics_obtained":["Bag of Preparation"],"max_hp_gain":0,"max_hp_loss":0,"event_name":"The Mausoleum","floor":31,"gold_loss":0},{"cards_removed":["Sentinel"],"damage_healed":0,"gold_gain":0,"player_choice":"Removed Skill","damage_taken":0,"max_hp_gain":0,"max_hp_loss":0,"event_name":"Falling","floor":37,"gold_loss":0}],"is_beta":false,"boss_relics":[{"not_picked":["SacredBark","StSpp:Balance"],"picked":"Calling Bell"},{"not_picked":["conspire:SeveredTorchhead","Runic Dome"],"picked":"hubris:Backtick"}],"items_purged_floors":[],"is_endless":false,"potions_floor_spawned":[2,12,14,16,20,28,33,36,38],"killed_by":"Giant Head","ascension_level":0}}