{"host":"xp27heuvanyklt0b","time":1612968933,"event":{"mods":["100% Spire Juice","BaseMod","Lobotomy","Minty Spire (QoL Compilation)","StSLib"],"gold_per_floor":[110,9,9,9,34,34,0,0,27,27,68,105,131,143,155,288,300,337,370,382,412,438,450,377,389,401,413,425,362,8,28,28,28,28],"floor_reached":33,"language":"KOR","playtime":1595,"items_purged":["Writhe"],"score":268,"play_id":"885eb3fd-4d3b-46fd-994b-f7536d25097b","local_time":"20210210235533","is_ascension_mode":false,"campfire_choices":[],"circlet_count":0,"master_deck":["SpecialBullet","DisciplinaryCode","WelfareCode","ControlCode","Wingbeat","Harvest","RedEyes","Bloodbath","Ecstasy","CentralCode","VoidDream","LifeForTheDareDevil","Wellcheers","Beak","InformationCode","MHz","CrimsonScar","MeatLantern","ParadiseLost","SomewhereSpear","SecurityCode","Heaven","ShedSkin","DreamingCurrent","Hypocrisy","TrainingCode","Hornet","CENSORED","Diffraction"],"relics":["CogitoBucket","Mango","Golden Idol","Blood Vial","MawBank","Cursed Key","FleshIdol","Bird Faced Urn","Meat on the Bone"],"acts_visited":["Exordium","TheCity"],"potions_floor_usage":[],"damage_taken":[{"damage":11.0,"enemies":"Jaw Worm","floor":1.0,"turns":2.0},{"damage":5.0,"enemies":"2 Louse","floor":5.0,"turns":2.0},{"damage":26.0,"enemies":"Lagavulin","floor":11.0,"turns":5.0},{"damage":0.0,"enemies":"Small Slimes","floor":12.0,"turns":2.0},{"damage":0.0,"enemies":"3 Louse","floor":13.0,"turns":2.0},{"damage":29.0,"enemies":"The Guardian","floor":16.0,"turns":11.0},{"damage":20,"enemies":"3 Byrds","floor":18,"turns":2},{"damage":54,"enemies":"2 Thieves","floor":19,"turns":4},{"damage":14,"enemies":"Cultist and Chosen","floor":21,"turns":4},{"damage":6,"enemies":"Snecko","floor":22,"turns":3},{"damage":16,"enemies":"Centurion and Healer","floor":31,"turns":5},{"damage":82,"enemies":"Champ","floor":33,"turns":11}],"seed_played":"-2196544451809245931","potions_obtained":[{"floor":0.0,"key":"FairyPotion"},{"floor":0.0,"key":"BlessingOfTheForge"},{"floor":0.0,"key":"Energy Potion"},{"floor":21,"key":"Dexterity Potion"}],"is_trial":false,"path_per_floor":["M","$","?","?","M","R","?","R","T","R","E","M","M","?","R","B",null,"M","M","?","M","M","R","?","R","T","?","R","?","$","M","R","B"],"character_chosen":"Angela","items_purchased":["Harvest","RedEyes","Meat on the Bone","Hornet"],"campfire_rested":0,"item_purchase_floors":[2,2,30,30],"current_hp_per_floor":[59,59,61,61,56,56,56,56,56,56,33,35,37,63,63,45,78,58,6,6,31,36,36,36,36,36,36,36,36,36,64,64,53,53],"gold":28,"neow_bonus":"THREE_SMALL_POTIONS","is_daily":false,"chose_seed":false,"campfire_upgraded":0,"win_rate":0.0,"timestamp":1612968933,"path_taken":["M","$","?","?","M","R","?","R","T","R","E","M","M","?","R","BOSS","M","M","?","?","M","R","?","R","T","?","R","?","?","M","R","BOSS"],"items_purchased_type":["Card","Card","Relic","Card"],"build_version":"2020-12-22","purchased_purges":1,"victory":false,"max_hp_per_floor":[70,70,84,78,78,78,78,78,78,78,78,78,78,78,78,78,78,78,78,78,78,78,78,78,78,78,78,78,78,78,78,78,78,78],"card_choices":[{"not_picked":["Yin","CherryBlossoms"],"picked":"SpiderBud","floor":1.0},{"not_picked":["Lantern"],"picked":"Wingbeat","floor":1.0},{"not_picked":["MHz","ShyLook"],"picked":"Bloodbath","floor":5.0},{"not_picked":["Horn"],"picked":"Ecstasy","floor":5.0},{"not_picked":["Variant","FairyFestival"],"picked":"VoidDream","floor":11.0},{"not_picked":["Spore"],"picked":"LifeForTheDareDevil","floor":11.0},{"not_picked":["Murderer","PunishingBird"],"picked":"Wellcheers","floor":12.0},{"not_picked":["Noise"],"picked":"Beak","floor":12.0},{"not_picked":["LittleHelper","Murderer"],"picked":"MHz","floor":13.0},{"not_picked":["Noise"],"picked":"CrimsonScar","floor":13.0},{"not_picked":["ShyLook","NakedNest"],"picked":"MeatLantern","floor":16.0},{"not_picked":["DaCapo"],"picked":"ParadiseLost","floor":16.0},{"not_picked":["Regret_ego"],"picked":"SomewhereSpear","floor":18},{"not_picked":["Pleasure"],"picked":"Heaven","floor":19},{"not_picked":["Tough"],"picked":"ShedSkin","floor":21},{"not_picked":["Variant","CherryBlossoms"],"picked":"DreamingCurrent","floor":22},{"not_picked":["RapturousDream"],"picked":"Hypocrisy","floor":22},{"not_picked":["RedShoes","BigBadWolf"],"picked":"CENSORED","floor":31},{"not_picked":["MagicBullet"],"picked":"Diffraction","floor":31}],"player_experience":204235,"relics_obtained":[{"floor":9.0,"key":"Blood Vial"},{"floor":11.0,"key":"MawBank"}],"event_choices":[{"damage_healed":0.0,"max_hp_gain":0.0,"max_hp_loss":0.0,"gold_gain":0.0,"event_name":"Scrap Ooze","player_choice":"Success","floor":3.0,"gold_loss":0.0,"damage_taken":12.0,"relics_obtained":["Mango"]},{"damage_healed":0.0,"max_hp_gain":0.0,"max_hp_loss":6.0,"gold_gain":0.0,"event_name":"Golden Idol","player_choice":"Lose Max HP","floor":4.0,"gold_loss":0.0,"damage_taken":0.0,"relics_obtained":["Golden Idol"]},{"damage_healed":0.0,"max_hp_gain":0.0,"max_hp_loss":0.0,"gold_gain":0.0,"event_name":"World of Goop","player_choice":"Left Gold","floor":7.0,"gold_loss":34.0,"damage_taken":0.0},{"damage_healed":26.0,"max_hp_gain":0.0,"max_hp_loss":0.0,"gold_gain":0.0,"event_name":"Big Fish","player_choice":"Banana","floor":14.0,"gold_loss":0.0,"damage_taken":0.0},{"damage_healed":0,"gold_gain":0,"player_choice":"Ignored","damage_taken":0,"max_hp_gain":0,"max_hp_loss":0,"event_name":"NoteForYourself","floor":20,"gold_loss":0},{"damage_healed":0,"gold_gain":0,"player_choice":"Obtained Relic","damage_taken":0,"relics_obtained":["Bird Faced Urn"],"max_hp_gain":0,"max_hp_loss":0,"event_name":"Addict","floor":24,"gold_loss":85},{"damage_healed":0,"gold_gain":0,"player_choice":"Ignored","damage_taken":0,"max_hp_gain":0,"max_hp_loss":0,"event_name":"Ghosts","floor":27,"gold_loss":0},{"cards_removed":["SpiderBud"],"damage_healed":0,"gold_gain":0,"player_choice":"Gave Gold","damage_taken":0,"max_hp_gain":0,"max_hp_loss":0,"event_name":"Beggar","floor":29,"gold_loss":75}],"is_beta":false,"boss_relics":[{"not_picked":["Empty Cage","Astrolabe"],"picked":"Cursed Key"}],"items_purged_floors":[30],"is_endless":false,"potions_floor_spawned":[1,5,16,21,22],"killed_by":"Champ","ascension_level":0}}