{"host":"fj5i6t4nkss7815d","time":1612936301,"event":{"mods":["AchievementEnabler","BaseMod","Minty Spire (QoL Compilation)","Quick Restart","Relic Stats"],"gold_per_floor":[111,131,143,154,2,29,29,56,83,114,114,128,0,14,14,87,87,102,119,119,119,119,119,154,154,154,187,187,287,314,342,342,413,413,424,424,258,281,8,39,39,51,51,80,302,302,312,312,312,312],"floor_reached":51,"language":"ENG","playtime":3937,"items_purged":["Strike_B"],"score":1565,"play_id":"2ec6cc14-c49e-48b4-9753-5f2be6238561","local_time":"20210209215141","is_ascension_mode":true,"campfire_choices":[{"floor":7.0,"key":"REST"},{"floor":11.0,"key":"REST"},{"data":"Zap","floor":15.0,"key":"SMITH"},{"data":"Dualcast","floor":23.0,"key":"SMITH"},{"data":"Loop","floor":25.0,"key":"SMITH"},{"data":"White Noise","floor":28.0,"key":"SMITH"},{"floor":32.0,"key":"REST"},{"data":"Hologram","floor":41,"key":"SMITH"},{"data":"Madness","floor":49,"key":"SMITH"}],"circlet_count":0,"master_deck":["AscendersBane","Zap+1","Dualcast+1","Leap","Gash","White Noise+1","Beam Cell","All For One","Go for the Eyes","Core Surge","Scrape","Gash","FTL","Core Surge","Turbo","Go for the Eyes","Coolheaded+1","Cold Snap","Self Repair","Darkness","All For One","Beam Cell+1","Glacier+1","Loop+1","Sweeping Beam","Gash","CurseOfTheBell","Streamline","Rainbow","Chill+1","Blizzard","FTL","Hologram+1","Blizzard+1","Go for the Eyes+1","Madness+1"],"relics":["Cracked Core","Bottled Lightning","Orichalcum","Bronze Scales","Blood Vial","Pandora\u0027s Box","MutagenicStrength","Juzu Bracelet","Cables","Prayer Wheel","CaptainsWheel","Pantograph","Lantern","Red Mask","Calling Bell","Strawberry","Shuriken","Unceasing Top","Strange Spoon","Oddly Smooth Stone","Orrery","Blue Candle","HornCleat","War Paint"],"acts_visited":["Exordium","TheCity","TheBeyond"],"potions_floor_usage":[50],"damage_taken":[{"damage":2.0,"enemies":"Cultist","floor":1.0,"turns":4.0},{"damage":0.0,"enemies":"Jaw Worm","floor":2.0,"turns":3.0},{"damage":1.0,"enemies":"Small Slimes","floor":3.0,"turns":3.0},{"damage":0.0,"enemies":"Exordium Wildlife","floor":4.0,"turns":2.0},{"damage":26.0,"enemies":"Lagavulin","floor":6.0,"turns":6.0},{"damage":30.0,"enemies":"3 Sentries","floor":8.0,"turns":8.0},{"damage":20.0,"enemies":"Lagavulin","floor":10.0,"turns":6.0},{"damage":3.0,"enemies":"Blue Slaver","floor":12.0,"turns":3.0},{"damage":7.0,"enemies":"Large Slime","floor":14.0,"turns":3.0},{"damage":12.0,"enemies":"Hexaghost","floor":16.0,"turns":4.0},{"damage":2.0,"enemies":"Spheric Guardian","floor":18.0,"turns":3.0},{"damage":17.0,"enemies":"Shell Parasite","floor":19.0,"turns":3.0},{"damage":7.0,"enemies":"Slavers","floor":24.0,"turns":3.0},{"damage":12.0,"enemies":"Book of Stabbing","floor":27.0,"turns":2.0},{"damage":0.0,"enemies":"Colosseum Slavers","floor":29.0,"turns":2.0},{"damage":6.0,"enemies":"Colosseum Nobs","floor":29.0,"turns":3.0},{"damage":12.0,"enemies":"Gremlin Leader","floor":30.0,"turns":3.0},{"damage":0.0,"enemies":"Masked Bandits","floor":31.0,"turns":2.0},{"damage":1.0,"enemies":"Champ","floor":33.0,"turns":5.0},{"damage":11.0,"enemies":"3 Darklings","floor":35.0,"turns":3.0},{"damage":2,"enemies":"Giant Head","floor":40,"turns":6},{"damage":0,"enemies":"3 Shapes","floor":42,"turns":5},{"damage":1,"enemies":"Nemesis","floor":44,"turns":5},{"damage":1,"enemies":"3 Darklings","floor":47,"turns":3},{"damage":5,"enemies":"Awakened One","floor":50,"turns":6}],"seed_played":"-7086678234932699009","potions_obtained":[{"floor":1.0,"key":"SkillPotion"},{"floor":4.0,"key":"Regen Potion"},{"floor":10.0,"key":"CultistPotion"},{"floor":14.0,"key":"Swift Potion"},{"floor":16.0,"key":"EntropicBrew"},{"floor":24.0,"key":"Weak Potion"},{"floor":27.0,"key":"DuplicationPotion"},{"floor":29.0,"key":"Swift Potion"},{"floor":30.0,"key":"BlessingOfTheForge"},{"floor":31.0,"key":"Strength Potion"},{"floor":44,"key":"SkillPotion"}],"is_trial":false,"path_per_floor":["M","M","M","M","$","E","R","E","T","E","R","M","$","M","R","B",null,"M","M","$","?","?","R","E","R","T","E","R","?","E","?","R","B",null,"M","?","$","T","$","E","R","M","T","E","?","?","M","?","R","B",null],"character_chosen":"DEFECT","items_purchased":["All For One","Gash","Strange Spoon","Fruit Juice","Orrery"],"campfire_rested":3,"item_purchase_floors":[5,13,37,39,39],"current_hp_per_floor":[69,69,68,68,68,42,65,50,50,30,53,52,52,47,47,37,68,75,67,67,67,67,67,62,62,62,52,52,50,40,49,72,77,85,74,74,74,74,79,79,79,88,88,90,90,90,89,89,89,85],"gold":312,"neow_bonus":"TEN_PERCENT_HP_BONUS","is_daily":false,"chose_seed":false,"campfire_upgraded":6,"win_rate":0.0,"timestamp":1612936301,"path_taken":["M","M","M","M","$","E","R","E","T","E","R","M","$","M","R","BOSS","M","M","?","?","?","R","E","R","T","E","R","?","E","?","R","BOSS","M","?","$","?","$","E","R","M","T","E","?","?","M","?","R","BOSS"],"items_purchased_type":["Card","Card","Relic","Potion","Relic"],"build_version":"2020-12-22","purchased_purges":1,"victory":true,"max_hp_per_floor":[78,78,78,78,78,78,78,78,78,78,78,78,78,78,78,78,78,78,78,78,78,78,78,78,78,78,78,78,78,78,78,78,78,85,85,85,85,85,90,90,90,90,90,90,90,90,90,90,90,90],"relic_stats":{"counters":[25,96],"Blue Candle":[3],"Juzu Bracelet":1,"Orichalcum":[162],"War Paint":["Glacier","Coolheaded"],"Cables":[34,13,20,1,0],"Blood Vial":28,"Strange Spoon":[17],"Shuriken":[26],"Bronze Scales":[160],"Pantograph":7,"Pandora\u0027s Box":["Turbo","Go for the Eyes","Coolheaded","Cold Snap","Self Repair","Darkness","All For One"],"Prayer Wheel":3,"obtain_stats":[{"Lantern":30,"Blue Candle":40,"Oddly Smooth Stone":38,"Juzu Bracelet":24,"Orichalcum":8,"War Paint":44,"Cables":26,"Blood Vial":10,"Calling Bell":34,"Strange Spoon":37,"CaptainsWheel":29,"HornCleat":43,"Shuriken":34,"Bronze Scales":9,"MutagenicStrength":21,"Pantograph":29,"Strawberry":34,"Orrery":39,"Pandora\u0027s Box":17,"Prayer Wheel":27,"Red Mask":31,"Bottled Lightning":6,"Cracked Core":0,"Unceasing Top":34},{"Lantern":17,"Blue Candle":21,"Oddly Smooth Stone":20,"Juzu Bracelet":13,"Orichalcum":6,"War Paint":23,"Cables":13,"Blood Vial":7,"Calling Bell":19,"Strange Spoon":20,"CaptainsWheel":16,"HornCleat":22,"Shuriken":19,"Bronze Scales":6,"MutagenicStrength":12,"Pantograph":16,"Strawberry":19,"Orrery":20,"Pandora\u0027s Box":10,"Prayer Wheel":14,"Red Mask":18,"Bottled Lightning":5,"Cracked Core":0,"Unceasing Top":19},{"Lantern":61,"Blue Candle":77,"Oddly Smooth Stone":71,"Juzu Bracelet":51,"Orichalcum":26,"War Paint":87,"Cables":51,"Blood Vial":32,"Calling Bell":68,"Strange Spoon":71,"CaptainsWheel":58,"HornCleat":82,"Shuriken":68,"Bronze Scales":26,"MutagenicStrength":48,"Pantograph":58,"Strawberry":68,"Orrery":71,"Pandora\u0027s Box":42,"Prayer Wheel":53,"Red Mask":63,"Bottled Lightning":18,"Cracked Core":0,"Unceasing Top":68}],"Unceasing Top":[19]},"card_choices":[{"not_picked":["Turbo","Rebound"],"picked":"Leap","floor":1.0},{"not_picked":["Conserve Battery","Redo"],"picked":"Gash","floor":2.0},{"not_picked":["Capacitor","Steam"],"picked":"White Noise","floor":3.0},{"not_picked":["Steam","Leap"],"picked":"Beam Cell","floor":4.0},{"not_picked":["Beam Cell","Compile Driver"],"picked":"Go for the Eyes","floor":6.0},{"not_picked":["Chill","Steam"],"picked":"Core Surge","floor":8.0},{"not_picked":["Compile Driver","Stack"],"picked":"Scrape","floor":10.0},{"not_picked":["Ball Lightning","Redo","Turbo"],"picked":"SKIP","floor":12.0},{"not_picked":["Go for the Eyes","Rebound"],"picked":"FTL","floor":14.0},{"not_picked":["Machine Learning","Biased Cognition"],"picked":"Core Surge","floor":16.0},{"not_picked":["Sweeping Beam","Turbo"],"picked":"Beam Cell+1","floor":18.0},{"not_picked":["Heatsinks","Conserve Battery"],"picked":"Glacier","floor":19.0},{"not_picked":["Darkness","Storm"],"picked":"Loop","floor":24.0},{"not_picked":["Barrage","Self Repair"],"picked":"Sweeping Beam","floor":27.0},{"not_picked":["Blizzard","Conserve Battery"],"picked":"Gash","floor":29.0},{"not_picked":["Sunder","Darkness","Sweeping Beam"],"picked":"SKIP","floor":30.0},{"not_picked":["Fission","Creative AI"],"picked":"Electrodynamics","floor":33.0},{"not_picked":["Hyperbeam","Compile Driver"],"picked":"Streamline","floor":35.0},{"not_picked":["Gash","Conserve Battery","Defragment"],"picked":"SKIP","floor":35.0},{"not_picked":["Double Energy","Compile Driver"],"picked":"Chill+1","floor":39.0},{"not_picked":["Beam Cell","Rebound"],"picked":"Blizzard","floor":39.0},{"not_picked":["Stack+1","Redo"],"picked":"FTL","floor":39.0},{"not_picked":["Skim","Rainbow"],"picked":"Hologram","floor":39.0},{"not_picked":["Steam+1","Cold Snap"],"picked":"Blizzard+1","floor":40},{"not_picked":["Rebound","Barrage","Hello World"],"picked":"SKIP","floor":42},{"not_picked":["Compile Driver","Barrage","Heatsinks"],"picked":"SKIP","floor":42},{"not_picked":["Rebound","Barrage","Hello World"],"picked":"SKIP","floor":42},{"not_picked":["Compile Driver","Barrage","Heatsinks"],"picked":"SKIP","floor":42},{"not_picked":["Coolheaded","Reinforced Body","Reprogram"],"picked":"SKIP","floor":44},{"not_picked":["Storm","Darkness"],"picked":"Go for the Eyes+1","floor":47},{"not_picked":["Compile Driver","Self Repair","Conserve Battery"],"picked":"SKIP","floor":47},{"not_picked":["The Bomb","Bandage Up"],"picked":"Madness","floor":48}],"player_experience":1028234,"relics_obtained":[{"floor":6.0,"key":"Bottled Lightning"},{"floor":8.0,"key":"Orichalcum"},{"floor":9.0,"key":"Bronze Scales"},{"floor":10.0,"key":"Blood Vial"},{"floor":24.0,"key":"Juzu Bracelet"},{"floor":26.0,"key":"Cables"},{"floor":27.0,"key":"Prayer Wheel"},{"floor":29.0,"key":"CaptainsWheel"},{"floor":29.0,"key":"Pantograph"},{"floor":30.0,"key":"Lantern"},{"floor":31.0,"key":"Red Mask"},{"floor":34.0,"key":"Strawberry"},{"floor":34.0,"key":"Shuriken"},{"floor":34.0,"key":"Unceasing Top"},{"floor":38.0,"key":"Oddly Smooth Stone"},{"floor":40,"key":"Blue Candle"},{"floor":43,"key":"HornCleat"},{"floor":44,"key":"War Paint"}],"event_choices":[{"damage_healed":0.0,"max_hp_gain":0.0,"max_hp_loss":0.0,"gold_gain":0.0,"event_name":"Drug Dealer","player_choice":"Inject Mutagens","floor":21.0,"gold_loss":0.0,"damage_taken":0.0,"relics_obtained":["MutagenicStrength"]},{"damage_healed":0.0,"max_hp_gain":0.0,"max_hp_loss":0.0,"gold_gain":0.0,"event_name":"Beggar","player_choice":"Ignored","floor":22.0,"gold_loss":0.0,"damage_taken":0.0},{"damage_healed":0.0,"max_hp_gain":0.0,"max_hp_loss":0.0,"gold_gain":0.0,"event_name":"Colosseum","player_choice":"Fight","floor":29.0,"gold_loss":0.0,"damage_taken":0.0},{"damage_healed":0.0,"max_hp_gain":0.0,"max_hp_loss":0.0,"gold_gain":0.0,"event_name":"Colosseum","player_choice":"Fought Nobs","floor":29.0,"gold_loss":0.0,"damage_taken":0.0},{"damage_healed":0.0,"max_hp_gain":0.0,"max_hp_loss":0.0,"gold_gain":0.0,"event_name":"Masked Bandits","player_choice":"Fought Bandits","floor":31.0,"gold_loss":0.0,"damage_taken":0.0},{"damage_healed":0.0,"max_hp_gain":0.0,"max_hp_loss":0.0,"gold_gain":0.0,"event_name":"Match and Keep!","player_choice":"1 cards matched","floor":36.0,"gold_loss":0.0,"damage_taken":0.0,"cards_obtained":["Rainbow"]},{"damage_healed":0,"gold_gain":222,"player_choice":"Wore Mask","damage_taken":0,"max_hp_gain":0,"max_hp_loss":0,"event_name":"Tomb of Lord Red Mask","floor":45,"gold_loss":0},{"cards_removed":["Electrodynamics"],"damage_healed":0,"gold_gain":0,"player_choice":"Removed Power","damage_taken":0,"max_hp_gain":0,"max_hp_loss":0,"event_name":"Falling","floor":46,"gold_loss":0},{"damage_healed":0,"gold_gain":0,"player_choice":"Memory 1","damage_taken":0,"max_hp_gain":0,"max_hp_loss":0,"event_name":"SensoryStone","floor":48,"gold_loss":0}],"is_beta":false,"boss_relics":[{"not_picked":["Velvet Choker","Nuclear Battery"],"picked":"Pandora\u0027s Box"},{"not_picked":["SacredBark","Black Star"],"picked":"Calling Bell"}],"items_purged_floors":[13],"is_endless":false,"potions_floor_spawned":[1,4,10,14,16,24,27,29,30,31,44],"ascension_level":19}}