{"host":"fvfv74rwxn7g5wli","time":1612980550,"event":{"mods":["BaseMod","Better Third Choice","Colored Powertips","DeckTracker","Downfall","GifTheSpireLib","Minty Spire (QoL Compilation)","Potionbrewer","Quick Restart","Reliquary","StSLib"],"gold_per_floor":[109,109,120,120,132,132,132,142,211,211,211,211,211,221,221,317,317,336,356,356,369,273,273,273,273,273,273,131,91,106,106,106,208,208,219,67,116,116,38,38,38,38,107,107,77,87,120,120,120,120],"floor_reached":51,"language":"ENG","playtime":1307,"items_purged":[],"score":757,"play_id":"3715a781-9b1e-41e3-9c5a-3a6ea2466a06","local_time":"20210210100910","daily_mods":["SealedDeck","Specialized","Vintage","Heirloom","Time Dilation","Flight"],"is_ascension_mode":false,"campfire_choices":[{"data":"Darkness","floor":6,"key":"SMITH"},{"data":"Fusion","floor":7,"key":"SMITH"},{"data":"Coolheaded","floor":11,"key":"SMITH"},{"data":"Aggregate","floor":12,"key":"SMITH"},{"data":"Static Discharge","floor":13,"key":"SMITH"},{"data":"FTL","floor":15,"key":"SMITH"},{"data":"FTL","floor":23,"key":"SMITH"},{"data":"FTL","floor":24,"key":"SMITH"},{"data":"FTL","floor":25,"key":"SMITH"},{"data":"FTL","floor":27,"key":"SMITH"},{"data":"Beam Cell","floor":32,"key":"SMITH"},{"data":"Electrodynamics","floor":40,"key":"SMITH"},{"data":"Gash","floor":41,"key":"SMITH"},{"data":"Gash","floor":42,"key":"SMITH"},{"data":"Go for the Eyes","floor":44,"key":"SMITH"},{"data":"Loop","floor":49,"key":"SMITH"}],"circlet_count":0,"master_deck":["FTL+1","FTL+1","FTL+1","FTL+1","FTL+1","Aggregate+1","Beam Cell+1","Darkness+1","Fusion+1","Coolheaded+1","Static Discharge+1","Gash+1","Double Energy+1","Biased Cognition+1","White Noise+1","Storm+1","Go for the Eyes+1","Gash+1","Double Energy+1","Electrodynamics+1","Barrage+1","Loop+1"],"relics":["Cracked Core","Torii","Orichalcum","Potion Belt","MealTicket","Eternal Feather","reliquary:TridentHead","Art of War","Ancient Tea Set","Astrolabe","Slimebound:PreparedRelic","Bottled Lightning","reliquary:TuningFork","reliquary:Knoch","potionbrewer:MortarAndPestle","Lizard Tail","Inserter","champ:DuelingGlove","Membership Card","potionbrewer:DrinkingBird","Runic Capacitor","Bottled Tornado","The Courier","Dead Branch","Happy Flower"],"acts_visited":["Exordium","TheCity","TheBeyond"],"potions_floor_usage":[33,50,50,50,50,50],"damage_taken":[{"damage":1,"enemies":"2 Louse","floor":1,"turns":2},{"damage":0,"enemies":"Cultist","floor":3,"turns":2},{"damage":1,"enemies":"Jaw Worm","floor":5,"turns":2},{"damage":0,"enemies":"Red Slaver","floor":8,"turns":1},{"damage":0,"enemies":"Exordium Wildlife","floor":14,"turns":2},{"damage":32,"enemies":"The Guardian","floor":16,"turns":5},{"damage":1,"enemies":"Spheric Guardian","floor":18,"turns":2},{"damage":18,"enemies":"Shell Parasite","floor":19,"turns":3},{"damage":18,"enemies":"Snecko","floor":21,"turns":3},{"damage":0,"enemies":"Snake Plant","floor":30,"turns":2},{"damage":26,"enemies":"Collector","floor":33,"turns":4},{"damage":1,"enemies":"3 Darklings","floor":35,"turns":2},{"damage":16,"enemies":"2 Orb Walkers","floor":37,"turns":2},{"damage":0,"enemies":"Orb Walker","floor":46,"turns":2},{"damage":0,"enemies":"Reptomancer","floor":47,"turns":3},{"damage":10,"enemies":"Awakened One","floor":50,"turns":4}],"seed_played":"-5618128180136016659","potions_obtained":[{"floor":16,"key":"Fire Potion"},{"floor":19,"key":"hexamod:SoulburnPotion"},{"floor":30,"key":"GamblersBrew"},{"floor":37,"key":"champ:CounterPotion"},{"floor":45,"key":"potionbrewer:CleansingPotion"},{"floor":45,"key":"LiquidBronze"}],"is_trial":true,"path_per_floor":["M","?","M","?","M","R","R","M","T","T","R","R","R","M","R","B",null,"M","M","?","M","$","R","R","R","T","R","$","?","M","?","R","B",null,"M","$","?","$","$","R","R","R","T","R","?","M","E","T","R","B",null],"character_chosen":"DEFECT","items_purchased":["Go for the Eyes","Gash","Double Energy","potionbrewer:QuicksilverPotion","Membership Card","Runic Capacitor"],"campfire_rested":0,"item_purchase_floors":[22,22,28,28,36,39],"current_hp_per_floor":[74,75,75,75,74,74,74,74,74,74,75,75,75,75,75,43,75,74,56,56,38,53,62,71,75,75,75,75,75,75,75,75,49,75,74,75,59,74,75,75,75,75,75,75,75,75,75,75,75,65],"gold":120,"neow_bonus":"","is_daily":false,"chose_seed":false,"campfire_upgraded":16,"win_rate":0.0,"timestamp":1612980550,"path_taken":["M","?","?","?","M","R","R","?","T","?","R","R","R","M","R","BOSS","M","M","?","?","$","R","R","R","T","R","$","?","?","?","R","BOSS","M","$","?","$","$","R","R","R","T","R","?","?","E","?","R","BOSS"],"items_purchased_type":["Card","Card","Card","Potion","Relic","Relic"],"build_version":"2020-12-22","purchased_purges":0,"victory":true,"max_hp_per_floor":[75,75,75,75,75,75,75,75,75,75,75,75,75,75,75,75,75,75,75,75,75,75,75,75,75,75,75,75,75,75,75,75,75,75,75,75,75,75,75,75,75,75,75,75,75,75,75,75,75,75],"card_choices":[{"not_picked":["Meteor Strike","Seek"],"picked":"Reboot","floor":16},{"not_picked":["Meteor Strike","Creative AI"],"picked":"Electrodynamics","floor":33},{"not_picked":["Turbo+1","Undo"],"picked":"Barrage+1","floor":37},{"not_picked":["Leap","Heatsinks+1"],"picked":"Loop","floor":47}],"player_experience":103958,"relics_obtained":[{"floor":1,"key":"Orichalcum"},{"floor":3,"key":"Potion Belt"},{"floor":5,"key":"MealTicket"},{"floor":8,"key":"Eternal Feather"},{"floor":9,"key":"reliquary:TridentHead"},{"floor":10,"key":"Art of War"},{"floor":14,"key":"Ancient Tea Set"},{"floor":18,"key":"Slimebound:PreparedRelic"},{"floor":19,"key":"Bottled Lightning"},{"floor":21,"key":"reliquary:Knoch"},{"floor":26,"key":"potionbrewer:MortarAndPestle"},{"floor":30,"key":"Lizard Tail"},{"floor":35,"key":"champ:DuelingGlove"},{"floor":37,"key":"potionbrewer:DrinkingBird"},{"floor":43,"key":"Bottled Tornado"},{"floor":46,"key":"The Courier"},{"floor":47,"key":"Dead Branch"},{"floor":48,"key":"Happy Flower"}],"event_choices":[{"damage_healed":1,"gold_gain":0,"player_choice":"Full Heal","damage_taken":0,"max_hp_gain":0,"max_hp_loss":0,"event_name":"Wheel of Change","floor":2,"gold_loss":0},{"damage_healed":0,"gold_gain":0,"player_choice":"Forge","damage_taken":0,"max_hp_gain":0,"max_hp_loss":0,"event_name":"Accursed Blacksmith","floor":4,"gold_loss":0,"cards_upgraded":["Double Energy"]},{"damage_healed":0,"gold_gain":0,"player_choice":"Gave Potion","damage_taken":0,"relics_obtained":["reliquary:TuningFork"],"max_hp_gain":0,"max_hp_loss":0,"event_name":"WeMeetAgain","floor":20,"gold_loss":0},{"damage_healed":0,"gold_gain":0,"player_choice":"Upgrade","damage_taken":0,"max_hp_gain":0,"max_hp_loss":0,"event_name":"Designer","floor":29,"gold_loss":40,"cards_upgraded":["Double Energy"]},{"damage_healed":0,"gold_gain":0,"player_choice":"Ignored","damage_taken":0,"max_hp_gain":0,"max_hp_loss":0,"event_name":"The Mausoleum","floor":31,"gold_loss":0},{"damage_healed":0,"gold_gain":0,"player_choice":"Fight","damage_taken":0,"max_hp_gain":0,"max_hp_loss":0,"event_name":"Mysterious Sphere","floor":37,"gold_loss":0},{"damage_healed":0,"gold_gain":0,"player_choice":"Bought 2 Potions","damage_taken":0,"max_hp_gain":0,"max_hp_loss":0,"event_name":"The Woman in Blue","floor":45,"gold_loss":0}],"is_beta":false,"boss_relics":[{"not_picked":["reliquary:Ember","reliquary:Craggleroot"],"picked":"Astrolabe"},{"not_picked":["expansioncontent:StudyCardRelic","Cursed Key"],"picked":"Inserter"}],"items_purged_floors":[],"is_endless":false,"potions_floor_spawned":[16,19,21,30,37,46,47],"ascension_level":0}}