{"host":"1vy6j31128f61x2z","time":1612974529,"event":{"mods":["AchievementEnabler","BaseMod","Colored Powertips","Minty Spire (QoL Compilation)","Permanent Neow"],"gold_per_floor":[117,131,131,145,70,70,104,104,150,150,190,211,286,311,311,311,311],"floor_reached":16,"language":"ENG","playtime":665,"items_purged":["Injury"],"score":121,"play_id":"bbc6118b-b568-4f2d-b23b-4c38a51c7a08","local_time":"20210210112849","is_ascension_mode":true,"campfire_choices":[{"data":"Eruption","floor":6.0,"key":"SMITH"},{"data":"Prostrate","floor":10.0,"key":"SMITH"},{"data":"Consecrate","floor":15,"key":"SMITH"}],"circlet_count":0,"master_deck":["Strike_P","Strike_P","Strike_P","Strike_P","Defend_P","Defend_P","Defend_P","Defend_P","Eruption+1","Vigilance","CurseOfTheBell","Consecrate+1","Meditate","Prostrate+1","Worship","Regret","Judgement","Indignation","InnerPeace"],"relics":["Calling Bell","Bronze Scales","Darkstone Periapt","Incense Burner","Golden Idol","Happy Flower","Pen Nib","Anchor","Gremlin Horn"],"acts_visited":["Exordium"],"potions_floor_usage":[],"damage_taken":[{"damage":2.0,"enemies":"Cultist","floor":1.0,"turns":3.0},{"damage":4.0,"enemies":"Jaw Worm","floor":2.0,"turns":3.0},{"damage":0.0,"enemies":"2 Louse","floor":4.0,"turns":2.0},{"damage":9.0,"enemies":"Lagavulin","floor":7.0,"turns":7.0},{"damage":25,"enemies":"Gremlin Nob","floor":11,"turns":5},{"damage":0,"enemies":"2 Fungi Beasts","floor":12,"turns":3},{"damage":7,"enemies":"Gremlin Gang","floor":14,"turns":3},{"damage":34,"enemies":"Slime Boss","floor":16,"turns":6}],"seed_played":"291147137363914483","potions_obtained":[{"floor":1.0,"key":"EssenceOfSteel"},{"floor":2.0,"key":"StancePotion"},{"floor":12,"key":"EssenceOfSteel"}],"is_trial":false,"path_per_floor":["M","M","?","M","$","R","E","?","T","R","E","M","?","M","R","B"],"character_chosen":"WATCHER","items_purchased":[],"campfire_rested":0,"item_purchase_floors":[],"current_hp_per_floor":[70,66,72,72,72,72,63,69,69,69,44,44,33,26,26,0,0],"gold":311,"neow_bonus":"BOSS_RELIC","is_daily":false,"chose_seed":false,"campfire_upgraded":3,"win_rate":0.0,"timestamp":1612974529,"path_taken":["M","M","?","M","$","R","E","?","T","R","E","M","?","M","R","BOSS"],"items_purchased_type":[],"build_version":"2020-12-22","purchased_purges":1,"victory":false,"max_hp_per_floor":[72,72,78,78,78,78,78,84,84,84,84,84,84,84,84,84,84],"card_choices":[{"not_picked":["Swivel","CutThroughFate"],"picked":"Consecrate","floor":1.0},{"not_picked":["Evaluate","WaveOfTheHand"],"picked":"Meditate","floor":2.0},{"not_picked":["Wallop","Consecrate"],"picked":"Prostrate","floor":4.0},{"not_picked":["Alpha","EmptyBody"],"picked":"Worship","floor":7.0},{"not_picked":["Protect","ThirdEye"],"picked":"Judgement","floor":11},{"not_picked":["CrushJoints","Evaluate"],"picked":"Indignation","floor":12},{"not_picked":["ForeignInfluence","SignatureMove"],"picked":"InnerPeace","floor":14}],"player_experience":32910,"relics_obtained":[{"floor":0.0,"key":"Bronze Scales"},{"floor":0.0,"key":"Darkstone Periapt"},{"floor":0.0,"key":"Incense Burner"},{"floor":7.0,"key":"Happy Flower"},{"floor":9.0,"key":"Anchor"},{"floor":11,"key":"Gremlin Horn"}],"event_choices":[{"damage_healed":0.0,"max_hp_gain":0.0,"max_hp_loss":0.0,"gold_gain":0.0,"event_name":"Golden Idol","player_choice":"Take Wound","floor":3.0,"gold_loss":0.0,"damage_taken":0.0,"relics_obtained":["Golden Idol"],"cards_obtained":["Injury"]},{"damage_healed":0.0,"max_hp_gain":0.0,"max_hp_loss":0.0,"gold_gain":0.0,"event_name":"Big Fish","player_choice":"Box","floor":8.0,"gold_loss":0.0,"damage_taken":0.0,"relics_obtained":["Pen Nib"],"cards_obtained":["Regret"]},{"damage_healed":0,"gold_gain":75,"player_choice":"Gather Gold","damage_taken":11,"max_hp_gain":0,"max_hp_loss":0,"event_name":"World of Goop","floor":13,"gold_loss":0}],"is_beta":false,"boss_relics":[],"items_purged_floors":[5],"is_endless":false,"potions_floor_spawned":[1,2,12],"killed_by":"Slime Boss","ascension_level":2}}