{"host":"2rpmugjymkzf2dsd","time":1612920630,"event":{"mods":["Ascension Reborn","BaseMod","Colored Map","Colored Powertips","Downfall","Marisa（霧雨　魔理沙）","Minty Spire (QoL Compilation)","Replay The Spire","StSLib","The Cursed","The Disciple","The Hierophant","The Poker Player","The Saiyan","The Servant 0.9.4"],"gold_per_floor":[116,128,53,153,165,192,192,192,216,216,216,232,232,244,244,244,244],"floor_reached":16,"language":"ZHS","playtime":1530,"items_purged":["Defend_S"],"score":100,"play_id":"b5b96cee-66d5-43fe-966e-037c35582eb9","local_time":"20210210093030","is_ascension_mode":true,"campfire_choices":[{"floor":10,"key":"REST"},{"floor":13,"key":"REST"},{"floor":15,"key":"REST"}],"circlet_count":0,"master_deck":["Strike_S","Strike_S","Strike_S","Strike_S","Defend_S","Defend_S","Defend_S","KidneyShot","Exchange","Rearm","Foresight","Replace","Parasite","Collapse","Barrier"],"relics":["Uniform","NeowsBlessing","Juzu Bracelet","Replay:Wax Seal","Pear"],"acts_visited":["Exordium"],"potions_floor_usage":[6,16],"damage_taken":[{"damage":0,"enemies":"Jaw Worm","floor":1,"turns":1},{"damage":0,"enemies":"Cultist","floor":2,"turns":1},{"damage":0,"enemies":"2 Louse","floor":5,"turns":1},{"damage":58,"enemies":"Lagavulin","floor":6,"turns":12},{"damage":18,"enemies":"Blue Slaver","floor":12,"turns":6},{"damage":19,"enemies":"3 Louse","floor":14,"turns":3},{"damage":59,"enemies":"Hexaghost","floor":16,"turns":19}],"seed_played":"7692295865485888354","potions_obtained":[{"floor":1,"key":"Block Potion"},{"floor":6,"key":"BlessingOfTheForge"}],"is_trial":false,"path_per_floor":["M","M","$","?","M","E","?","?","T","R","T","M","R","M","R","B"],"character_chosen":"THE_SERVANT","items_purchased":[],"campfire_rested":3,"item_purchase_floors":[],"current_hp_per_floor":[65,65,65,65,65,7,7,23,23,42,52,34,56,37,59,0,0],"gold":244,"neow_bonus":"THREE_ENEMY_KILL","is_daily":false,"chose_seed":false,"campfire_upgraded":0,"win_rate":0.0,"timestamp":1612920630,"path_taken":["M","M","$","?","?","E","?","?","T","R","?","M","R","M","R","BOSS"],"items_purchased_type":[],"build_version":"2020-12-22","purchased_purges":1,"victory":false,"max_hp_per_floor":[65,65,65,65,65,65,65,65,65,65,75,75,75,75,75,75,75],"card_choices":[{"not_picked":["Barrier","Alleviate","Misdirection"],"picked":"SKIP","floor":1},{"not_picked":["BestPractice","BottledTime"],"picked":"Rearm","floor":2},{"not_picked":["DoubleEdge","BestPractice"],"picked":"Foresight","floor":5},{"not_picked":["Unruled","Rewind"],"picked":"Replace","floor":6},{"not_picked":["Replace","Gouge"],"picked":"Collapse","floor":12},{"not_picked":["ShatteredReality","FastForward"],"picked":"Barrier","floor":14}],"player_experience":114432,"relics_obtained":[{"floor":6,"key":"Juzu Bracelet"},{"floor":9,"key":"Replay:Wax Seal"},{"floor":11,"key":"Pear"}],"event_choices":[{"damage_healed":0,"gold_gain":100,"player_choice":"Pray","damage_taken":0,"max_hp_gain":0,"max_hp_loss":0,"event_name":"Golden Shrine","floor":4,"gold_loss":0},{"damage_healed":0,"gold_gain":0,"player_choice":"Ignored","damage_taken":0,"max_hp_gain":0,"max_hp_loss":0,"event_name":"Liars Game","floor":7,"gold_loss":0},{"damage_healed":16,"gold_gain":0,"player_choice":"Healed and dodged fight","damage_taken":0,"max_hp_gain":0,"max_hp_loss":0,"event_name":"Mushrooms","floor":8,"gold_loss":0,"cards_obtained":["Parasite"]}],"is_beta":false,"boss_relics":[],"items_purged_floors":[3],"is_endless":false,"potions_floor_spawned":[1,6],"killed_by":"Hexaghost","ascension_level":0}}