{"host":"fnndj664xgd3vavt","time":1612971895,"event":{"mods":["AchievementEnabler","BaseMod","Colored Powertips","DeckTracker","Downfall","Highlight Path","Infinite Spire","Marisa????????","Minty Spire (QoL Compilation)","Quick Restart","Random Character Button","Replay The Spire","StSLib","The Servant 0.9.4"],"gold_per_floor":[199,261,261,281,299,299,325,225,243,253,284,300,328,328,338,439,439,439,439,453,453,453,472,498,398,429,442,342,361,361,377,395,496,496,496,506,131,141,141,159,159,169,189,189,189,189],"floor_reached":44,"language":"ENG","playtime":2339,"items_purged":["Slimebound:Defend_Slimebound"],"score":494,"play_id":"f64a23ce-482f-483e-9b99-eca4decef10e","local_time":"20210210104455","is_ascension_mode":false,"campfire_choices":[{"data":"Slimebound:Split","floor":1.0,"key":"SMITH"},{"floor":8.0,"key":"REST"},{"floor":18.0,"key":"RECALL"},{"floor":25,"key":"REST"},{"data":"Slimebound:SlimeBarrage","floor":28,"key":"SMITH"},{"floor":30,"key":"REST"},{"data":"Slimebound:MinionMaster","floor":35,"key":"SMITH"}],"circlet_count":0,"master_deck":["Slimebound:Strike_Slimebound","Slimebound:Strike_Slimebound","Slimebound:Strike_Slimebound","Slimebound:Defend_Slimebound","Slimebound:Defend_Slimebound","Slimebound:Defend_Slimebound","Slimebound:Split+1","Slimebound:CorrosiveSpit","Slimebound:TongueLash+1","Slimebound:LeechingTouch","Slimebound:HauntingLick","Slimebound:Schlurp","Slimebound:HauntingLick","Slimebound:SplitLeeching+1","Slimebound:MassRepurpose+1","CurseOfTheBell","Slimebound:Schlurp+1","Slimebound:LevelUp","Slimebound:Split+1","Slimebound:SamplingLick+1","Slimebound:SplitSpecialist+1","Slimebound:SlimeBarrage+1","Slimebound:SplitMire+1","Slimebound:SlimeTap+1","Slimebound:Repurpose+1","Slimebound:WasteNot+1","Slimebound:MinionMaster+1","Slimebound:SplitBruiser+1","Slimebound:SplitMire+1","Slimebound:LeadByExample","Slimebound:Repurpose+1","Slimebound:LeechingTouch"],"relics":["Slimebound:AbsorbEndCombat","Sundial","downfall:HeartBlessingBlue","Oddly Smooth Stone","Toxic Egg 2","Calling Bell","Boot","ReplayTheSpireMod:Shallot","Replay:PocketPolymizer","Blue Doll","downfall:HeartBlessingRed","infinitespire:Broken Mirror","downfall:HeartBlessingGreen","Black Star","Pantograph","Pear"],"acts_visited":["Exordium","TheCity","TheBeyond"],"potions_floor_usage":[29,32,33,38,42,42,43,44],"damage_taken":[{"damage":53.0,"enemies":"Lagavulin Event","floor":2.0,"turns":7.0},{"damage":6.0,"enemies":"Jaw Worm","floor":4.0,"turns":3.0},{"damage":5.0,"enemies":"2 Louse","floor":5.0,"turns":3.0},{"damage":0.0,"enemies":"Small Slimes","floor":9.0,"turns":4.0},{"damage":16.0,"enemies":"Red Slaver","floor":10.0,"turns":3.0},{"damage":7.0,"enemies":"Lagavulin","floor":11.0,"turns":6.0},{"damage":1.0,"enemies":"Large Slime","floor":12.0,"turns":4.0},{"damage":12.0,"enemies":"3 Sentries","floor":13.0,"turns":7.0},{"damage":2.0,"enemies":"2 Fungi Beasts","floor":15.0,"turns":3.0},{"damage":10.0,"enemies":"SI_SHIV_ARCHETYPE","floor":16.0,"turns":7.0},{"damage":0.0,"enemies":"Chosen","floor":19.0,"turns":1.0},{"damage":44.0,"enemies":"3 Cultists","floor":20.0,"turns":7.0},{"damage":12,"enemies":"Snake Plant","floor":23,"turns":3},{"damage":14,"enemies":"Book of Stabbing","floor":26,"turns":5},{"damage":0,"enemies":"Centurion and Healer","floor":27,"turns":7},{"damage":19,"enemies":"Cultist and Chosen","floor":29,"turns":5},{"damage":0,"enemies":"Snecko","floor":31,"turns":3},{"damage":0,"enemies":"Centurion and Healer","floor":32,"turns":5},{"damage":17,"enemies":"IC_MUSHROOM_ARCHETYPE","floor":33,"turns":6},{"damage":0,"enemies":"3 Darklings","floor":36,"turns":5},{"damage":0,"enemies":"downfall:FleeingMerchant","floor":37,"turns":4},{"damage":15,"enemies":"3 Shapes","floor":38,"turns":4},{"damage":4,"enemies":"Spire Growth","floor":40,"turns":4},{"damage":55,"enemies":"4 Shapes","floor":42,"turns":5},{"damage":21,"enemies":"Transient","floor":43,"turns":5},{"damage":35,"enemies":"Jaw Worm Horde","floor":44,"turns":2}],"seed_played":"-4897453986007828729","potions_obtained":[{"floor":4.0,"key":"AttackPotion"},{"floor":10.0,"key":"Block Potion"},{"floor":11.0,"key":"SteroidPotion"},{"floor":13.0,"key":"Slimebound:SlimedPotion"},{"floor":27,"key":"DistilledChaos"},{"floor":29,"key":"Slimebound:SlimedPotion"},{"floor":32,"key":"Dexterity Potion"},{"floor":33,"key":"Weak Potion"},{"floor":38,"key":"hexamod:SoulburnPotion"},{"floor":42,"key":"Venom Potion"},{"floor":43,"key":"ColorlessPotion"}],"is_trial":false,"path_per_floor":["R","?","?","M","M","?","T","R","M","M","E","M","E","?","M","B",null,"R","M","M","?","?","M","T","R","E","M","R","M","R","M","M","B",null,"R","M","$","M","?","M","T","M","M","M"],"character_chosen":"SLIMEBOUND","items_purchased":["Slimebound:LeadByExample","Pantograph"],"campfire_rested":3,"item_purchase_floors":[37,37],"current_hp_per_floor":[65,18,18,16,13,13,13,45,49,37,36,43,37,37,41,39,75,75,75,33,33,33,25,25,47,39,47,47,32,54,60,64,55,75,75,75,75,66,85,85,95,46,31,0,0,0],"gold":189,"neow_bonus":"HUNDRED_GOLD","is_daily":false,"chose_seed":false,"campfire_upgraded":3,"win_rate":0.0,"timestamp":1612971895,"path_taken":["R","?","?","M","M","?","T","R","M","M","E","?","E","?","M","BOSS","R","M","M","?","?","M","T","R","E","M","R","?","R","M","M","BOSS","R","M","$","M","?","?","T","M","M","M"],"items_purchased_type":["Card","Relic"],"build_version":"2020-12-22","purchased_purges":1,"victory":false,"max_hp_per_floor":[65,65,65,65,65,65,65,75,75,75,75,75,75,75,75,75,75,75,75,75,75,75,75,75,75,75,75,75,75,75,75,75,75,75,75,75,75,75,85,85,95,95,95,95,95,95],"card_choices":[{"not_picked":["Slimebound:SplitAcid","Slimebound:Chomp"],"picked":"Slimebound:TongueLash","floor":2.0},{"not_picked":["Slimebound:SlimeSpikes","Slimebound:LeechEnergy"],"picked":"Slimebound:LeechingTouch","floor":4.0},{"not_picked":["Slimebound:ComboTackle","Slimebound:AcidTongue","Slimebound:BestDefense"],"picked":"SKIP","floor":5.0},{"not_picked":["Slimebound:GoopSpray","Slimebound:SplitMire"],"picked":"Slimebound:HauntingLick","floor":9.0},{"not_picked":["Slimebound:PrepareCrush","Slimebound:SlimeSpikes"],"picked":"Slimebound:Schlurp","floor":10.0},{"not_picked":["Slimebound:ForwardTackle","Slimebound:Equalize","Slimebound:AcidTongue"],"picked":"SKIP","floor":11.0},{"not_picked":["Slimebound:Chomp","Slimebound:FlameTackle"],"picked":"Slimebound:HauntingLick","floor":12.0},{"not_picked":["Slimebound:FormOfPuddle+1","Slimebound:PrepareCrush+1"],"picked":"Slimebound:Overexert","floor":13.0},{"not_picked":["Slimebound:LivingWall+1","Slimebound:Prepare+1"],"picked":"Slimebound:SplitLeeching+1","floor":15.0},{"not_picked":["Slimebound:OozeBath+1","Slimebound:SelfFormingGoo"],"picked":"Slimebound:MassRepurpose+1","floor":16.0},{"not_picked":["Slimebound:ItLooksTasty","Slimebound:RejuvenatingLick+1"],"picked":"Slimebound:Schlurp+1","floor":19.0},{"not_picked":["Slimebound:GoopSpray+1","Slimebound:Prepare+1"],"picked":"Slimebound:LevelUp","floor":20.0},{"not_picked":["Slimebound:BestDefense+1","Slimebound:HauntingLick+1"],"picked":"Slimebound:SamplingLick+1","floor":23},{"not_picked":["Slimebound:RejuvenatingLick+1","Slimebound:ProtectTheBoss+1"],"picked":"Slimebound:SplitSpecialist+1","floor":26},{"not_picked":["Slimebound:GoopTackle","Slimebound:Prepare+1"],"picked":"Slimebound:SlimeBarrage","floor":27},{"not_picked":["Slimebound:SlimeBarrage","Slimebound:SplitBruiser+1"],"picked":"Slimebound:SlimeTap+1","floor":29},{"not_picked":["Slimebound:Dissolve+1","Slimebound:SamplingLick+1"],"picked":"Slimebound:Repurpose+1","floor":31},{"not_picked":["Slimebound:FinishingTackle","Slimebound:SplitLeeching+1"],"picked":"Slimebound:WasteNot+1","floor":32},{"not_picked":["Slimebound:DouseInSlime+1","Slimebound:TagTeam"],"picked":"Slimebound:MinionMaster","floor":33},{"not_picked":["Slimebound:LeechingTouch+1","Slimebound:Chomp"],"picked":"Slimebound:SplitBruiser+1","floor":36},{"not_picked":["Slimebound:WasteNot+1","Slimebound:RollThrough"],"picked":"Slimebound:SplitMire+1","floor":37},{"not_picked":["Slimebound:SplitBruiser+1","Slimebound:Schlurp+1"],"picked":"Slimebound:Repurpose+1","floor":38},{"not_picked":["Slimebound:Equalize","Slimebound:FinishingTackle","Slimebound:Grow"],"picked":"SKIP","floor":40},{"not_picked":["Slimebound:Schlurp+1","Slimebound:Prepare+1"],"picked":"Slimebound:LeechingTouch","floor":42},{"not_picked":["Slimebound:DivideAndConquer+1","Slimebound:LeechEnergy","Slimebound:SplitBruiser+1"],"picked":"SKIP","floor":43}],"player_experience":278632,"relics_obtained":[{"floor":2.0,"key":"Sundial"},{"floor":11.0,"key":"Oddly Smooth Stone"},{"floor":13.0,"key":"Toxic Egg 2"},{"floor":17.0,"key":"Boot"},{"floor":17.0,"key":"ReplayTheSpireMod:Shallot"},{"floor":17.0,"key":"Replay:PocketPolymizer"},{"floor":24,"key":"Blue Doll"},{"floor":26,"key":"infinitespire:Broken Mirror"},{"floor":41,"key":"Pear"}],"event_choices":[{"cards_removed":["Slimebound:Overexert"],"damage_healed":9,"gold_gain":0,"player_choice":"Offered Rare","damage_taken":0,"max_hp_gain":10,"max_hp_loss":0,"event_name":"Bonfire Elementals","floor":39,"gold_loss":0}],"is_beta":false,"boss_relics":[{"not_picked":["Replay:Wanted Poster","Replay:Bronze Core"],"picked":"Calling Bell"},{"not_picked":["Replay:Drink Me","Cursed Key"],"picked":"Black Star"}],"items_purged_floors":[37],"is_endless":false,"potions_floor_spawned":[4,10,11,13,15,27,29,32,33,38,42,43],"killed_by":"Jaw Worm Horde","ascension_level":0}}