{"host":"idjwbq71yrpkph1r","time":1612920238,"event":{"mods":["Alarm Clock","BaseMod","Block Reminder","Colored Map","Colored Powertips","Curses Come First","Dark Map","Displayed Cursed Tome","Hermit","Infinite Spire","Minty Spire (QoL Compilation)","Monster B Gone","Morshu Shopkeeper","Rare Cards Sparkle","Relic Stats","StS++","StSLib","Swap Starting Deck Mod","The Blue Laboratory","everything is the same but u backflip on backflip"],"gold_per_floor":[116,133,208,218,231,231,256,269,269,269,279,279,609,217,217,312,312,326,326,326,339,339,339,364,364,364,376,393,410,410,423,423,526,526,546,546,646,659,319,319,319,319,345,74,90,109,109,109],"floor_reached":47,"language":"ENG","playtime":2928,"items_purged":["hermit:Covet"],"score":482,"play_id":"717805af-7390-425c-a6da-d77671dfd1fb","local_time":"20210210022358","is_ascension_mode":false,"campfire_choices":[{"data":"hermit:Determination","floor":6,"key":"SMITH"},{"data":"hermit:Quickdraw","floor":10,"key":"SMITH"},{"floor":12,"key":"REST"},{"data":"Trip","floor":15,"key":"SMITH"},{"data":"hermit:Glare","floor":23,"key":"SMITH"},{"floor":25,"key":"REST"},{"floor":30,"key":"REST"},{"floor":32,"key":"REST"},{"data":"hermit:Determination","floor":40,"key":"SMITH"}],"circlet_count":0,"master_deck":["hermit:Strike_Hermit","hermit:Strike_Hermit","hermit:Strike_Hermit","hermit:Strike_Hermit","hermit:Defend_Hermit","hermit:Defend_Hermit","hermit:Defend_Hermit","hermit:Defend_Hermit","hermit:Snapshot","hermit:Glare+1","hermit:Shortfuse","hermit:Determination+1","hermit:Quickdraw+1","hermit:Deadeye","Trip+1","hermit:HighNoon","hermit:LuckOfTheDraw+1","RitualDagger","hermit:Coalescence","Necronomicurse","hermit:TakeCover","hermit:Quickdraw","hermit:BodyArmor+1","hermit:FromBeyond","Good Instincts","hermit:Desperado+1","hermit:Determination+1","hermit:BodyArmor","hermit:Showdown","hermit:BodyArmor","hermit:Determination+1"],"relics":["Runic Pyramid","White Beast Statue","hermit:Horseshoe","Old Coin","Juzu Bracelet","Runic Dome","Necronomicon","Blue Candle","infinitespire:FocusingShard","Philosopher\u0027s Stone","Membership Card","Kunai","Blood Vial","StSpp:BrokenTotem","Chemical X","infinitespire:BottledMercury"],"acts_visited":["Exordium","TheCity","TheBeyond"],"potions_floor_usage":[8,13,16,28,29,33],"damage_taken":[{"damage":0,"enemies":"2 Louse","floor":1,"turns":3},{"damage":0,"enemies":"Jaw Worm","floor":2,"turns":3},{"damage":0,"enemies":"Small Slimes","floor":4,"turns":3},{"damage":0,"enemies":"Blue Slaver","floor":5,"turns":2},{"damage":13,"enemies":"3 Sentries","floor":7,"turns":9},{"damage":9,"enemies":"Gremlin Gang","floor":8,"turns":3},{"damage":0,"enemies":"Large Slime","floor":11,"turns":4},{"damage":11,"enemies":"Gremlin Nob","floor":13,"turns":5},{"damage":18,"enemies":"Slime Boss","floor":16,"turns":8},{"damage":0,"enemies":"Spheric Guardian","floor":18,"turns":3},{"damage":2,"enemies":"2 Thieves","floor":21,"turns":4},{"damage":30,"enemies":"Slavers","floor":24,"turns":6},{"damage":21,"enemies":"3 Cultists","floor":27,"turns":5},{"damage":19,"enemies":"Cultist and Chosen","floor":28,"turns":6},{"damage":9,"enemies":"Snake Plant","floor":29,"turns":3},{"damage":0,"enemies":"Snecko","floor":31,"turns":3},{"damage":20,"enemies":"Automaton","floor":33,"turns":9},{"damage":4,"enemies":"3 Shapes","floor":35,"turns":3},{"damage":8,"enemies":"Orb Walker","floor":38,"turns":4},{"damage":23,"enemies":"Transient","floor":45,"turns":5},{"damage":39,"enemies":"4 Shapes","floor":46,"turns":5},{"damage":9,"enemies":"Sphere and 2 Shapes","floor":47,"turns":5}],"seed_played":"7182489149178853922","potions_obtained":[{"floor":2,"key":"Explosive Potion"},{"floor":8,"key":"SkillPotion"},{"floor":11,"key":"blueLaboratory:FrostheartPotion"},{"floor":13,"key":"BlessingOfTheForge"},{"floor":16,"key":"AttackPotion"},{"floor":18,"key":"blueLaboratory:HummingbirdPotion"},{"floor":24,"key":"FairyPotion"},{"floor":27,"key":"DuplicationPotion"},{"floor":28,"key":"blueLaboratory:BottledHope"},{"floor":29,"key":"blueLaboratory:HeartbeatPotion"},{"floor":31,"key":"blueLaboratory:HummingbirdPotion"},{"floor":33,"key":"AttackPotion"},{"floor":35,"key":"Dexterity Potion"},{"floor":38,"key":"blueLaboratory:BottledHope"}],"is_trial":false,"path_per_floor":["M","M","?","M","M","R","E","M","T","R","M","R","E","$","R","B",null,"M","?","?","M","?","R","E","R","T","M","M","M","R","M","R","B",null,"M","?","?","M","$","R","?","?","T","$","M","M","M"],"character_chosen":"HERMIT","items_purchased":["Juzu Bracelet","hermit:Deadeye","Trip","hermit:Determination","Membership Card","Kunai","hermit:BodyArmor","hermit:Showdown","Chemical X","infinitespire:BottledMercury"],"campfire_rested":4,"item_purchase_floors":[14,14,14,39,39,39,44,44,44,44],"current_hp_per_floor":[75,75,64,64,64,64,51,42,42,42,42,64,53,53,53,35,75,75,75,69,67,51,51,21,43,43,22,3,17,39,39,61,41,75,71,71,71,63,63,63,63,63,63,63,42,5,0,0],"gold":109,"neow_bonus":"BOSS_RELIC","is_daily":false,"chose_seed":false,"campfire_upgraded":5,"win_rate":0.0,"timestamp":1612920238,"path_taken":["M","M","?","M","M","R","E","M","T","R","M","R","E","$","R","BOSS","M","?","?","M","?","R","E","R","T","M","M","M","R","M","R","BOSS","M","?","?","M","$","R","?","?","T","$","M","M","M"],"items_purchased_type":["Relic","Card","Card","Card","Relic","Relic","Card","Card","Relic","Relic"],"build_version":"2020-12-22","purchased_purges":1,"victory":false,"max_hp_per_floor":[75,75,75,75,75,75,75,75,75,75,75,75,75,75,75,75,75,75,75,75,75,75,75,75,75,75,75,75,75,75,75,75,75,75,75,75,75,75,75,75,75,75,75,75,75,75,75,75],"relic_stats":{"Blood Vial":6,"counters":[22,101],"Blue Candle":[1],"Juzu Bracelet":1,"Necronomicon":[13],"Kunai":[6],"Chemical X":[4],"obtain_stats":[{"infinitespire:BottledMercury":44,"Blue Candle":24,"infinitespire:FocusingShard":26,"Juzu Bracelet":14,"White Beast Statue":7,"Old Coin":13,"Blood Vial":42,"Runic Dome":17,"Philosopher\u0027s Stone":34,"StSpp:BrokenTotem":43,"Necronomicon":22,"Membership Card":39,"Kunai":39,"Chemical X":44,"hermit:Horseshoe":9,"hermit:Momento":0,"Runic Pyramid":0},{"infinitespire:BottledMercury":19,"Blue Candle":12,"infinitespire:FocusingShard":12,"Juzu Bracelet":8,"White Beast Statue":5,"Old Coin":8,"Blood Vial":19,"Runic Dome":9,"Philosopher\u0027s Stone":17,"StSpp:BrokenTotem":19,"Necronomicon":11,"Membership Card":19,"Kunai":19,"Chemical X":19,"hermit:Horseshoe":6,"hermit:Momento":0,"Runic Pyramid":0},{"infinitespire:BottledMercury":86,"Blue Candle":53,"infinitespire:FocusingShard":53,"Juzu Bracelet":32,"White Beast Statue":20,"Old Coin":32,"Blood Vial":86,"Runic Dome":40,"Philosopher\u0027s Stone":79,"StSpp:BrokenTotem":86,"Necronomicon":47,"Membership Card":86,"Kunai":86,"Chemical X":86,"hermit:Horseshoe":23,"hermit:Momento":0,"Runic Pyramid":0}]},"card_choices":[{"not_picked":["hermit:LowProfile","hermit:Feint"],"picked":"hermit:Glare","floor":1},{"not_picked":["hermit:DeadMansHand","hermit:CalledShot"],"picked":"hermit:Shortfuse","floor":2},{"not_picked":["hermit:Manifest","hermit:SprayPray"],"picked":"hermit:HoleUp","floor":4},{"not_picked":["hermit:CalledShot","hermit:PistolWhip"],"picked":"hermit:Determination","floor":5},{"not_picked":["hermit:Adapt","hermit:Malice","hermit:SprayPray"],"picked":"SKIP","floor":7},{"not_picked":["hermit:Glare","hermit:Ricochet"],"picked":"hermit:Quickdraw","floor":8},{"not_picked":["hermit:NoHoldsBarred","hermit:Combo","hermit:PistolWhip"],"picked":"SKIP","floor":11},{"not_picked":["hermit:Vantage","hermit:ItchyTrigger","hermit:CalledShot"],"picked":"SKIP","floor":13},{"not_picked":["hermit:FromBeyond","hermit:HeroicBravado"],"picked":"hermit:HighNoon","floor":16},{"not_picked":["hermit:WideOpen","hermit:Dive"],"picked":"hermit:LuckOfTheDraw+1","floor":18},{"not_picked":["hermit:DeadMansHand","hermit:Glare+1"],"picked":"hermit:Coalescence","floor":21},{"not_picked":["hermit:Shortfuse","hermit:Roulette"],"picked":"hermit:TakeCover","floor":24},{"not_picked":["hermit:Manifest","hermit:Glare","hermit:Spite+1"],"picked":"SKIP","floor":27},{"not_picked":["hermit:BodyArmor","hermit:Manifest"],"picked":"hermit:Quickdraw","floor":28},{"not_picked":["hermit:Grudge","hermit:Deadeye","hermit:Enervate+1"],"picked":"SKIP","floor":29},{"not_picked":["hermit:Quickdraw","hermit:ShadowCloak"],"picked":"hermit:BodyArmor+1","floor":31},{"not_picked":["hermit:FatalDesire","hermit:Purgatory"],"picked":"hermit:FromBeyond","floor":33},{"not_picked":["hermit:NoHoldsBarred","hermit:Ricochet","hermit:Feint+1"],"picked":"SKIP","floor":35},{"not_picked":["Panacea","StSpp:Panic"],"picked":"Good Instincts","floor":36},{"not_picked":["hermit:Malice","hermit:DeadMansHand"],"picked":"hermit:Desperado+1","floor":38},{"not_picked":["hermit:Horror","hermit:Roulette"],"picked":"hermit:BodyArmor","floor":45},{"not_picked":["hermit:Spite+1","hermit:CursedWeapon"],"picked":"hermit:Determination+1","floor":46}],"player_experience":338666,"relics_obtained":[{"floor":7,"key":"White Beast Statue"},{"floor":9,"key":"hermit:Horseshoe"},{"floor":13,"key":"Old Coin"},{"floor":24,"key":"Blue Candle"},{"floor":26,"key":"infinitespire:FocusingShard"},{"floor":43,"key":"StSpp:BrokenTotem"}],"event_choices":[{"damage_healed":0,"gold_gain":75,"player_choice":"Gather Gold","damage_taken":11,"max_hp_gain":0,"max_hp_loss":0,"event_name":"World of Goop","floor":3,"gold_loss":0},{"damage_healed":0,"gold_gain":0,"player_choice":"Ignored","damage_taken":0,"max_hp_gain":0,"max_hp_loss":0,"event_name":"Ghosts","floor":19,"gold_loss":0},{"damage_healed":0,"gold_gain":0,"player_choice":"Joined the Cult","damage_taken":6,"max_hp_gain":0,"max_hp_loss":0,"event_name":"Nest","floor":20,"gold_loss":0,"cards_obtained":["RitualDagger"]},{"damage_healed":0,"gold_gain":0,"player_choice":"Obtained Book","damage_taken":16,"max_hp_gain":0,"max_hp_loss":0,"event_name":"Cursed Tome","floor":22,"gold_loss":0},{"damage_healed":0,"gold_gain":0,"player_choice":"Memory 1","damage_taken":0,"max_hp_gain":0,"max_hp_loss":0,"event_name":"SensoryStone","floor":36,"gold_loss":0},{"damage_healed":0,"gold_gain":100,"player_choice":"Pray","damage_taken":0,"max_hp_gain":0,"max_hp_loss":0,"event_name":"Golden Shrine","floor":37,"gold_loss":0},{"cards_removed":["hermit:HoleUp"],"damage_healed":0,"gold_gain":0,"player_choice":"Gave Card","damage_taken":0,"relics_obtained":["Blood Vial"],"max_hp_gain":0,"max_hp_loss":0,"event_name":"WeMeetAgain","floor":42,"gold_loss":0}],"is_beta":false,"boss_relics":[{"not_picked":["Velvet Choker","Coffee Dripper"],"picked":"Runic Dome"},{"not_picked":["Fusion Hammer","Black Star"],"picked":"Philosopher\u0027s Stone"}],"items_purged_floors":[14],"is_endless":false,"potions_floor_spawned":[2,8,11,13,16,18,21,24,27,28,29,31,33,35,38,45,46],"killed_by":"Sphere and 2 Shapes","ascension_level":0}}