{"host":"hgp4s9chziw0zf0g","time":1612965035,"event":{"mods":["BaseMod","BetterRewards","Defuse TimeMaze Blight","Downfall","GifTheSpireLib","Hubris","Infinite Spire","Mimic Mod","Minty Spire (QoL Compilation)","Remove Card Discount Mod","Replay The Spire","StSLib","Stuff the Spire","Synergy Search","The Jungle"],"gold_per_floor":[361,536,553,585,7,34,44,44,44,59,59,75,75,119,119,223,223,249,299,349,399,399,399],"floor_reached":22,"language":"ENG","playtime":1256,"items_purged":["Doubt","Injury","Strike_B","Strike_B","Strike_B","Strike_B","Defend_B","Defend_B","Defend_B","Defend_B"],"score":242,"play_id":"1b07c142-a082-4945-8df3-4630e431a427","local_time":"20210210075035","is_ascension_mode":false,"campfire_choices":[{"floor":13,"key":"RECALL"},{"data":"ReplayGash","floor":15,"key":"SMITH"}],"circlet_count":0,"master_deck":["Zap","Dualcast","Gash","ReplayGash+1","Gash","Defragment","Time Bomb","bronze:DigitalCarnage","Adrenaline","ReplayTheSpireMod:Private Reserves+1"],"relics":["Cracked Core","Geode","ReplayFunnel","PrismaticShard","ReplayTheSpireMod:TigerMarble","Pocketwatch","Replay:Bottled Snecko","SsserpentHead","CeramicFish","Nuclear Battery","Ninja Scroll","hubris:Towel"],"acts_visited":["Exordium","Exordium"],"potions_floor_usage":[14,14],"damage_taken":[{"damage":6,"enemies":"2 Louse","floor":1,"turns":3},{"damage":4,"enemies":"Cultist","floor":3,"turns":4},{"damage":0,"enemies":"Jaw Worm","floor":4,"turns":7},{"damage":8,"enemies":"Gremlin Nob","floor":6,"turns":3},{"damage":1,"enemies":"Jaw Worm","floor":7,"turns":2},{"damage":9,"enemies":"Red Slaver","floor":10,"turns":2},{"damage":15,"enemies":"Large Slime","floor":12,"turns":3},{"damage":14,"enemies":"3 Sentries","floor":14,"turns":3},{"damage":0,"enemies":"Slime Boss","floor":16,"turns":5},{"damage":16,"enemies":"theJungle:GiantWrat","floor":18,"turns":3},{"damage":46,"enemies":"JungleHuntersEvent","floor":19,"turns":4},{"damage":15,"enemies":"theJungle:MUSHROOMGANG","floor":22,"turns":2}],"seed_played":"7060737883034486919","potions_obtained":[{"floor":7,"key":"Toxic Potion"},{"floor":10,"key":"Swift Potion"},{"floor":18,"key":"Cursed Concoction"}],"is_trial":false,"path_per_floor":["M","?","M","MIM","$","E","M","?","T","M","?","M","R","E","R","B",null,"M","?","?","?","M"],"character_chosen":"DEFECT","items_purchased":["Defragment","ReplayFunnel","PrismaticShard","ReplayTheSpireMod:TigerMarble","Adrenaline Potion"],"campfire_rested":0,"item_purchase_floors":[5,5,5,5,5],"current_hp_per_floor":[69,69,65,65,65,57,56,56,56,47,47,32,32,18,18,18,75,59,13,13,13,0,0],"gold":399,"neow_bonus":"TWO_FIFTY_GOLD","is_daily":false,"chose_seed":false,"campfire_upgraded":1,"win_rate":0.0,"timestamp":1612965035,"path_taken":["M","?","M","?","$","E","M","?","T","?","?","M","R","E","R","BOSS","M","?","?","?","M"],"items_purchased_type":["Card","Relic","Relic","Relic","Potion"],"build_version":"2020-12-22","purchased_purges":10,"victory":false,"max_hp_per_floor":[75,75,75,75,75,75,75,75,75,75,75,75,75,75,75,75,75,75,75,75,75,75,75],"card_choices":[{"not_picked":["ReplaySolidLightProjector","Go for the Eyes"],"picked":"Gash","floor":1},{"not_picked":["Darkness","Redo"],"picked":"ReplayGash","floor":3},{"not_picked":["Streamline","Compile Driver"],"picked":"Gash","floor":4},{"not_picked":["Dagger Throw","bronze:BugBarrage"],"picked":"Time Bomb","floor":6},{"not_picked":["Guardian:VentSteam","bronze:FindAndReplace","Guardian:RefractedBeam"],"picked":"SKIP","floor":7},{"not_picked":["Flying Knee","bronze:CutThrough","StuffTheSpire:Python"],"picked":"SKIP","floor":10},{"not_picked":["All Out Attack","champ:Backstep","Streamline"],"picked":"SKIP","floor":12},{"not_picked":["Guardian:BodySlam","Guardian:HyperBeam_Guardian"],"picked":"bronze:DigitalCarnage","floor":14},{"not_picked":["Guardian:FierceBash","Vault"],"picked":"Adrenaline","floor":16},{"not_picked":["hexamod:GhostLash","Blade Dance"],"picked":"ReplayTheSpireMod:Private Reserves+1","floor":18}],"player_experience":494138,"relics_obtained":[{"floor":4,"key":"Geode"},{"floor":6,"key":"Pocketwatch"},{"floor":14,"key":"CeramicFish"},{"floor":19,"key":"Ninja Scroll"}],"event_choices":[{"damage_healed":0,"gold_gain":175,"player_choice":"AGREE","damage_taken":0,"max_hp_gain":0,"max_hp_loss":0,"event_name":"Liars Game","floor":2,"gold_loss":0,"cards_obtained":["Doubt"]},{"damage_healed":0,"gold_gain":0,"player_choice":"Gave Potion","damage_taken":0,"relics_obtained":["Replay:Bottled Snecko"],"max_hp_gain":0,"max_hp_loss":0,"event_name":"WeMeetAgain","floor":8,"gold_loss":0},{"damage_healed":0,"gold_gain":0,"player_choice":"Trade","damage_taken":0,"relics_obtained":["SsserpentHead"],"max_hp_gain":0,"max_hp_loss":0,"event_name":"FaceTrader","floor":11,"gold_loss":0},{"damage_healed":0,"gold_gain":0,"player_choice":"Gold","damage_taken":0,"max_hp_gain":0,"max_hp_loss":0,"event_name":"Wheel of Change","floor":21,"gold_loss":0}],"is_beta":false,"boss_relics":[{"not_picked":["hubris:CrackedHourglass","Astrolabe"],"picked":"Nuclear Battery"}],"items_purged_floors":[5,5,5,5,5,5,5,5,5,5],"is_endless":false,"potions_floor_spawned":[7,10,18],"killed_by":"theJungle:MUSHROOMGANG","ascension_level":0}}