{"host":"qxeepl7ydvsgmfdb","time":1612974484,"event":{"mods":["AchievementEnabler","BaseMod","Colored Powertips","Minty Spire (QoL Compilation)","Quick Restart","slay the spire mod where everything is the same but ironclad has a cowboy hat"],"gold_per_floor":[110,61,11,11,11,11,40,60,110,121,154,170,195,205,205,310,310,328,340,340,255,8,8,36,36,36],"floor_reached":25,"language":"ENG","playtime":617,"items_purged":[],"score":422,"play_id":"54ed2c82-1690-4ac3-be33-c6a0410b9d4d","local_time":"20210210112804","is_ascension_mode":true,"campfire_choices":[{"data":"Poisoned Stab","floor":6,"key":"SMITH"},{"floor":15,"key":"REST"},{"floor":23,"key":"REST"}],"circlet_count":0,"master_deck":["AscendersBane","Strike_G","Strike_G","Defend_G","Defend_G","Defend_G","Defend_G","Survivor","Neutralize","Deadly Poison","Poisoned Stab+1","Poisoned Stab","Distraction","Finisher","Cloak And Dagger","Phantasmal Killer","Well Laid Plans+1","Quick Slash+1","Well Laid Plans+1","Cloak And Dagger","Blade Dance","Slice"],"relics":["Ring of the Snake","NeowsBlessing","Pantograph","Shuriken","Nunchaku","Bag of Marbles","Tiny Chest","Happy Flower","Astrolabe","StoneCalendar","White Beast Statue","Snake Skull"],"acts_visited":["Exordium","TheCity"],"potions_floor_usage":[13,13,16,24,24,25],"damage_taken":[{"damage":0,"enemies":"Jaw Worm","floor":1,"turns":1},{"damage":0,"enemies":"Lagavulin","floor":7,"turns":1},{"damage":0,"enemies":"2 Louse","floor":8,"turns":1},{"damage":0,"enemies":"Small Slimes","floor":10,"turns":3},{"damage":10,"enemies":"Gremlin Nob","floor":11,"turns":3},{"damage":4,"enemies":"Blue Slaver","floor":12,"turns":3},{"damage":10,"enemies":"3 Sentries","floor":13,"turns":5},{"damage":0,"enemies":"Large Slime","floor":14,"turns":5},{"damage":28,"enemies":"Hexaghost","floor":16,"turns":8},{"damage":7,"enemies":"Chosen","floor":18,"turns":3},{"damage":21,"enemies":"Spheric Guardian","floor":19,"turns":4},{"damage":30,"enemies":"Slavers","floor":24,"turns":5},{"damage":15,"enemies":"Snecko","floor":25,"turns":3}],"seed_played":"7288573341470815091","potions_obtained":[{"floor":8,"key":"Block Potion"},{"floor":12,"key":"CunningPotion"},{"floor":13,"key":"Weak Potion"},{"floor":14,"key":"Explosive Potion"},{"floor":16,"key":"FearPotion"},{"floor":24,"key":"ColorlessPotion"}],"is_trial":false,"path_per_floor":["M","$","?","?","T","R","E","M","T","M","E","M","E","M","R","B",null,"M","M","?","?","$","R","E","M"],"character_chosen":"THE_SILENT","items_purchased":["Poisoned Stab","White Beast Statue"],"campfire_rested":2,"item_purchase_floors":[2,22],"current_hp_per_floor":[63,63,63,56,56,56,56,56,56,56,46,42,32,32,53,42,63,56,35,22,22,22,44,14,0,0],"gold":36,"neow_bonus":"THREE_ENEMY_KILL","is_daily":false,"chose_seed":false,"campfire_upgraded":1,"win_rate":0.0,"timestamp":1612974484,"path_taken":["M","$","?","?","?","R","E","M","T","?","E","M","E","M","R","BOSS","M","M","?","?","$","R","E","M"],"items_purchased_type":["Card","Relic"],"build_version":"2020-12-22","purchased_purges":0,"victory":false,"max_hp_per_floor":[70,70,70,70,70,70,70,70,70,70,70,70,70,70,70,70,70,70,70,75,75,75,75,75,75,75],"card_choices":[{"not_picked":["Outmaneuver","Underhanded Strike"],"picked":"Deadly Poison","floor":1},{"not_picked":["Underhanded Strike","Prepared","Crippling Poison"],"picked":"SKIP","floor":7},{"not_picked":["Bouncing Flask","Caltrops","Reflex"],"picked":"SKIP","floor":8},{"not_picked":["Eviscerate","Bane"],"picked":"Poisoned Stab","floor":10},{"not_picked":["Escape Plan","Flechettes","Well Laid Plans"],"picked":"SKIP","floor":11},{"not_picked":["Endless Agony","Well Laid Plans"],"picked":"Distraction","floor":12},{"not_picked":["Cloak And Dagger","Acrobatics"],"picked":"Finisher","floor":13},{"not_picked":["Dash","Backflip"],"picked":"Cloak And Dagger","floor":14},{"not_picked":["Venomology","Grand Finale"],"picked":"Phantasmal Killer","floor":16},{"not_picked":["Quick Slash","Dash"],"picked":"Cloak And Dagger","floor":18},{"not_picked":["Underhanded Strike","Acrobatics"],"picked":"Blade Dance","floor":19},{"not_picked":["Eviscerate","Dodge and Roll"],"picked":"Slice","floor":24}],"player_experience":152586,"relics_obtained":[{"floor":5,"key":"Shuriken"},{"floor":7,"key":"Nunchaku"},{"floor":9,"key":"Bag of Marbles"},{"floor":11,"key":"Tiny Chest"},{"floor":13,"key":"Happy Flower"},{"floor":24,"key":"Snake Skull"}],"event_choices":[{"cards_removed":["Strike_G"],"damage_healed":0,"gold_gain":0,"player_choice":"Card Removal","damage_taken":0,"max_hp_gain":0,"max_hp_loss":0,"event_name":"The Cleric","floor":3,"gold_loss":50},{"damage_healed":0,"gold_gain":0,"player_choice":"Success","damage_taken":7,"relics_obtained":["Pantograph"],"max_hp_gain":0,"max_hp_loss":0,"event_name":"Scrap Ooze","floor":4,"gold_loss":0},{"damage_healed":0,"gold_gain":0,"player_choice":"Shed Blood","damage_taken":18,"max_hp_gain":5,"max_hp_loss":0,"event_name":"Forgotten Altar","floor":20,"gold_loss":0},{"damage_healed":0,"gold_gain":0,"player_choice":"Obtained Relic","damage_taken":0,"relics_obtained":["StoneCalendar"],"max_hp_gain":0,"max_hp_loss":0,"event_name":"Addict","floor":21,"gold_loss":85}],"is_beta":false,"boss_relics":[{"not_picked":["Ring of the Serpent","Runic Dome"],"picked":"Astrolabe"}],"items_purged_floors":[],"is_endless":false,"potions_floor_spawned":[8,12,13,14,16,19,24],"killed_by":"Snecko","ascension_level":12}}