{"host":"o3b7ow6d1xe49css","time":1612955437,"event":{"mods":["Act Like it!","Aspiration","BaseMod","Bestiary","Better Altar","Better Match","Better Note","Better Sensory Stone","Better Skull","Better Third Choice","Colored Powertips","Conspire","Energized Spire","Force Act Four","GifTheSpireLib","Halation","Hermit","Hubris","Infinite Spire","Lobotomy","Minty Spire (QoL Compilation)","Quick Restart","Rare Cards Sparkle","Relic Filter Mod","Reliquary","Replay The Spire","Spicy Shops","Spikes Relics","Spire Arcade","StSLib","Stuff the Spire","The Blue Laboratory","Wandering Minibosses"],"gold_per_floor":[117,131,144,250,267,301,335,367,367,11,11,11,37,55,55,156,156,169,182,182,182,182,182,182],"floor_reached":23,"language":"ENG","playtime":709,"items_purged":[],"score":274,"play_id":"cd9c24bf-ced9-4190-b237-eb61ff3c72f4","local_time":"20210210021037","daily_mods":["Heirloom","Flight"],"is_ascension_mode":true,"campfire_choices":[{"floor":12,"key":"REST"},{"data":"Invigoration","floor":15,"key":"PURGE"}],"circlet_count":0,"master_deck":["Strike_R","Strike_R","Strike_R","Strike_R","Defend_R+1","Defend_R","Defend_R","Defend_R","Bash","Sword Boomerang","Hemokinesis","Fire Breathing","UniverseFragment","Burning Pact","Reaper","Inflame","Whirlwind","Shrug It Off","Limit Break","Protect+1","Cleave"],"relics":["Burning Blood","Ring of Chaos","conspire:Boomerang","CogitoBucket","Bag of Preparation","hubris:SlimyHat","Gremlin Food","Torii","infinitespire:WardingShard","aspiration:DSix","hubris:Towel","Shuriken","aspiration:WatcherSkillbook"],"acts_visited":["Exordium","TheCity"],"potions_floor_usage":[7,7,14,16,19,23],"damage_taken":[{"damage":7,"enemies":"Jaw Worm","floor":1,"turns":3},{"damage":0,"enemies":"Cultist","floor":2,"turns":2},{"damage":4,"enemies":"Small Slimes","floor":3,"turns":2},{"damage":2,"enemies":"Exordium Thugs","floor":5,"turns":3},{"damage":19,"enemies":"Gremlin Nob","floor":6,"turns":3},{"damage":16,"enemies":"3 Sentries","floor":7,"turns":4},{"damage":19,"enemies":"Gremlin Nob","floor":8,"turns":3},{"damage":20,"enemies":"Lagavulin","floor":13,"turns":5},{"damage":3,"enemies":"Large Slime","floor":14,"turns":2},{"damage":13,"enemies":"Hexaghost","floor":16,"turns":7},{"damage":15,"enemies":"Spheric Guardian","floor":18,"turns":4},{"damage":27,"enemies":"Shell Parasite","floor":19,"turns":8},{"damage":51,"enemies":"Nightmare","floor":23,"turns":9}],"seed_played":"-3162985822466983677","potions_obtained":[{"floor":2,"key":"PowerPotion"},{"floor":6,"key":"blueLaboratory:FruitPunch"},{"floor":13,"key":"BloodPotion"},{"floor":14,"key":"blueLaboratory:Moonshine"},{"floor":16,"key":"Toxic Potion"},{"floor":18,"key":"Venom Potion"}],"is_trial":true,"path_per_floor":["M","M","M","?","M","E","E","E","T","$","?","R","E","M","R","B",null,"M","M","?","?","?","NM"],"character_chosen":"IRONCLAD","items_purchased":["aspiration:DSix","Inflame"],"campfire_rested":1,"item_purchase_floors":[10,10],"current_hp_per_floor":[79,80,80,53,57,44,36,23,23,23,23,47,33,52,52,51,74,65,44,36,44,44,0,0],"gold":182,"neow_bonus":"","is_daily":false,"chose_seed":false,"campfire_upgraded":0,"win_rate":0.0,"timestamp":1612955437,"path_taken":["M","M","M","?","M","E","E","E","T","$","?","R","E","M","R","BOSS","M","M","?","?","?","NM"],"items_purchased_type":["Relic","Card"],"build_version":"2020-12-22","purchased_purges":0,"victory":false,"max_hp_per_floor":[80,80,80,80,80,80,82,82,82,82,82,82,82,82,82,82,82,82,82,82,82,82,82,82],"card_choices":[{"not_picked":["Intimidate","Searing Blow"],"picked":"Sword Boomerang","floor":1},{"not_picked":["Murderer","HeroicMonk","QueenBee"],"picked":"Singing Bowl","floor":1},{"not_picked":["hubris:ReadiedAction","Dropkick"],"picked":"Hemokinesis","floor":2},{"not_picked":["SpiderBud","DreamingCurrent","FairyFestival"],"picked":"Singing Bowl","floor":2},{"not_picked":["ReplayTheSpireMod:Muscle Training","Clothesline"],"picked":"Fire Breathing","floor":3},{"not_picked":["WallGazer","ShyLook","OSAHOGD"],"picked":"Singing Bowl","floor":3},{"not_picked":["Sword Boomerang","Eclipse"],"picked":"Invigoration","floor":5},{"not_picked":["CherryBlossoms","VoidDream","BigBadWolf"],"picked":"Singing Bowl","floor":5},{"not_picked":["VoidDream","FieryBird"],"picked":"UniverseFragment","floor":5},{"not_picked":["Armaments","Defy Death"],"picked":"Burning Pact","floor":6},{"not_picked":["ReplayTheSpireMod:Corrosion Curse","Shrug It Off"],"picked":"Reaper","floor":7},{"not_picked":["Armaments","Reckless Charge","StuffTheSpire:Incineration"],"picked":"SKIP","floor":8},{"not_picked":["Clothesline","Iron Wave"],"picked":"Whirlwind","floor":13},{"not_picked":["Abandon","Run Through"],"picked":"Shrug It Off","floor":14},{"not_picked":["CherryBlossoms","VoidDream","CrumblingArmor"],"picked":"Singing Bowl","floor":14},{"not_picked":["Exhume","Reaper"],"picked":"Limit Break","floor":16},{"not_picked":["Murderer","Yin","SpiderBud"],"picked":"Singing Bowl","floor":16},{"not_picked":["Iron Wave","FearNoEvil+1","infinitespire:OneForAll","JustLucky"],"picked":"SKIP","floor":18},{"not_picked":["Evaluate+1","Replay:ManipulateFuture","Wild Strike+1"],"picked":"Protect+1","floor":19}],"player_experience":1348057,"relics_obtained":[{"floor":6,"key":"hubris:SlimyHat"},{"floor":7,"key":"Gremlin Food"},{"floor":8,"key":"Torii"},{"floor":9,"key":"infinitespire:WardingShard"},{"floor":13,"key":"Shuriken"}],"event_choices":[{"damage_healed":0,"gold_gain":106,"player_choice":"RE GO ","damage_taken":30,"relics_obtained":["Bag of Preparation"],"max_hp_gain":0,"max_hp_loss":0,"event_name":"betterSkull:BetterSkull","floor":4,"gold_loss":0,"cards_upgraded":[]},{"damage_healed":0,"gold_gain":0,"player_choice":"Damaged","damage_taken":8,"max_hp_gain":0,"max_hp_loss":0,"event_name":"Wheel of Change","floor":20,"gold_loss":0},{"damage_healed":0,"gold_gain":0,"cards_transformed":["Strike_R"],"player_choice":"Transformed","damage_taken":0,"max_hp_gain":0,"max_hp_loss":0,"event_name":"Transmorgrifier","floor":22,"gold_loss":0,"cards_obtained":["Cleave"]}],"is_beta":false,"boss_relics":[{"not_picked":["StuffTheSpire:RunicHypercube","Painkiller Herb"],"picked":"aspiration:WatcherSkillbook"}],"items_purged_floors":[],"is_endless":false,"potions_floor_spawned":[2,6,13,14,16,18],"killed_by":"Nightmare","ascension_level":5}}