{"host":"8eqe2o2g03nh9rfw","time":1612989657,"event":{"mods":["AchievementEnabler","AlwaysNeverKeys","BaseMod","Better Third Choice","Block Reminder","Colored Map","Colored Powertips","GifTheSpireLib","Minty Spire (QoL Compilation)","Permanent Neow","Quick Restart","StSLib","Weighted Paths"],"gold_per_floor":[111,186,205,25,36,68,68,95,95,108,167,167,183,193,193,293,293,307,307,98,117,67,67,80,112,112,112,128,128,141,173,173,272,272,284,296,311,356,356,356,371,404,404,404,12,12,12,30,30,30,30],"floor_reached":50,"language":"ENG","playtime":2927,"items_purged":[],"score":697,"play_id":"71b7f36c-dc91-4b93-b9d2-8303f22feec1","local_time":"20210210154057","is_ascension_mode":false,"campfire_choices":[{"data":"Combust","floor":7,"key":"SMITH"},{"floor":12,"key":"REST"},{"floor":15,"key":"REST"},{"data":"Limit Break","floor":23,"key":"SMITH"},{"floor":27,"key":"REST"},{"data":"Bludgeon","floor":29,"key":"SMITH"},{"data":"Infernal Blade","floor":32,"key":"SMITH"},{"floor":40,"key":"REST"},{"data":"1","floor":44,"key":"LIFT"},{"data":"2","floor":46,"key":"LIFT"},{"data":"3","floor":49,"key":"LIFT"}],"circlet_count":0,"master_deck":["Strike_R","Strike_R","Strike_R","Strike_R","Strike_R","Defend_R","Defend_R+1","Defend_R","Defend_R+1","Bash","Flex","Power Through","Combust+1","Pommel Strike","Discovery","Inflame","Feed","Searing Blow","Disarm","Anger","Flex","Rampage","Limit Break+1","CurseOfTheBell","Flex+1","Bludgeon+1","Thunderclap","Metallicize","Spot Weakness+1","Body Slam+1","Wild Strike+1","Battle Trance+1","Infernal Blade+1","Fiend Fire","Searing Blow+1","Bloodletting+1","Flame Barrier","Madness","Madness","Heavy Blade+1","Combust","Madness","Violence","Heavy Blade+1"],"relics":["Burning Blood","Bottled Tornado","Eternal Feather","Question Card","Charon\u0027s Ashes","Calling Bell","Happy Flower","HornCleat","Incense Burner","Gremlin Horn","War Paint","Kunai","Busted Crown","Girya","Pen Nib","Potion Belt","Paper Frog"],"acts_visited":["TheCity","TheBeyond"],"potions_floor_usage":[11,16,16,16,31,33,35,42,42,42],"damage_taken":[{"damage":5,"enemies":"Jaw Worm","floor":1,"turns":5},{"damage":1,"enemies":"Cultist","floor":3,"turns":3},{"damage":7,"enemies":"Small Slimes","floor":5,"turns":4},{"damage":17,"enemies":"Lagavulin","floor":6,"turns":6},{"damage":16,"enemies":"3 Sentries","floor":8,"turns":4},{"damage":7,"enemies":"Looter","floor":10,"turns":3},{"damage":13,"enemies":"3 Sentries","floor":11,"turns":6},{"damage":12,"enemies":"Blue Slaver","floor":13,"turns":4},{"damage":10,"enemies":"Red Slaver","floor":14,"turns":4},{"damage":38,"enemies":"Hexaghost","floor":16,"turns":6},{"damage":17,"enemies":"3 Byrds","floor":18,"turns":4},{"damage":2,"enemies":"Chosen","floor":21,"turns":3},{"damage":23,"enemies":"Centurion and Healer","floor":24,"turns":4},{"damage":59,"enemies":"Slavers","floor":25,"turns":5},{"damage":7,"enemies":"Shelled Parasite and Fungi","floor":28,"turns":3},{"damage":6,"enemies":"Snecko","floor":30,"turns":4},{"damage":5,"enemies":"Gremlin Leader","floor":31,"turns":4},{"damage":23,"enemies":"Collector","floor":33,"turns":6},{"damage":5,"enemies":"Orb Walker","floor":35,"turns":2},{"damage":18,"enemies":"3 Darklings","floor":36,"turns":4},{"damage":14,"enemies":"4 Shapes","floor":37,"turns":3},{"damage":51,"enemies":"2 Orb Walkers","floor":38,"turns":4},{"damage":2,"enemies":"Jaw Worm Horde","floor":41,"turns":3},{"damage":33,"enemies":"Nemesis","floor":42,"turns":7},{"damage":7,"enemies":"Transient","floor":48,"turns":5},{"damage":98,"enemies":"Time Eater","floor":50,"turns":6}],"seed_played":"2310392699774622705","potions_obtained":[{"floor":1,"key":"EssenceOfSteel"},{"floor":5,"key":"AttackPotion"},{"floor":8,"key":"SkillPotion"},{"floor":14,"key":"DistilledChaos"},{"floor":16,"key":"BlessingOfTheForge"},{"floor":18,"key":"SkillPotion"},{"floor":24,"key":"BlessingOfTheForge"},{"floor":31,"key":"SkillPotion"},{"floor":33,"key":"DuplicationPotion"},{"floor":36,"key":"DuplicationPotion"},{"floor":37,"key":"DuplicationPotion"}],"is_trial":false,"path_per_floor":["M","?","M","$","M","E","R","E","T","M","?","R","M","M","R","B",null,"M","?","$","M","?","R","M","E","T","R","M","R","M","E","R","B",null,"M","M","M","?","?","R","M","E","T","R","$","R","?","M","R","B"],"character_chosen":"IRONCLAD","items_purchased":["Combust","Pommel Strike","Discovery","Bludgeon","Thunderclap","Metallicize","Paper Frog","Combust","Madness"],"campfire_rested":4,"item_purchase_floors":[4,4,4,20,20,20,45,45,45],"current_hp_per_floor":[80,72,77,77,76,65,65,55,55,57,50,83,77,73,83,51,83,75,75,75,79,79,86,72,19,19,63,62,80,80,81,89,72,89,89,77,69,27,15,63,67,40,40,64,64,88,88,87,92,0,0],"gold":30,"neow_bonus":"RANDOM_COLORLESS","is_daily":false,"chose_seed":false,"campfire_upgraded":4,"win_rate":0.0,"timestamp":1612989657,"path_taken":["M","?","?","$","M","E","R","E","T","M","?","R","M","M","R","BOSS","M","?","$","M","?","R","M","E","T","R","?","R","M","E","R","BOSS","M","M","?","?","?","R","M","E","T","R","?","R","?","M","R","BOSS"],"items_purchased_type":["Card","Card","Card","Card","Card","Card","Relic","Card","Card"],"build_version":"2020-12-22","purchased_purges":0,"victory":false,"max_hp_per_floor":[80,80,80,80,80,80,80,80,80,83,83,83,83,83,83,83,83,86,86,86,86,86,86,89,89,89,89,89,89,89,89,89,89,89,89,89,89,92,92,92,92,92,92,92,92,92,92,92,92,92,92],"card_choices":[{"not_picked":["Forethought","Discovery"],"picked":"Madness","floor":0.0},{"not_picked":["Wild Strike","Pommel Strike"],"picked":"Flex","floor":1},{"not_picked":["Headbutt","Heavy Blade"],"picked":"Power Through","floor":3},{"not_picked":["Infernal Blade","Heavy Blade"],"picked":"Inflame","floor":5},{"not_picked":["Body Slam","Entrench"],"picked":"Feed","floor":6},{"not_picked":["Armaments","Pommel Strike"],"picked":"Searing Blow","floor":8},{"not_picked":["Dark Embrace","Entrench","Heavy Blade"],"picked":"Disarm","floor":10},{"not_picked":["Thunderclap","Perfected Strike","Shrug It Off"],"picked":"Anger","floor":11},{"not_picked":["Perfected Strike","Body Slam","Corruption"],"picked":"Flex","floor":13},{"not_picked":["Uppercut","Shrug It Off","Shockwave"],"picked":"Rampage","floor":14},{"not_picked":["Double Tap","Feed","Brutality"],"picked":"Limit Break","floor":16},{"not_picked":["Wild Strike","Headbutt","Dark Embrace"],"picked":"Flex+1","floor":18},{"not_picked":["Shockwave","Clash","Headbutt"],"picked":"Spot Weakness+1","floor":21},{"not_picked":["Sword Boomerang","Warcry","Wild Strike"],"picked":"Body Slam+1","floor":24},{"not_picked":["Sword Boomerang","Corruption","Twin Strike","Cleave+1"],"picked":"SKIP","floor":25},{"not_picked":["Dark Embrace+1","Heavy Blade","Blood for Blood"],"picked":"Wild Strike+1","floor":28},{"not_picked":["Clothesline+1","Rupture","Dark Embrace"],"picked":"Battle Trance+1","floor":30},{"not_picked":["Sword Boomerang","Hemokinesis","Battle Trance"],"picked":"Infernal Blade","floor":31},{"not_picked":["Bludgeon","Double Tap","Corruption"],"picked":"Fiend Fire","floor":33},{"not_picked":["Uppercut"],"picked":"Searing Blow+1","floor":35},{"not_picked":["Uppercut+1"],"picked":"Bloodletting+1","floor":36},{"not_picked":["Cleave+1"],"picked":"Flame Barrier","floor":37},{"not_picked":["Entrench"],"picked":"Heavy Blade+1","floor":41},{"not_picked":["Flame Barrier+1","Shrug It Off+1"],"picked":"SKIP","floor":42},{"not_picked":["Secret Technique"],"picked":"Violence","floor":47},{"not_picked":["Wild Strike+1"],"picked":"Heavy Blade+1","floor":48}],"player_experience":95039,"relics_obtained":[{"floor":6,"key":"Bottled Tornado"},{"floor":8,"key":"Eternal Feather"},{"floor":9,"key":"Question Card"},{"floor":11,"key":"Charon\u0027s Ashes"},{"floor":17,"key":"Happy Flower"},{"floor":17,"key":"HornCleat"},{"floor":17,"key":"Incense Burner"},{"floor":25,"key":"Gremlin Horn"},{"floor":26,"key":"War Paint"},{"floor":31,"key":"Kunai"},{"floor":38,"key":"Girya"},{"floor":42,"key":"Pen Nib"},{"floor":43,"key":"Potion Belt"}],"event_choices":[{"damage_healed":0,"gold_gain":75,"player_choice":"Touch","damage_taken":8,"max_hp_gain":0,"max_hp_loss":0,"event_name":"FaceTrader","floor":2,"gold_loss":0},{"damage_healed":0,"gold_gain":30,"player_choice":"Searched \u00272\u0027 times","damage_taken":0,"max_hp_gain":0,"max_hp_loss":0,"event_name":"Dead Adventurer","floor":11,"gold_loss":0},{"damage_healed":0,"gold_gain":0,"player_choice":"Ignored","damage_taken":0,"max_hp_gain":0,"max_hp_loss":0,"event_name":"Beggar","floor":19,"gold_loss":0},{"damage_healed":0,"gold_gain":0,"player_choice":"Bet on Murderer","damage_taken":0,"max_hp_gain":0,"max_hp_loss":0,"event_name":"The Joust","floor":22,"gold_loss":50},{"damage_healed":0,"gold_gain":0,"player_choice":"Fight","damage_taken":0,"max_hp_gain":0,"max_hp_loss":0,"event_name":"Mysterious Sphere","floor":38,"gold_loss":0},{"damage_healed":0,"gold_gain":0,"player_choice":"Embrace Madness","damage_taken":12,"max_hp_gain":0,"max_hp_loss":0,"event_name":"Winding Halls","floor":39,"gold_loss":0,"cards_obtained":["Madness","Madness"]},{"damage_healed":0,"gold_gain":0,"player_choice":"Memory 1","damage_taken":0,"max_hp_gain":0,"max_hp_loss":0,"event_name":"SensoryStone","floor":47,"gold_loss":0}],"is_beta":false,"boss_relics":[{"not_picked":["Philosopher\u0027s Stone","Empty Cage"],"picked":"Calling Bell"},{"not_picked":["Snecko Eye","Cursed Key"],"picked":"Busted Crown"}],"items_purged_floors":[],"is_endless":false,"potions_floor_spawned":[1,5,8,14,16,18,24,25,31,33,36,37,38],"killed_by":"Time Eater","ascension_level":0}}