{"host":"8rgpnls124hwjv5t","time":1612916164,"event":{"mods":["BaseMod","Colored Map","Colored Powertips","DeckTracker","Highlight Path","Minty Spire (QoL Compilation)","Permanent Neow","Quick Restart","Relic Stats","Shop Mod","StSLib"],"gold_per_floor":[110,260,274,51,68,68,98,98,98,2,22,47,47,47,47],"floor_reached":14,"language":"ENG","playtime":419,"items_purged":["Doubt"],"score":176,"play_id":"1a731f28-42b3-40bd-a453-aafd3d035655","local_time":"20210209191604","is_ascension_mode":true,"campfire_choices":[{"data":"Loop","floor":6,"key":"SMITH"},{"data":"Echo Form","floor":8,"key":"SMITH"},{"floor":13,"key":"REST"}],"circlet_count":0,"master_deck":["AscendersBane","Zap","Dualcast","Chaos","Storm","Cold Snap","Auto Shields","Loop+1","Chill","Stack","Fusion","Storm","Storm","Ball Lightning","Rip and Tear","Echo Form+1","Loop","Defragment"],"relics":["Pandora\u0027s Box","Tiny Chest","Matryoshka","Blue Candle"],"acts_visited":["Exordium"],"potions_floor_usage":[7,12,12],"damage_taken":[{"damage":10,"enemies":"Jaw Worm","floor":1,"turns":3},{"damage":3,"enemies":"Cultist","floor":3,"turns":4},{"damage":0,"enemies":"2 Louse","floor":5,"turns":2},{"damage":21,"enemies":"Lagavulin","floor":7,"turns":6},{"damage":2,"enemies":"2 Fungi Beasts","floor":11,"turns":2},{"damage":20,"enemies":"Gremlin Nob","floor":12,"turns":4},{"damage":30,"enemies":"3 Sentries","floor":14,"turns":2}],"seed_played":"-1983980868912854285","potions_obtained":[{"floor":1,"key":"SteroidPotion"},{"floor":5,"key":"PotionOfCapacity"}],"is_trial":false,"path_per_floor":["M","?","M","$","M","R","E","R","T","$","M","E","R","E"],"character_chosen":"DEFECT","items_purchased":["Storm","Ball Lightning","FocusPotion","Loop","Weak Potion"],"campfire_rested":1,"item_purchase_floors":[4,4,4,10,10],"current_hp_per_floor":[54,54,51,51,51,51,30,30,30,30,28,8,29,0,0],"gold":47,"neow_bonus":"BOSS_RELIC","is_daily":false,"chose_seed":false,"campfire_upgraded":2,"win_rate":0.0,"timestamp":1612916164,"path_taken":["M","?","M","$","M","R","E","R","T","?","?","E","R","E"],"items_purchased_type":["Card","Card","Potion","Card","Potion"],"build_version":"2020-12-22","purchased_purges":1,"victory":false,"max_hp_per_floor":[71,71,71,71,71,71,71,71,71,71,71,71,71,71,71],"relic_stats":{"counters":[7,23],"Blue Candle":[0],"Pandora\u0027s Box":["Chaos","Storm","Cold Snap","Auto Shields","Loop","Chill","Stack","Fusion"],"Tiny Chest":0,"obtain_stats":[{"Matryoshka":9,"Blue Candle":12,"Pandora\u0027s Box":0,"Tiny Chest":7,"Cracked Core":0},{"Matryoshka":4,"Blue Candle":6,"Pandora\u0027s Box":0,"Tiny Chest":4,"Cracked Core":0},{"Matryoshka":15,"Blue Candle":21,"Pandora\u0027s Box":0,"Tiny Chest":15,"Cracked Core":0}]},"card_choices":[{"not_picked":["Rebound","Steam"],"picked":"Storm","floor":1},{"not_picked":["Cold Snap","Streamline","Turbo"],"picked":"SKIP","floor":3},{"not_picked":["Beam Cell","Steam"],"picked":"Rip and Tear","floor":5},{"not_picked":["Reboot","Fusion"],"picked":"Echo Form","floor":7},{"not_picked":["Turbo","Stack"],"picked":"Defragment","floor":11},{"not_picked":["Auto Shields","Leap","Conserve Battery"],"picked":"SKIP","floor":12}],"player_experience":542346,"relics_obtained":[{"floor":7,"key":"Tiny Chest"},{"floor":9,"key":"Matryoshka"},{"floor":12,"key":"Blue Candle"}],"event_choices":[{"damage_healed":0,"gold_gain":150,"player_choice":"AGREE","damage_taken":0,"max_hp_gain":0,"max_hp_loss":0,"event_name":"Liars Game","floor":2,"gold_loss":0,"cards_obtained":["Doubt"]}],"is_beta":false,"boss_relics":[],"items_purged_floors":[4],"is_endless":false,"potions_floor_spawned":[1,5,11],"killed_by":"3 Sentries","ascension_level":16}}