{"host":"5wwct7e0z3l0f094","time":1612986187,"event":{"mods":["AchievementEnabler","BaseMod","Highlight Path","Minty Spire (QoL Compilation)","SuperFastMode"],"gold_per_floor":[112,112,123,123,70,70,105,105,132,165,179,197,224,224,224,328,328,373,409,190,215,215],"floor_reached":21,"language":"ENG","playtime":570,"items_purged":["Defend_P"],"score":321,"play_id":"b9e85ed4-bddc-4cac-946a-50579467d2c0","local_time":"20210210144307","is_ascension_mode":true,"campfire_choices":[{"data":"Eruption","floor":6,"key":"SMITH"},{"data":"Devotion","floor":15,"key":"SMITH"}],"circlet_count":0,"master_deck":["Strike_P+1","Strike_P+1","Strike_P+1","Defend_P","Defend_P+1","Eruption+1","Vigilance","Prostrate","Prostrate","Conclude","Devotion+1","Wish"],"relics":["PureWater","NeowsBlessing","Dream Catcher","MealTicket","Anchor","Whetstone","Runic Dome","Tiny Chest"],"acts_visited":["Exordium","TheCity"],"potions_floor_usage":[12,12,21],"damage_taken":[{"damage":0,"enemies":"Cultist","floor":1,"turns":1},{"damage":0,"enemies":"Jaw Worm","floor":3,"turns":1},{"damage":0,"enemies":"Gremlin Nob","floor":7,"turns":1},{"damage":18,"enemies":"3 Sentries","floor":10,"turns":5},{"damage":0,"enemies":"Small Slimes","floor":11,"turns":2},{"damage":0,"enemies":"Gremlin Gang","floor":12,"turns":2},{"damage":0,"enemies":"Gremlin Nob","floor":13,"turns":3},{"damage":18,"enemies":"The Guardian","floor":16,"turns":7},{"damage":14,"enemies":"2 Thieves","floor":18,"turns":3},{"damage":15,"enemies":"Spheric Guardian","floor":19,"turns":5},{"damage":57,"enemies":"Shelled Parasite and Fungi","floor":21,"turns":2}],"seed_played":"940637797495933132","potions_obtained":[{"floor":3,"key":"BottledMiracle"},{"floor":11,"key":"Fruit Juice"},{"floor":13,"key":"ColorlessPotion"},{"floor":19,"key":"FearPotion"}],"is_trial":false,"path_per_floor":["M","$","M","?","$","R","E","?","T","E","M","M","E","?","R","B",null,"M","M","$","M"],"character_chosen":"WATCHER","items_purchased":["Prostrate","Tiny Chest"],"campfire_rested":0,"item_purchase_floors":[5,20],"current_hp_per_floor":[65,65,65,65,65,65,65,51,51,33,33,38,38,38,38,20,63,49,34,49,0,0],"gold":215,"neow_bonus":"THREE_ENEMY_KILL","is_daily":false,"chose_seed":false,"campfire_upgraded":2,"win_rate":0.0,"timestamp":1612986187,"path_taken":["M","$","M","?","$","R","E","?","T","E","M","M","E","?","R","BOSS","M","?","$","M"],"items_purchased_type":["Card","Relic"],"build_version":"2020-12-22","purchased_purges":1,"victory":false,"max_hp_per_floor":[72,72,72,72,72,72,72,72,72,72,72,77,77,77,77,77,77,77,77,77,77,77],"card_choices":[{"not_picked":["Consecrate","EmptyBody","Fasting2"],"picked":"SKIP","floor":1},{"not_picked":["Protect","EmptyMind"],"picked":"Prostrate","floor":3},{"not_picked":["WreathOfFlame","CrushJoints"],"picked":"Conclude","floor":7},{"not_picked":["PathToVictory","FollowUp","FlurryOfBlows"],"picked":"SKIP","floor":10},{"not_picked":["Halt","FollowUp","LikeWater"],"picked":"SKIP","floor":11},{"not_picked":["SashWhip","Worship"],"picked":"Devotion","floor":12},{"not_picked":["ThirdEye","Consecrate","FlurryOfBlows"],"picked":"SKIP","floor":13},{"not_picked":["Alpha","Blasphemy"],"picked":"Wish","floor":16},{"not_picked":["CrushJoints","ClearTheMind+1","Evaluate"],"picked":"SKIP","floor":18},{"not_picked":["JustLucky+1","BowlingBash+1","ClearTheMind"],"picked":"SKIP","floor":19}],"player_experience":305260,"relics_obtained":[{"floor":7,"key":"Dream Catcher"},{"floor":9,"key":"MealTicket"},{"floor":10,"key":"Anchor"},{"floor":13,"key":"Whetstone"}],"event_choices":[{"cards_removed":["Defend_P"],"damage_healed":0,"gold_gain":0,"player_choice":"Forget","damage_taken":0,"max_hp_gain":0,"max_hp_loss":0,"event_name":"Living Wall","floor":4,"gold_loss":0},{"damage_healed":0,"gold_gain":0,"player_choice":"Entered Light","damage_taken":14,"max_hp_gain":0,"max_hp_loss":0,"event_name":"Shining Light","floor":8,"gold_loss":0,"cards_upgraded":["Strike_P","Defend_P"]},{"cards_removed":["Strike_P"],"damage_healed":0,"gold_gain":0,"player_choice":"Offered Basic","damage_taken":0,"max_hp_gain":0,"max_hp_loss":0,"event_name":"Bonfire Elementals","floor":14,"gold_loss":0}],"is_beta":false,"boss_relics":[{"not_picked":["Coffee Dripper","Sozu"],"picked":"Runic Dome"}],"items_purged_floors":[20],"is_endless":false,"potions_floor_spawned":[3,11,13,19],"killed_by":"Shelled Parasite and Fungi","ascension_level":6}}