{"host":"pfea746agqdggr2u","time":1612987692,"event":{"mods":["BaseMod","Filter the Spire","Minty Spire (QoL Compilation)"],"gold_per_floor":[113,113,127,80,30,30,30,45,124,124,153,153,228,228,240,355,367,391,403,415,444,371,399,411,441,453,15,28,28,28,38,38,143,143,154,154,154,154],"floor_reached":39,"language":"ENG","playtime":1903,"items_purged":[],"score":600,"play_id":"8321399a-6816-484a-a7a3-1d08921c11a3","local_time":"20210210120812","is_ascension_mode":false,"campfire_choices":[{"data":"White Noise","floor":6.0,"key":"SMITH"},{"data":"Dualcast","floor":10.0,"key":"SMITH"},{"floor":12.0,"key":"REST"},{"floor":15.0,"key":"REST"},{"floor":24.0,"key":"RECALL"},{"floor":30.0,"key":"REST"},{"data":"Rainbow","floor":32.0,"key":"SMITH"}],"circlet_count":0,"master_deck":["Zap+1","Dualcast+1","Undo","White Noise+1","Barrage","Ball Lightning","Streamline","Electrodynamics","Doom and Gloom","Force Field","Defragment","Chill","Fusion","Rebound","Glacier","Barrage+1","Rainbow+1","Cold Snap","Beam Cell+1","Echo Form","Turbo"],"relics":["Inserter","Letter Opener","Happy Flower","MawBank","Pandora\u0027s Box","Boot","Eternal Feather","Tiny Chest","HandDrill","Bag of Marbles"],"acts_visited":["Exordium","TheCity","TheBeyond"],"potions_floor_usage":[38],"damage_taken":[{"damage":1.0,"enemies":"2 Louse","floor":1.0,"turns":4.0},{"damage":4.0,"enemies":"Cultist","floor":3.0,"turns":4.0},{"damage":0.0,"enemies":"Small Slimes","floor":8.0,"turns":4.0},{"damage":29.0,"enemies":"Gremlin Nob","floor":11.0,"turns":4.0},{"damage":54.0,"enemies":"The Guardian","floor":16.0,"turns":8.0},{"damage":0.0,"enemies":"Chosen","floor":18.0,"turns":4.0},{"damage":0.0,"enemies":"Shell Parasite","floor":21.0,"turns":6.0},{"damage":9.0,"enemies":"Shelled Parasite and Fungi","floor":23.0,"turns":4.0},{"damage":8.0,"enemies":"Sentry and Sphere","floor":25.0,"turns":4.0},{"damage":0.0,"enemies":"Chosen and Byrds","floor":28.0,"turns":4.0},{"damage":0.0,"enemies":"Centurion and Healer","floor":31.0,"turns":6.0},{"damage":42.0,"enemies":"Automaton","floor":33.0,"turns":7.0},{"damage":5.0,"enemies":"3 Shapes","floor":35.0,"turns":3.0},{"damage":71,"enemies":"Donu and Deca","floor":38,"turns":13}],"seed_played":"2080365922874156258","potions_obtained":[{"floor":8.0,"key":"Swift Potion"},{"floor":16.0,"key":"Weak Potion"},{"floor":21.0,"key":"SpeedPotion"},{"floor":23.0,"key":"Strength Potion"},{"floor":25.0,"key":"Ancient Potion"},{"floor":35.0,"key":"PowerPotion"}],"is_trial":false,"path_per_floor":["M","?","M","$","?","R","?","M","T","R","E","R","?","?","R","B",null,"M","?","?","M","?","M","R","M","T","$","M","?","R","M","R","B",null,"M","?","?","B",null],"character_chosen":"DEFECT","items_purchased":["Barrage","Tiny Chest","HandDrill","Bag of Marbles"],"campfire_rested":3,"item_purchase_floors":[4,27,27,27],"current_hp_per_floor":[74,74,70,70,70,70,70,70,70,70,41,63,52,52,74,20,75,75,75,75,75,75,66,66,58,58,58,58,44,77,77,80,38,80,75,75,75,4],"gold":154,"neow_bonus":"BOSS_RELIC","is_daily":false,"chose_seed":false,"campfire_upgraded":3,"win_rate":0.0,"timestamp":1612987692,"path_taken":["M","?","M","?","?","R","?","?","T","R","E","R","?","?","R","BOSS","M","?","?","M","?","M","R","?","T","?","M","?","R","M","R","BOSS","M","?","?","BOSS"],"items_purchased_type":["Card","Relic","Relic","Relic"],"build_version":"2020-12-22","purchased_purges":0,"victory":true,"max_hp_per_floor":[75,75,75,75,75,75,75,75,75,75,75,75,75,75,75,75,75,75,75,75,75,75,75,75,75,75,75,75,80,80,80,80,80,80,80,80,80,80],"card_choices":[{"not_picked":["Rebound","Force Field"],"picked":"Undo","floor":1.0},{"not_picked":["Redo","Stack"],"picked":"White Noise","floor":3.0},{"not_picked":["Undo","Barrage"],"picked":"Ball Lightning","floor":8.0},{"not_picked":["Sweeping Beam","Steam Power"],"picked":"Streamline","floor":11.0},{"not_picked":["Core Surge","Multi-Cast"],"picked":"Electrodynamics","floor":16.0},{"not_picked":["Go for the Eyes","Gash"],"picked":"Rebound","floor":18.0},{"not_picked":["Leap+1","Ball Lightning"],"picked":"Barrage+1","floor":21.0},{"not_picked":["Go for the Eyes","Genetic Algorithm"],"picked":"Compile Driver","floor":23.0},{"not_picked":["Gash","Leap"],"picked":"Rainbow","floor":25.0},{"not_picked":["Turbo","Sweeping Beam+1"],"picked":"Cold Snap","floor":28.0},{"not_picked":["Gash","Steam"],"picked":"Beam Cell+1","floor":31.0},{"not_picked":["Biased Cognition","Thunder Strike"],"picked":"Echo Form","floor":33.0},{"not_picked":["Streamline","Beam Cell+1"],"picked":"Turbo","floor":35.0}],"player_experience":85249,"relics_obtained":[{"floor":9.0,"key":"Letter Opener"},{"floor":11.0,"key":"Happy Flower"},{"floor":26.0,"key":"Eternal Feather"}],"event_choices":[{"damage_healed":0.0,"max_hp_gain":0.0,"max_hp_loss":0.0,"gold_gain":0.0,"event_name":"Upgrade Shrine","player_choice":"Upgraded","floor":2.0,"gold_loss":0.0,"damage_taken":0.0,"cards_upgraded":["Zap"]},{"cards_removed":["Strike_B"],"damage_healed":0.0,"max_hp_gain":0.0,"max_hp_loss":0.0,"gold_gain":0.0,"event_name":"The Cleric","player_choice":"Card Removal","floor":5.0,"gold_loss":50.0,"damage_taken":0.0},{"cards_removed":["Strike_B"],"damage_healed":0.0,"max_hp_gain":0.0,"max_hp_loss":0.0,"gold_gain":0.0,"event_name":"Purifier","player_choice":"Purged","floor":7.0,"gold_loss":0.0,"damage_taken":0.0},{"damage_healed":0.0,"max_hp_gain":0.0,"max_hp_loss":0.0,"gold_gain":75.0,"event_name":"World of Goop","player_choice":"Gather Gold","floor":13.0,"gold_loss":0.0,"damage_taken":11.0},{"damage_healed":0.0,"max_hp_gain":0.0,"max_hp_loss":0.0,"gold_gain":0.0,"event_name":"Dead Adventurer","player_choice":"Searched \u00272\u0027 times","floor":14.0,"gold_loss":0.0,"damage_taken":0.0,"relics_obtained":["MawBank"]},{"cards_removed":["All For One"],"damage_healed":0.0,"max_hp_gain":0.0,"max_hp_loss":0.0,"gold_gain":0.0,"event_name":"Back to Basics","player_choice":"Elegance","floor":19.0,"gold_loss":0.0,"damage_taken":0.0},{"damage_healed":0.0,"max_hp_gain":0.0,"max_hp_loss":0.0,"gold_gain":0.0,"event_name":"The Library","player_choice":"Read","floor":20.0,"gold_loss":0.0,"damage_taken":0.0,"cards_obtained":["Glacier"]},{"damage_healed":0.0,"max_hp_gain":0.0,"max_hp_loss":0.0,"gold_gain":0.0,"event_name":"Addict","player_choice":"Obtained Relic","floor":22.0,"gold_loss":85.0,"damage_taken":0.0,"relics_obtained":["Boot"]},{"damage_healed":0.0,"max_hp_gain":5.0,"max_hp_loss":0.0,"gold_gain":0.0,"event_name":"Forgotten Altar","player_choice":"Shed Blood","floor":29.0,"gold_loss":0.0,"damage_taken":19.0},{"cards_removed":["Compile Driver"],"damage_healed":0.0,"max_hp_gain":0.0,"max_hp_loss":0.0,"gold_gain":0.0,"event_name":"Falling","player_choice":"Removed Attack","floor":36.0,"gold_loss":0.0,"damage_taken":0.0},{"damage_healed":0.0,"max_hp_gain":0.0,"max_hp_loss":0.0,"gold_gain":0.0,"event_name":"SecretPortal","player_choice":"Took Portal","floor":37.0,"gold_loss":0.0,"damage_taken":0.0}],"is_beta":false,"boss_relics":[{"not_picked":["Snecko Eye","Fusion Hammer"],"picked":"Pandora\u0027s Box"},{"not_picked":["Velvet Choker","Runic Dome","Philosopher\u0027s Stone"]}],"items_purged_floors":[],"is_endless":false,"potions_floor_spawned":[8,16,21,23,25,35],"ascension_level":0}}