{"host":"m0bekkrd201b63ug","time":1612985262,"event":{"mods":["AchievementEnabler","BaseMod","Colored Powertips","Minty Spire (QoL Compilation)","Rare Cards Sparkle","StSLib","SuperFastMode","everything is the same but u backflip on backflip","slay the spire mod where everything is the same but ironclad has a cowboy hat"],"gold_per_floor":[115,40,40,60,60,95,95,122,170,181,200,200,212,223,223,297,297,309,309,17,33,33,68,68,78,101,115,30,30,43,78,78,151,151,166,186,204,229,34,59,59,87,114,156,92,92,113,71,71,71],"floor_reached":51,"language":"ENG","playtime":1909,"items_purged":["Strike_G","Strike_G","Strike_G"],"score":1450,"play_id":"b32e9f02-e3a5-4720-8db9-99fa398903ba","local_time":"20210210172742","is_ascension_mode":true,"campfire_choices":[{"data":"Infinite Blades","floor":7.0,"key":"SMITH"},{"data":"Accuracy","floor":15.0,"key":"SMITH"},{"data":"Dodge and Roll","floor":24.0,"key":"SMITH"},{"data":"Blade Dance","floor":29.0,"key":"SMITH"},{"data":"Neutralize","floor":32.0,"key":"SMITH"},{"floor":41.0,"key":"REST"},{"data":"After Image","floor":49,"key":"SMITH"}],"circlet_count":0,"master_deck":["AscendersBane","Strike_G","Strike_G+1","Defend_G","Defend_G","Defend_G","Defend_G+1","Defend_G","Survivor","Neutralize+1","Infinite Blades+1","Quick Slash+1","Backstab+1","Blade Dance+1","Accuracy+1","Adrenaline","Dodge and Roll+1","Blade Dance+1","Dodge and Roll","Adrenaline","Escape Plan","Storm of Steel","After Image+1","Infinite Blades","Finisher+1","Backflip+1"],"relics":["Ring of the Serpent","NeowsBlessing","Ornamental Fan","Molten Egg 2","Oddly Smooth Stone","Lantern","Bag of Marbles","Pen Nib","Bag of Preparation","StrikeDummy","Black Star","StoneCalendar","Juzu Bracelet","Snake Skull","PreservedInsect","Toxic Egg 2","CeramicFish","Mango","MealTicket"],"acts_visited":["Exordium","TheCity","TheBeyond"],"potions_floor_usage":[],"damage_taken":[{"damage":0.0,"enemies":"2 Louse","floor":1.0,"turns":1.0},{"damage":0.0,"enemies":"Cultist","floor":4.0,"turns":1.0},{"damage":0.0,"enemies":"3 Sentries","floor":6.0,"turns":1.0},{"damage":0.0,"enemies":"Jaw Worm","floor":10.0,"turns":3.0},{"damage":0.0,"enemies":"Exordium Wildlife","floor":11.0,"turns":4.0},{"damage":0.0,"enemies":"Gremlin Gang","floor":13.0,"turns":4.0},{"damage":0.0,"enemies":"2 Fungi Beasts","floor":14.0,"turns":1.0},{"damage":11.0,"enemies":"The Guardian","floor":16.0,"turns":9.0},{"damage":12.0,"enemies":"Shell Parasite","floor":18.0,"turns":4.0},{"damage":3.0,"enemies":"Chosen","floor":21.0,"turns":3.0},{"damage":7.0,"enemies":"Slavers","floor":23.0,"turns":3.0},{"damage":0.0,"enemies":"3 Cultists","floor":25.0,"turns":4.0},{"damage":1.0,"enemies":"Cultist and Chosen","floor":27.0,"turns":5.0},{"damage":4.0,"enemies":"Snake Plant","floor":30.0,"turns":3.0},{"damage":0.0,"enemies":"Book of Stabbing","floor":31.0,"turns":2.0},{"damage":37.0,"enemies":"Automaton","floor":33.0,"turns":7.0},{"damage":0.0,"enemies":"Orb Walker","floor":35.0,"turns":2.0},{"damage":4.0,"enemies":"3 Darklings","floor":36.0,"turns":3.0},{"damage":3.0,"enemies":"Sphere and 2 Shapes","floor":37.0,"turns":6.0},{"damage":0.0,"enemies":"Mind Bloom Boss Battle","floor":38.0,"turns":8.0},{"damage":19.0,"enemies":"Nemesis","floor":40.0,"turns":7.0},{"damage":0.0,"enemies":"Reptomancer","floor":42.0,"turns":2.0},{"damage":4.0,"enemies":"Giant Head","floor":44.0,"turns":6.0},{"damage":7,"enemies":"Spire Growth","floor":47,"turns":5},{"damage":59,"enemies":"Awakened One","floor":50,"turns":11}],"seed_played":"6939056542012495120","potions_obtained":[{"floor":4.0,"key":"Fire Potion"},{"floor":6.0,"key":"Fruit Juice"},{"floor":10.0,"key":"Strength Potion"},{"floor":23.0,"key":"Swift Potion"},{"floor":25.0,"key":"FairyPotion"},{"floor":31.0,"key":"Strength Potion"},{"floor":36.0,"key":"FairyPotion"}],"is_trial":false,"path_per_floor":["M","$","?","M","?","E","R","T","T","M","M","?","M","M","R","B",null,"M","?","$","M","?","E","R","M","T","M","?","R","M","E","R","B",null,"M","M","M","?","$","E","R","E","T","E","$","?","M","$","R","B",null],"character_chosen":"THE_SILENT","items_purchased":["Bag of Marbles","Dodge and Roll","Storm of Steel","Infinite Blades","Backflip+1"],"campfire_rested":1,"item_purchase_floors":[20,20,39,45,48],"current_hp_per_floor":[59,59,59,59,39,39,39,39,39,44,44,71,71,71,71,60,68,56,56,56,53,53,46,46,46,46,45,45,45,41,41,41,4,54,54,50,47,47,47,28,49,49,49,59,74,74,67,81,81,22],"gold":71,"neow_bonus":"THREE_ENEMY_KILL","is_daily":false,"chose_seed":false,"campfire_upgraded":6,"win_rate":0.0,"timestamp":1612985262,"path_taken":["M","$","?","?","?","E","R","?","T","?","M","?","?","?","R","BOSS","M","?","$","M","?","E","R","M","T","?","?","R","M","E","R","BOSS","M","M","M","?","$","E","R","E","T","E","$","?","M","$","R","BOSS"],"items_purchased_type":["Relic","Card","Card","Card","Card"],"build_version":"2020-12-22","purchased_purges":3,"victory":true,"max_hp_per_floor":[66,66,66,66,66,66,66,66,66,71,71,71,71,71,71,71,71,71,71,71,71,71,71,71,71,71,71,71,71,71,71,71,71,71,71,71,71,71,71,71,71,71,71,85,85,81,81,81,81,81],"card_choices":[{"not_picked":["Acrobatics","Cloak And Dagger"],"picked":"Quick Slash","floor":1.0},{"not_picked":["Terror","Dodge and Roll"],"picked":"Infinite Blades","floor":4.0},{"not_picked":["Bouncing Flask","Deadly Poison"],"picked":"Quick Slash+1","floor":6.0},{"not_picked":["Deadly Poison","Setup","Finisher+1"],"picked":"SKIP","floor":10.0},{"not_picked":["Flying Knee+1","Wraith Form v2"],"picked":"Backstab+1","floor":11.0},{"not_picked":["Underhanded Strike+1","Noxious Fumes"],"picked":"Blade Dance","floor":13.0},{"not_picked":["Outmaneuver","Underhanded Strike+1"],"picked":"Accuracy","floor":14.0},{"not_picked":["Grand Finale+1","Tools of the Trade"],"picked":"Adrenaline","floor":16.0},{"not_picked":["Deflect","Distraction+1","Catalyst"],"picked":"SKIP","floor":18.0},{"not_picked":["Acrobatics+1","Noxious Fumes","Concentrate"],"picked":"SKIP","floor":21.0},{"not_picked":["Dash+1","Blur","Noxious Fumes"],"picked":"SKIP","floor":23.0},{"not_picked":["Endless Agony+1","Acrobatics","Bouncing Flask"],"picked":"SKIP","floor":25.0},{"not_picked":["Dagger Spray+1","Choke+1"],"picked":"Blade Dance","floor":27.0},{"not_picked":["Distraction","Underhanded Strike+1","Bane+1"],"picked":"SKIP","floor":30.0},{"not_picked":["PiercingWail","Dodge and Roll","Tactician"],"picked":"SKIP","floor":31.0},{"not_picked":["PiercingWail","Tactician"],"picked":"Dodge and Roll","floor":31.0},{"not_picked":["Glass Knife+1","Corpse Explosion"],"picked":"Adrenaline","floor":33.0},{"not_picked":["Calculated Gamble","Skewer+1","Underhanded Strike+1"],"picked":"SKIP","floor":35.0},{"not_picked":["Poisoned Stab+1","Bane+1","Sucker Punch+1"],"picked":"SKIP","floor":36.0},{"not_picked":["Deadly Poison","Riddle With Holes+1","Well Laid Plans"],"picked":"SKIP","floor":37.0},{"not_picked":["Concentrate","All Out Attack+1"],"picked":"Escape Plan","floor":38.0},{"not_picked":["Choke+1","PiercingWail","Sucker Punch+1"],"picked":"SKIP","floor":40.0},{"not_picked":["Finisher+1","Acrobatics+1","Dagger Throw+1"],"picked":"SKIP","floor":42.0},{"not_picked":["Predator+1","Well Laid Plans"],"picked":"After Image","floor":44.0},{"not_picked":["Outmaneuver+1","Flying Knee+1"],"picked":"Finisher+1","floor":47}],"player_experience":231142,"relics_obtained":[{"floor":6.0,"key":"Molten Egg 2"},{"floor":8.0,"key":"Oddly Smooth Stone"},{"floor":9.0,"key":"Lantern"},{"floor":23.0,"key":"Pen Nib"},{"floor":31.0,"key":"StrikeDummy"},{"floor":38.0,"key":"StoneCalendar"},{"floor":40.0,"key":"Juzu Bracelet"},{"floor":40.0,"key":"Snake Skull"},{"floor":42.0,"key":"PreservedInsect"},{"floor":42.0,"key":"Toxic Egg 2"},{"floor":43.0,"key":"CeramicFish"},{"floor":44.0,"key":"Mango"},{"floor":44.0,"key":"MealTicket"}],"event_choices":[{"cards_removed":["Quick Slash"],"damage_healed":0.0,"max_hp_gain":0.0,"max_hp_loss":0.0,"gold_gain":0.0,"event_name":"WeMeetAgain","player_choice":"Gave Card","floor":3.0,"gold_loss":0.0,"damage_taken":0.0,"relics_obtained":["Ornamental Fan"]},{"damage_healed":0.0,"max_hp_gain":0.0,"max_hp_loss":0.0,"gold_gain":0.0,"event_name":"Shining Light","player_choice":"Entered Light","floor":5.0,"gold_loss":0.0,"damage_taken":20.0,"cards_upgraded":["Defend_G","Strike_G"]},{"damage_healed":27.0,"max_hp_gain":0.0,"max_hp_loss":0.0,"gold_gain":0.0,"event_name":"Wheel of Change","player_choice":"Full Heal","floor":12.0,"gold_loss":0.0,"damage_taken":0.0},{"damage_healed":0.0,"max_hp_gain":0.0,"max_hp_loss":0.0,"gold_gain":0.0,"event_name":"Vampires","player_choice":"Ignored","floor":19.0,"gold_loss":0.0,"damage_taken":0.0},{"damage_healed":0.0,"max_hp_gain":0.0,"max_hp_loss":0.0,"gold_gain":0.0,"event_name":"Accursed Blacksmith","player_choice":"Forge","floor":22.0,"gold_loss":0.0,"damage_taken":0.0,"cards_upgraded":["Blade Dance"]},{"damage_healed":0.0,"max_hp_gain":0.0,"max_hp_loss":0.0,"gold_gain":0.0,"event_name":"Addict","player_choice":"Obtained Relic","floor":28.0,"gold_loss":85.0,"damage_taken":0.0,"relics_obtained":["Bag of Preparation"]},{"damage_healed":0.0,"max_hp_gain":0.0,"max_hp_loss":0.0,"gold_gain":0.0,"event_name":"MindBloom","player_choice":"Fight","floor":38.0,"gold_loss":0.0,"damage_taken":0.0},{"damage_healed":0,"gold_gain":0,"player_choice":"Max HP","damage_taken":0,"max_hp_gain":0,"max_hp_loss":4,"event_name":"Winding Halls","floor":46,"gold_loss":0}],"is_beta":false,"boss_relics":[{"not_picked":["Ectoplasm","Fusion Hammer"],"picked":"Ring of the Serpent"},{"not_picked":["HoveringKite","Astrolabe"],"picked":"Black Star"}],"items_purged_floors":[2,20,39],"is_endless":false,"potions_floor_spawned":[4,6,10,14,23,25,27,30,31,36,38,40,47],"ascension_level":15}}