{"host":"4nqeo0vu1vuav7gg","time":1612976163,"event":{"mods":["AchievementEnabler","BaseMod","Block Reminder","Colored Map","Colored Powertips","Highlight Path","Minty Spire (QoL Compilation)","Quick Restart","Rare Cards Sparkle","Relic Relevance Reorder","StSLib"],"gold_per_floor":[112,112,8,8,8,8,36,55,129,145,174,186,186,198,198,272,272,284,284,284,298,49,49,49],"floor_reached":23,"language":"ENG","playtime":827,"items_purged":[],"score":448,"play_id":"8470b5fd-2c0b-4cb9-b5f2-8ebe4e028873","local_time":"20210210175603","is_ascension_mode":true,"campfire_choices":[{"data":"Loop","floor":6.0,"key":"SMITH"},{"data":"Go for the Eyes","floor":13.0,"key":"SMITH"},{"data":"Zap","floor":15.0,"key":"SMITH"}],"circlet_count":0,"master_deck":["AscendersBane","Strike_B","Strike_B","Defend_B","Defend_B","Defend_B","Defend_B","Zap+1","Dualcast","Redo+1","Streamline","Loop+1","Chill","Capacitor","Conserve Battery","Sweeping Beam","Go for the Eyes+1","FTL","Echo Form","Glacier","Writhe","Rebound","Machine Learning","Self Repair"],"relics":["Cracked Core","Pen Nib","Cables","NeowsBlessing","Bronze Scales","Smiling Mask","Membership Card","Meat on the Bone","Pear","SacredBark"],"acts_visited":["Exordium","TheCity"],"potions_floor_usage":[23],"damage_taken":[{"damage":0.0,"enemies":"2 Louse","floor":1.0,"turns":1.0},{"damage":0.0,"enemies":"3 Sentries","floor":7.0,"turns":1.0},{"damage":0.0,"enemies":"Cultist","floor":8.0,"turns":1.0},{"damage":0.0,"enemies":"Small Slimes","floor":10.0,"turns":3.0},{"damage":12.0,"enemies":"Gremlin Nob","floor":11.0,"turns":3.0},{"damage":7.0,"enemies":"Blue Slaver","floor":12.0,"turns":3.0},{"damage":4.0,"enemies":"Exordium Wildlife","floor":14.0,"turns":3.0},{"damage":21.0,"enemies":"The Guardian","floor":16.0,"turns":12.0},{"damage":38.0,"enemies":"Spheric Guardian","floor":18.0,"turns":6.0},{"damage":33,"enemies":"2 Thieves","floor":21,"turns":4},{"damage":26,"enemies":"Slavers","floor":23,"turns":4}],"seed_played":"4285547887888529568","potions_obtained":[{"floor":8.0,"key":"Explosive Potion"},{"floor":10.0,"key":"FearPotion"},{"floor":12.0,"key":"Swift Potion"},{"floor":14.0,"key":"ColorlessPotion"},{"floor":16.0,"key":"Ancient Potion"}],"is_trial":false,"path_per_floor":["M","?","$","?","$","R","E","M","T","M","E","M","R","M","R","B",null,"M","?","?","M","$","E"],"character_chosen":"DEFECT","items_purchased":["Streamline","Loop","Membership Card","Pen Nib"],"campfire_rested":0,"item_purchase_floors":[3,3,22,22],"current_hp_per_floor":[64,64,64,59,59,59,59,59,69,69,57,50,50,46,46,37,70,44,44,44,23,23,0,0],"gold":49,"neow_bonus":"THREE_ENEMY_KILL","is_daily":false,"chose_seed":false,"campfire_upgraded":3,"win_rate":0.0,"timestamp":1612976163,"path_taken":["M","?","?","?","$","R","E","M","T","?","E","M","R","M","R","BOSS","M","?","?","M","?","E"],"items_purchased_type":["Card","Card","Relic","Relic"],"build_version":"2020-12-22","purchased_purges":0,"victory":false,"max_hp_per_floor":[71,71,71,71,71,71,71,71,81,81,81,81,81,81,81,81,81,81,81,81,81,81,81,81],"card_choices":[{"not_picked":["Storm","Skim"],"picked":"Redo","floor":1.0},{"not_picked":["Doom and Gloom","Redo"],"picked":"Chill","floor":7.0},{"not_picked":["Hello World","Skim"],"picked":"Capacitor","floor":8.0},{"not_picked":["Barrage","Hologram"],"picked":"Conserve Battery","floor":10.0},{"not_picked":["Lockon","Gash"],"picked":"Sweeping Beam","floor":11.0},{"not_picked":["Conserve Battery","Self Repair"],"picked":"Go for the Eyes","floor":12.0},{"not_picked":["Sweeping Beam","Leap"],"picked":"FTL","floor":14.0},{"not_picked":["Core Surge","Hyperbeam"],"picked":"Echo Form","floor":16.0},{"not_picked":["Doom and Gloom","Genetic Algorithm"],"picked":"Glacier","floor":18.0},{"not_picked":["Leap+1","Chaos"],"picked":"Self Repair","floor":21}],"player_experience":1100785,"relics_obtained":[{"floor":7.0,"key":"Cables"},{"floor":9.0,"key":"Pear"},{"floor":11.0,"key":"Smiling Mask"}],"event_choices":[{"damage_healed":0.0,"max_hp_gain":0.0,"max_hp_loss":0.0,"gold_gain":0.0,"event_name":"Accursed Blacksmith","player_choice":"Forge","floor":2.0,"gold_loss":0.0,"damage_taken":0.0,"cards_upgraded":["Redo"]},{"damage_healed":0.0,"max_hp_gain":0.0,"max_hp_loss":0.0,"gold_gain":0.0,"event_name":"Scrap Ooze","player_choice":"Success","floor":4.0,"gold_loss":0.0,"damage_taken":5.0,"relics_obtained":["Meat on the Bone"]},{"damage_healed":0.0,"max_hp_gain":0.0,"max_hp_loss":0.0,"gold_gain":0.0,"event_name":"The Mausoleum","player_choice":"Opened","floor":19.0,"gold_loss":0.0,"damage_taken":0.0,"relics_obtained":["Bronze Scales"],"cards_obtained":["Writhe"]},{"damage_healed":0.0,"max_hp_gain":0.0,"max_hp_loss":0.0,"gold_gain":0.0,"cards_transformed":["Strike_B","Strike_B"],"event_name":"Drug Dealer","player_choice":"Became Test Subject","floor":20.0,"gold_loss":0.0,"damage_taken":0.0,"cards_obtained":["Rebound","Machine Learning"]}],"is_beta":false,"boss_relics":[{"not_picked":["Ectoplasm","Runic Dome"],"picked":"SacredBark"}],"items_purged_floors":[],"is_endless":false,"potions_floor_spawned":[8,10,12,14,16],"killed_by":"Slavers","ascension_level":20}}