{"host":"6pgtslebjnyv5xmi","time":1612966745,"event":{"mods":["AchievementEnabler","BaseMod","Colored Map","Minty Spire (QoL Compilation)","Rare Cards Sparkle","StSLib","SuperFastMode","The Cursed","everything is the same but u backflip on backflip"],"gold_per_floor":[112,130,55,55,55,81,81,97,97,97,111,121,121,132,132,211,211,222,222,238,26,37,37,37],"floor_reached":23,"language":"KOR","playtime":831,"items_purged":["Strike_R","Bash"],"score":414,"play_id":"5f01cbc8-c511-42b1-bac0-55c5ddf8ba71","local_time":"20210210231905","is_ascension_mode":true,"campfire_choices":[{"data":"Searing Blow","floor":7,"key":"SMITH"},{"data":"Searing Blow+1","floor":10,"key":"SMITH"},{"data":"Searing Blow+3","floor":15,"key":"SMITH"}],"circlet_count":0,"master_deck":["AscendersBane","Strike_R+1","Strike_R+1","Strike_R+1","Defend_R+1","Defend_R+1","Defend_R+1","Defend_R+1","Evolve","Searing Blow+4","Flex","CurseOfTheBell","Sword Boomerang+1","Headbutt+1"],"relics":["Burning Blood","NeowsBlessing","StrikeDummy","Singing Bowl","Calling Bell","Smiling Mask","InkBottle","TungstenRod","Vajra"],"acts_visited":["Exordium","TheCity"],"potions_floor_usage":[14,16,18,20,22],"damage_taken":[{"damage":0,"enemies":"Small Slimes","floor":1,"turns":1},{"damage":0,"enemies":"Cultist","floor":2,"turns":1},{"damage":0,"enemies":"Gremlin Nob","floor":6,"turns":1},{"damage":0,"enemies":"2 Louse","floor":8,"turns":2},{"damage":30,"enemies":"Gremlin Gang","floor":11,"turns":5},{"damage":1,"enemies":"2 Fungi Beasts","floor":12,"turns":4},{"damage":6,"enemies":"Looter","floor":14,"turns":2},{"damage":50,"enemies":"Hexaghost","floor":16,"turns":9},{"damage":42,"enemies":"Shell Parasite","floor":18,"turns":5},{"damage":2,"enemies":"3 Byrds","floor":20,"turns":4},{"damage":8,"enemies":"Centurion and Healer","floor":22,"turns":4},{"damage":43,"enemies":"Book of Stabbing","floor":23,"turns":4}],"seed_played":"9050103263787441989","potions_obtained":[{"floor":6,"key":"LiquidMemories"},{"floor":11,"key":"Fruit Juice"},{"floor":14,"key":"Fire Potion"},{"floor":16,"key":"Explosive Potion"},{"floor":20,"key":"SkillPotion"}],"is_trial":false,"path_per_floor":["M","M","$","?","?","E","R","M","T","R","M","M","?","M","R","B",null,"M","?","M","$","M","E"],"character_chosen":"IRONCLAD","items_purchased":["Vajra"],"campfire_rested":0,"item_purchase_floors":[21],"current_hp_per_floor":[74,75,75,75,75,75,75,75,75,75,53,60,60,67,67,25,72,36,36,40,40,40,0,0],"gold":37,"neow_bonus":"THREE_ENEMY_KILL","is_daily":false,"chose_seed":false,"campfire_upgraded":3,"win_rate":0.0,"timestamp":1612966745,"path_taken":["M","M","$","?","?","E","R","M","T","R","M","?","?","?","R","BOSS","M","?","M","$","M","E"],"items_purchased_type":["Relic"],"build_version":"2020-12-22","purchased_purges":2,"victory":false,"max_hp_per_floor":[75,75,75,75,75,75,75,75,75,75,77,79,79,86,86,88,88,88,88,88,88,90,90,90],"card_choices":[{"not_picked":["Sword Boomerang","Cleave"],"picked":"Evolve","floor":1},{"not_picked":["Clash","Warcry"],"picked":"Searing Blow","floor":2},{"not_picked":["Uppercut","Carnage","True Grit"],"picked":"SKIP","floor":6},{"not_picked":["Sentinel","Flex","Shrug It Off"],"picked":"SKIP","floor":8},{"not_picked":["Body Slam","Pummel","True Grit"],"picked":"Singing Bowl","floor":11},{"not_picked":["Sword Boomerang","Infernal Blade","Searing Blow"],"picked":"Singing Bowl","floor":12},{"not_picked":["Power Through","Exhume","Clash"],"picked":"Singing Bowl","floor":14},{"not_picked":["Brutality","Feed","Bludgeon"],"picked":"Singing Bowl","floor":16},{"not_picked":["Dropkick","Clash"],"picked":"Sword Boomerang+1","floor":18},{"not_picked":["Rage","Pommel Strike"],"picked":"Headbutt+1","floor":20},{"not_picked":["Rampage","Hemokinesis","Clothesline"],"picked":"Singing Bowl","floor":22}],"player_experience":1116147,"relics_obtained":[{"floor":6,"key":"StrikeDummy"},{"floor":9,"key":"Singing Bowl"},{"floor":17,"key":"Smiling Mask"},{"floor":17,"key":"InkBottle"},{"floor":17,"key":"TungstenRod"}],"event_choices":[{"damage_healed":0,"gold_gain":0,"player_choice":"Leave","damage_taken":0,"max_hp_gain":0,"max_hp_loss":0,"event_name":"The Cleric","floor":4,"gold_loss":0},{"damage_healed":0,"gold_gain":0,"cards_transformed":["Strike_R"],"player_choice":"Transformed","damage_taken":0,"max_hp_gain":0,"max_hp_loss":0,"event_name":"Transmorgrifier","floor":5,"gold_loss":0,"cards_obtained":["Flex"]},{"damage_healed":0,"gold_gain":0,"player_choice":"Forge","damage_taken":0,"max_hp_gain":0,"max_hp_loss":0,"event_name":"Accursed Blacksmith","floor":13,"gold_loss":0,"cards_upgraded":["Searing Blow"]},{"damage_healed":0,"gold_gain":0,"player_choice":"Simplicity","damage_taken":0,"max_hp_gain":0,"max_hp_loss":0,"event_name":"Back to Basics","floor":19,"gold_loss":0,"cards_upgraded":["Strike_R","Strike_R","Strike_R","Defend_R","Defend_R","Defend_R","Defend_R"]}],"is_beta":false,"boss_relics":[{"not_picked":["Philosopher\u0027s Stone","Empty Cage"],"picked":"Calling Bell"}],"items_purged_floors":[3,21],"is_endless":false,"potions_floor_spawned":[6,11,14,16,20],"killed_by":"Book of Stabbing","ascension_level":18}}