{"host":"m4zn6rtsd36lrr22","time":1612959702,"event":{"mods":["2.2 Compatiblity","Act Like it!","BaseMod","Better Synergies","BetterRewards","CapriCore","Colored Map","Custom Start","FoggyMod","Gensokyo","GungeonMod","HololiveMod","Ironclad Rager","Lobotomy","LobotomyExtend","Luminous","Minty Spire (QoL Compilation)","Permanent Neow","Poor People Problems","Prisma Mod","Quick Restart","Reimu（博丽灵梦）","Relic Filter Mod","Relic Stats","Reliquary","Remilia（蕾米莉亚）","Remove Card Discount Mod","Replay The Spire","RumiaBox-露米娅的神秘盒子","Shop Mod","Spicy Shops","StSLib","The Alterego","The Animator","The Immortal","WarShipGirlsR/战舰少女R mod","Yakumo Yukari mod","noobMod","【功能Mod】混沌之环修复补丁","【遗物卡牌】REMEMod"],"gold_per_floor":[116,116,11,11,11,11,3,3,3,37,48,48,373,373,373,476,476,493,493,493],"floor_reached":19,"language":"ZHS","playtime":903,"items_purged":["animator:Strike","animator:Strike","animator:Defend","animator:Defend"],"score":213,"play_id":"8624c645-d0df-462b-b651-90defed3051b","local_time":"20210210202142","is_ascension_mode":false,"campfire_choices":[{"data":"animator:LizardPriest","floor":6,"key":"SMITH"},{"data":"animator:DwarfShaman","floor":8,"key":"SMITH"},{"floor":15,"key":"DIG"}],"circlet_count":0,"master_deck":["animator:Defend_GoblinSlayer","animator:Strike","animator:Defend","animator:DwarfShaman+1","animator:Priestess","animator:Priestess"],"relics":["animator:LivingPicture","animator:TheMissingPiece","REME_ComplimentaryCards","ice","animator:PurgingStone","CogitoBucket","RabbitCall","LetterFromLob","Gensokyo:Mercy","REME_HandOfSuture","Vajra","Regal Pillow","Strawberry","DemoMod:WhiteGuonStone","DemoMod:GlassGuonStoneRelic","LastBattle","animator:RacePiece"],"acts_visited":["Gensokyo:Gensokyo","Gensokyo:Gensokyoer"],"potions_floor_usage":[],"damage_taken":[{"damage":2.0,"enemies":"Gensokyo:3_Fairies","floor":1.0,"turns":5.0},{"damage":13,"enemies":"Gensokyo:Aya","floor":10,"turns":7},{"damage":0,"enemies":"Gensokyo:Python","floor":11,"turns":3},{"damage":3,"enemies":"Gensokyo:2_Kodama","floor":13,"turns":5},{"damage":0,"enemies":"Gensokyo:Kokoro","floor":16,"turns":12},{"damage":0,"enemies":"Gensokyo:CosmicMonolith","floor":18,"turns":4},{"damage":73,"enemies":"Gensokyo:CosmicMonolith","floor":19,"turns":6}],"seed_played":"-1808562311718592840","potions_obtained":[{"floor":1.0,"key":"ColorlessPotion"},{"floor":10,"key":"DemoMod:LeadSkinPotion"}],"is_trial":false,"path_per_floor":["M","M","COS","?","?","R","$","R","T","E","M","?","M","M","R_BF","B",null,"M","?"],"character_chosen":"THE_ANIMATOR","items_purchased":[],"campfire_rested":0,"item_purchase_floors":[],"current_hp_per_floor":[64,64,64,64,64,64,64,64,64,53,53,50,47,47,47,47,73,73,0,0],"gold":493,"neow_bonus":"","is_daily":false,"chose_seed":false,"campfire_upgraded":2,"win_rate":0.0,"timestamp":1612959702,"path_taken":["M","?","COS","?","?","R","?","R","T","E","?","?","?","?","R_BF","BOSS","M","?"],"items_purchased_type":[],"build_version":"2020-12-22","purchased_purges":4,"victory":false,"max_hp_per_floor":[66,66,66,66,66,66,66,66,66,66,66,73,73,73,73,73,73,73,73,73],"relic_stats":{"Regal Pillow":0,"counters":[8,43],"obtain_stats":[{"RabbitCall":0,"Regal Pillow":11,"animator:TheMissingPiece":0,"Vajra":10,"DemoMod:GlassGuonStoneRelic":1,"ice":0,"DemoMod:WhiteGuonStone":13,"LastBattle":15,"animator:RacePiece":17,"CogitoBucket":0,"animator:PurgingStone":0,"Gensokyo:Mercy":2,"Strawberry":12,"animator:LivingPicture":0,"REME_HandOfSuture":9,"LetterFromLob":1,"REME_ComplimentaryCards":0},{"RabbitCall":0,"Regal Pillow":3,"animator:TheMissingPiece":0,"Vajra":2,"DemoMod:GlassGuonStoneRelic":1,"ice":0,"DemoMod:WhiteGuonStone":4,"LastBattle":4,"animator:RacePiece":5,"CogitoBucket":0,"animator:PurgingStone":0,"Gensokyo:Mercy":1,"Strawberry":3,"animator:LivingPicture":0,"REME_HandOfSuture":1,"LetterFromLob":1,"REME_ComplimentaryCards":0},{"RabbitCall":0,"Regal Pillow":13,"animator:TheMissingPiece":0,"Vajra":12,"DemoMod:GlassGuonStoneRelic":5,"ice":0,"DemoMod:WhiteGuonStone":16,"LastBattle":20,"animator:RacePiece":32,"CogitoBucket":0,"animator:PurgingStone":0,"Gensokyo:Mercy":5,"Strawberry":15,"animator:LivingPicture":0,"REME_HandOfSuture":5,"LetterFromLob":5,"REME_ComplimentaryCards":0}]},"card_choices":[{"not_picked":["NakedNest","OSAHOGD","VoidDream"],"picked":"Singing Bowl","floor":1.0},{"not_picked":["animator:Rena","animator:Kazuma"],"picked":"animator:Entoma","floor":1.0},{"not_picked":["LittlePrince","Scarecrow","UniverseFragment"],"picked":"Singing Bowl","floor":10},{"not_picked":["animator:Emonzaemon","animator:IzunaHatsuse","animator:SayakaMiki"],"picked":"SKIP","floor":10},{"not_picked":["SpiderBud","MHz","OSAHOGD"],"picked":"Singing Bowl","floor":11},{"not_picked":["animator:KyokoSakura","animator:Fredrika","animator:Konayuki"],"picked":"SKIP","floor":11},{"not_picked":["UniverseFragment","NakedNest","LaLuna"],"picked":"Singing Bowl","floor":13},{"not_picked":["animator:LizardPriest","animator:Witch"],"picked":"animator:Priestess","floor":13},{"not_picked":["Rudolta","BigBadWolf","Wellcheers"],"picked":"Singing Bowl","floor":16},{"not_picked":["Woodsman","ShyLook","BeautyBeast"],"picked":"Singing Bowl","floor":18},{"not_picked":["animator:LizardPriest+1","animator:MamiTomoe"],"picked":"animator:Priestess","floor":18}],"player_experience":386204,"relics_obtained":[{"floor":1.0,"key":"LetterFromLob"},{"floor":9,"key":"REME_HandOfSuture"},{"floor":10,"key":"Vajra"},{"floor":15,"key":"LastBattle"}],"event_choices":[],"is_beta":false,"boss_relics":[{"not_picked":["Sozu","reliquary:RedCape"],"picked":"animator:RacePiece"}],"items_purged_floors":[7,7,7,7],"is_endless":false,"potions_floor_spawned":[1,10,13,18],"killed_by":"Gensokyo:CosmicMonolith","ascension_level":0}}