{"host":"7du22lxzqv5spo2i","time":1612917433,"event":{"mods":["AchievementEnabler","BaseMod","Minty Spire (QoL Compilation)","Quick Restart"],"gold_per_floor":[115,125,125,54,54,89,89,103,126,136,136,166,184,217,217,341,341,352,367,393,393,407,407,432,432,432],"floor_reached":25,"language":"ENG","playtime":1504,"items_purged":[],"score":279,"play_id":"234c1f6b-c1b7-4327-8118-f6ffc937e37c","local_time":"20210209183713","is_ascension_mode":true,"campfire_choices":[{"data":"BattleHymn","floor":7,"key":"SMITH"},{"data":"Eruption","floor":11,"key":"SMITH"},{"data":"ClearTheMind","floor":15,"key":"SMITH"},{"floor":23,"key":"REST"}],"circlet_count":0,"master_deck":["Strike_P","Strike_P","Strike_P","Defend_P","Defend_P","Defend_P","Defend_P","Eruption+1","Vigilance","BattleHymn+1","CutThroughFate","ClearTheMind+1","Vengeance","Devotion","SandsOfTime","Perseverance","Evaluate"],"relics":["PureWater","NeowsBlessing","Omamori","Boot","Potion Belt","Art of War","Philosopher\u0027s Stone","Red Mask","Regal Pillow"],"acts_visited":["Exordium","TheCity"],"potions_floor_usage":[12,16,19,24,24,24],"damage_taken":[{"damage":0,"enemies":"Cultist","floor":1,"turns":1},{"damage":0,"enemies":"Jaw Worm","floor":2,"turns":1},{"damage":0,"enemies":"Lagavulin","floor":6,"turns":2},{"damage":2,"enemies":"2 Louse","floor":8,"turns":4},{"damage":1,"enemies":"Exordium Wildlife","floor":10,"turns":3},{"damage":5,"enemies":"3 Sentries","floor":12,"turns":5},{"damage":2,"enemies":"Exordium Thugs","floor":13,"turns":3},{"damage":2,"enemies":"Gremlin Nob","floor":14,"turns":3},{"damage":33,"enemies":"Hexaghost","floor":16,"turns":7},{"damage":2,"enemies":"Chosen","floor":18,"turns":3},{"damage":14,"enemies":"2 Thieves","floor":19,"turns":4},{"damage":50,"enemies":"Masked Bandits","floor":20,"turns":6},{"damage":2,"enemies":"Chosen and Byrds","floor":22,"turns":4},{"damage":18,"enemies":"Slavers","floor":24,"turns":5},{"damage":8,"enemies":"3 Cultists","floor":25,"turns":3}],"seed_played":"-8704055581463104483","potions_obtained":[{"floor":1,"key":"BlessingOfTheForge"},{"floor":6,"key":"ColorlessPotion"},{"floor":13,"key":"Strength Potion"},{"floor":16,"key":"SneckoOil"},{"floor":18,"key":"PowerPotion"},{"floor":21,"key":"LiquidBronze"},{"floor":21,"key":"Block Potion"},{"floor":21,"key":"SpeedPotion"},{"floor":24,"key":"FearPotion"}],"is_trial":false,"path_per_floor":["M","M","?","$","?","E","R","M","T","M","R","E","M","E","R","B",null,"M","M","?","?","M","R","E","M"],"character_chosen":"WATCHER","items_purchased":["BattleHymn"],"campfire_rested":1,"item_purchase_floors":[4],"current_hp_per_floor":[72,72,65,65,65,65,65,63,63,62,62,57,55,53,53,20,72,70,56,6,6,4,25,7,0,0],"gold":432,"neow_bonus":"THREE_ENEMY_KILL","is_daily":false,"chose_seed":false,"campfire_upgraded":3,"win_rate":0.0,"timestamp":1612917433,"path_taken":["M","M","?","$","?","E","R","M","T","M","R","E","M","E","R","BOSS","M","M","?","?","?","R","E","?"],"items_purchased_type":["Card"],"build_version":"2020-12-22","purchased_purges":0,"victory":false,"max_hp_per_floor":[72,72,72,72,72,72,72,72,72,72,72,72,72,72,72,72,72,72,72,72,72,72,72,72,72,72],"card_choices":[{"not_picked":["Prostrate","FollowUp","Evaluate"],"picked":"SKIP","floor":1},{"not_picked":["CrushJoints","FlyingSleeves","TalkToTheHand"],"picked":"SKIP","floor":2},{"not_picked":["Judgement","Prostrate","Consecrate"],"picked":"SKIP","floor":6},{"not_picked":["Indignation","LikeWater"],"picked":"CutThroughFate","floor":8},{"not_picked":["ForeignInfluence","FlyingSleeves","EmptyBody"],"picked":"SKIP","floor":10},{"not_picked":["WaveOfTheHand","SignatureMove"],"picked":"ClearTheMind","floor":12},{"not_picked":["DeceiveReality","PathToVictory"],"picked":"Vengeance","floor":13},{"not_picked":["Judgement","EmptyFist","ThirdEye"],"picked":"SKIP","floor":14},{"not_picked":["Scrawl","LessonLearned"],"picked":"Devotion","floor":16},{"not_picked":["ClearTheMind+1","FlurryOfBlows"],"picked":"SandsOfTime","floor":18},{"not_picked":["CutThroughFate","Sanctity"],"picked":"Perseverance","floor":19},{"not_picked":["Halt+1","ThirdEye","PathToVictory"],"picked":"SKIP","floor":22},{"not_picked":["Weave","EmptyBody"],"picked":"Evaluate","floor":24}],"player_experience":553762,"relics_obtained":[{"floor":6,"key":"Omamori"},{"floor":9,"key":"Boot"},{"floor":12,"key":"Potion Belt"},{"floor":14,"key":"Art of War"},{"floor":20,"key":"Red Mask"},{"floor":24,"key":"Regal Pillow"}],"event_choices":[{"cards_removed":["Strike_P"],"damage_healed":0,"gold_gain":0,"player_choice":"Card Removal","damage_taken":7,"max_hp_gain":0,"max_hp_loss":0,"event_name":"Golden Wing","floor":3,"gold_loss":0},{"damage_healed":0,"gold_gain":0,"player_choice":"Ignored","damage_taken":0,"max_hp_gain":0,"max_hp_loss":0,"event_name":"Liars Game","floor":5,"gold_loss":0},{"damage_healed":0,"gold_gain":0,"player_choice":"Fought Bandits","damage_taken":0,"max_hp_gain":0,"max_hp_loss":0,"event_name":"Masked Bandits","floor":20,"gold_loss":0},{"damage_healed":0,"gold_gain":0,"player_choice":"Got Potions","damage_taken":0,"max_hp_gain":0,"max_hp_loss":0,"event_name":"Lab","floor":21,"gold_loss":0}],"is_beta":false,"boss_relics":[{"not_picked":["Pandora\u0027s Box","VioletLotus"],"picked":"Philosopher\u0027s Stone"}],"items_purged_floors":[],"is_endless":false,"potions_floor_spawned":[1,6,13,16,18,24],"killed_by":"3 Cultists","ascension_level":1}}