{"host":"qs9tt0idvebcxhcs","time":1612923163,"event":{"mods":["BaseMod","Downfall","Friendly Minions","Highlight Path","Minty Spire (QoL Compilation)","StSLib","Synergy Search","The Administrix"],"gold_per_floor":[99,117,137,148,148,160,210,210,210,239,239,11,11,27,47,47,47,47],"floor_reached":16,"language":"ENG","playtime":1820,"items_purged":[],"score":102,"play_id":"f5953232-8f45-4d5f-bbb7-bb1f5664a043","local_time":"20210210121243","is_ascension_mode":false,"campfire_choices":[{"data":"Guardian:CurlUp","floor":1.0,"key":"SMITH"},{"data":"Guardian:TwinSlam","floor":9.0,"key":"SMITH"},{"data":"Guardian:Preprogram","floor":11.0,"key":"SMITH"}],"circlet_count":0,"master_deck":["Guardian:Strike_Guardian","Guardian:Strike_Guardian","Guardian:Strike_Guardian","Guardian:Defend_Guardian","Guardian:Defend_Guardian","Guardian:Defend_Guardian","Guardian:Defend_Guardian","Guardian:CurlUp+1","Guardian:TwinSlam+1","Guardian:Gem_Green","Guardian:ShieldCharger","Guardian:EvasiveProtocol","Guardian:PrimingBeam","Guardian:BodySlam","Guardian:Preprogram+1","Guardian:PrismaticBarrier","Guardian:ArmoredProtocol","Guardian:PrismaticBarrier","Guardian:PiercingHide","Guardian:Gem_Red","Guardian:ShieldCharger"],"relics":["Guardian:ModeShifter","Omamori","Guardian:PickAxe","Dream Catcher"],"acts_visited":["Exordium"],"potions_floor_usage":[16,16,16],"damage_taken":[{"damage":1.0,"enemies":"Cultist","floor":2.0,"turns":5.0},{"damage":6.0,"enemies":"2 Louse","floor":3.0,"turns":3.0},{"damage":10.0,"enemies":"Small Slimes","floor":4.0,"turns":5.0},{"damage":5.0,"enemies":"Exordium Thugs","floor":6.0,"turns":8.0},{"damage":16.0,"enemies":"Exordium Thugs","floor":8.0,"turns":5.0},{"damage":8.0,"enemies":"Gremlin Nob","floor":10.0,"turns":3.0},{"damage":0.0,"enemies":"downfall:FleeingMerchant","floor":12.0,"turns":4.0},{"damage":4.0,"enemies":"Red Slaver","floor":14.0,"turns":3.0},{"damage":5.0,"enemies":"Exordium Thugs","floor":15.0,"turns":3.0},{"damage":29,"enemies":"DF_ARCHETYPE_STREAMLINE","floor":16,"turns":12}],"seed_played":"-2363624791950605036","potions_obtained":[{"floor":3.0,"key":"Block Potion"},{"floor":6.0,"key":"Slimebound:ThreeZeroPotion"}],"is_trial":false,"path_per_floor":["R","M","M","M","?","M","T","?","R","E","R","$","?","M","M","B"],"character_chosen":"GUARDIAN","items_purchased":["Guardian:ArmoredProtocol","Guardian:PrismaticBarrier","Guardian:PiercingHide","AttackPotion"],"campfire_rested":0,"item_purchase_floors":[12,12,12,12],"current_hp_per_floor":[88,87,81,71,71,66,66,38,38,30,30,30,30,26,21,0,0,0],"gold":47,"neow_bonus":"TEN_PERCENT_HP_BONUS","is_daily":false,"chose_seed":false,"campfire_upgraded":3,"win_rate":0.0,"timestamp":1612923163,"path_taken":["R","M","M","M","?","?","T","?","R","E","R","$","?","?","M","BOSS"],"items_purchased_type":["Card","Card","Card","Potion"],"build_version":"2020-12-22","purchased_purges":0,"victory":false,"max_hp_per_floor":[88,88,88,88,88,88,88,88,88,88,88,88,88,88,88,88,88,88],"card_choices":[{"not_picked":["Guardian:Gem_Yellow","Guardian:Incinerate"],"picked":"Guardian:Gem_Green","floor":2.0},{"not_picked":["Guardian:Emergency","Guardian:RefractedBeam"],"picked":"Guardian:ShieldCharger","floor":3.0},{"not_picked":["Guardian:ShieldSpikes","Guardian:ArmoredProtocol"],"picked":"Guardian:EvasiveProtocol","floor":4.0},{"not_picked":["Guardian:WalkerClaw","Guardian:Recover"],"picked":"Guardian:BodySlam","floor":6.0},{"not_picked":["Guardian:Reroute","Guardian:Gem_Purple"],"picked":"Guardian:Preprogram","floor":10.0},{"not_picked":["Guardian:Planning","Guardian:TimeSifter"],"picked":"Guardian:PrismaticBarrier","floor":12.0},{"not_picked":["Guardian:Planning","Guardian:Preprogram"],"picked":"Guardian:ShieldCharger","floor":14.0},{"not_picked":["Guardian:Preprogram","Guardian:Planning","Guardian:SpikerProtocol"],"picked":"SKIP","floor":15.0}],"player_experience":369297,"relics_obtained":[{"floor":7.0,"key":"Omamori"},{"floor":10.0,"key":"Dream Catcher"}],"event_choices":[],"is_beta":false,"boss_relics":[],"items_purged_floors":[],"is_endless":false,"potions_floor_spawned":[3,6,14,15],"killed_by":"DF_ARCHETYPE_STREAMLINE","ascension_level":0}}