{"host":"i0m6ffz3lpe3z1ky","time":1612947536,"event":{"mods":["Aspiration","BaseMod","Bestiary","BetterRewards","Colored Map","Conspire","Energized Spire","Highlight Path","Hubris","Ironclad Rager","Minty Spire (QoL Compilation)","Quick Restart","Reliquary","Shop Mod","Spicy Shops","StSLib","Thieving Mod"],"gold_per_floor":[115,143,218,8,19,47,47,72,97,97,97,116,116,66,66,163,163,177,177,6,20,20,20,45,45,45,45,45,2,19,35,35,132,132,145,160,210,230,247,279,279,310,336,336,336,336,356,356,356,356,356,356,2,30,30],"floor_reached":56,"language":"KOR","playtime":1623,"items_purged":["Strike_R","Strike_R","Strike_R","Strike_R+1"],"score":1933,"play_id":"e72cc09a-503e-45d7-8268-02a357ca0a6f","local_time":"20210210175856","is_ascension_mode":true,"campfire_choices":[{"data":"Demon Form","floor":7,"key":"SMITH"},{"floor":10,"key":"RECALL"},{"data":"Limit Break","floor":15,"key":"SMITH"},{"data":"Seeing Red","floor":23,"key":"SMITH"},{"data":"Double Tap","floor":25,"key":"SMITH"},{"data":"Evolve","floor":27,"key":"SMITH"},{"data":"Shrug It Off","floor":32,"key":"SMITH"},{"data":"Barricade","floor":41,"key":"SMITH"},{"floor":52,"key":"REST"}],"circlet_count":0,"master_deck":["Defend_R+1","Cleave+1","Demon Form+1","Seeing Red+1","Limit Break+1","Double Tap+1","Heavy Blade+1","Evolve+1","Shrug It Off+1","Pommel Strike+1","Heavy Blade+1","Pummel+1","Barricade+1"],"relics":["Burning Blood","Medical Kit","reliquary:PartyBalloon","Pocketwatch","Question Card","Lee\u0027s Waffle","Nunchaku","FossilizedHelix","Molten Egg 2","Omamori","reliquary:BallBearing","Membership Card","aspiration:ArtOfWarUpgrade","reliquary:Crutches","aspiration:ChemicalBlood","hubris:64BitClover","Singing Bowl","Vajra","TheAbacus","Pear","Juzu Bracelet","conspire:TreasureMap","aspiration:AnachronicSnailShell","reliquary:Buckler","ClockworkSouvenir","reliquary:BrokenClock","reliquary:HotPoker","reliquary:RosewoodLute","MutagenicStrength","OrangePellets","Thread and Needle","reliquary:NewFriend","Bag of Preparation","hubris:CrystalStatue","reliquary:TatteredRug","reliquary:Stiletto","reliquary:SharkskinSheath","Ancient Tea Set","Chemical X","HandDrill","reliquary:ExpiredCoupon","hubris:TerracottaHorce","Ginger","Charon\u0027s Ashes","hubris:AstralHammer","HornCleat","conspire:DeflatedDodgeball","conspire:Dentures","aspiration:Nostalgia","Ring of the Snake","hubris:EmptyBottle","Whetstone","Pen Nib"],"acts_visited":["Exordium","TheCity","TheBeyond","TheEnding"],"potions_floor_usage":[0,2,2,29,30,33,55,55,55,55,55,55],"damage_taken":[{"damage":0,"enemies":"Small Slimes","floor":1,"turns":2},{"damage":0,"enemies":"conspire:MimicChest","floor":2,"turns":3},{"damage":0,"enemies":"2 Louse","floor":5,"turns":1},{"damage":0,"enemies":"3 Sentries","floor":6,"turns":2},{"damage":0,"enemies":"Lagavulin","floor":8,"turns":5},{"damage":0,"enemies":"Cultist","floor":12,"turns":2},{"damage":0,"enemies":"Slime Boss","floor":16,"turns":3},{"damage":0,"enemies":"Shell Parasite","floor":18,"turns":3},{"damage":0,"enemies":"Chosen","floor":21,"turns":2},{"damage":0,"enemies":"conspire:Head Lice","floor":24,"turns":2},{"damage":0,"enemies":"Centurion and Healer","floor":30,"turns":2},{"damage":0,"enemies":"Shelled Parasite and Fungi","floor":31,"turns":2},{"damage":12,"enemies":"Collector","floor":33,"turns":4},{"damage":0,"enemies":"3 Shapes","floor":35,"turns":2},{"damage":0,"enemies":"3 Darklings","floor":36,"turns":2},{"damage":0,"enemies":"Mind Bloom Boss Battle","floor":37,"turns":2},{"damage":0,"enemies":"Jaw Worm Horde","floor":38,"turns":2},{"damage":0,"enemies":"Spire Growth","floor":39,"turns":2},{"damage":0,"enemies":"Reptomancer","floor":40,"turns":2},{"damage":0,"enemies":"Giant Head","floor":42,"turns":2},{"damage":0,"enemies":"3 Darklings","floor":47,"turns":2},{"damage":0,"enemies":"Awakened One","floor":50,"turns":3},{"damage":0,"enemies":"Shield and Spear","floor":54,"turns":3},{"damage":38,"enemies":"The Heart","floor":55,"turns":4}],"seed_played":"3022128439284696273","potions_obtained":[{"floor":6,"key":"Dexterity Potion"},{"floor":30,"key":"Regen Potion"},{"floor":33,"key":"Ancient Potion"},{"floor":37,"key":"Energy Potion"},{"floor":55,"key":"SkillPotion"},{"floor":55,"key":"HeartOfIron"}],"is_trial":false,"path_per_floor":["M","?","?","$","M","E","R","E","T","R","?","M","?","$","R","B",null,"M","?","$","M","T","R","E","R","T","R","?","$","M","M","R","B",null,"M","M","?","M","M","E","R","E","T","R","?","?","M","?","R","B",null,"R","$","E","B",null],"character_chosen":"IRONCLAD","items_purchased":["ThievingMod:ThievingPotion","Cleave+1","ClockworkSouvenir","reliquary:BrokenClock","OrangePellets","Thread and Needle","Evolve","SmokeBomb","Fruit Juice","conspire:Dentures","aspiration:Nostalgia","hubris:EmptyBottle","Whetstone"],"campfire_rested":1,"item_purchase_floors":[0,4,4,4,20,20,20,29,29,53,53,53,53],"current_hp_per_floor":[85,93,82,82,88,96,96,104,104,104,104,105,105,105,105,105,105,105,105,105,107,107,107,109,109,109,109,109,109,116,116,116,117,118,120,120,120,122,124,126,126,128,128,128,122,122,124,124,124,124,124,124,124,126,94],"gold":30,"neow_bonus":"","is_daily":false,"chose_seed":false,"campfire_upgraded":7,"win_rate":0.0,"timestamp":1612947536,"path_taken":["M","?","?","$","M","E","R","E","T","R","?","M","?","$","R","BOSS","M","?","$","M","?","R","E","R","T","R","?","$","M","M","R","BOSS","M","M","?","M","M","E","R","E","T","R","?","?","M","?","R","BOSS","R","$","E","BOSS"],"items_purchased_type":["Potion","Card","Relic","Relic","Relic","Relic","Card","Potion","Potion","Relic","Relic","Relic","Relic"],"build_version":"2020-12-22","purchased_purges":4,"victory":true,"max_hp_per_floor":[99,101,101,101,101,103,103,105,105,105,105,105,105,105,105,105,105,105,105,105,107,107,107,109,109,109,109,109,109,116,116,116,118,118,120,120,120,122,124,126,126,128,128,128,122,122,124,124,124,124,124,124,124,126,126],"card_choices":[{"not_picked":["Havoc","Thunderclap+1","Armaments","hubris:ReadiedAction"],"picked":"Singing Bowl","floor":1},{"not_picked":["Clothesline+1","Pommel Strike+1","Flex","Armaments"],"picked":"Singing Bowl","floor":2},{"not_picked":["Spot Weakness","Feel No Pain","Fire Breathing"],"picked":"Demon Form","floor":5},{"not_picked":["Burning Pact","Iron Wave+1","Twin Strike+1","Pommel Strike+1"],"picked":"Singing Bowl","floor":6},{"not_picked":["Sentinel","Brutality","Whirlwind+1","Fire Breathing"],"picked":"Singing Bowl","floor":8},{"not_picked":["Thunderclap+1","Iron Wave+1","Headbutt+1"],"picked":"Seeing Red","floor":12},{"not_picked":["Immolate+1","Demon Form","Offering"],"picked":"Double Tap","floor":16},{"not_picked":["Flex","Armaments+1","Pommel Strike+1"],"picked":"Heavy Blade+1","floor":18},{"not_picked":["hubris:ReadiedAction","Feel No Pain","Shrug It Off","Uppercut+1"],"picked":"Singing Bowl","floor":21},{"not_picked":["hubris:CleavingFinish+1","Clothesline+1","Havoc","Blood for Blood+1"],"picked":"Singing Bowl","floor":24},{"not_picked":["True Grit+1","Thunderclap+1","Sever Soul+1","Clothesline+1"],"picked":"Singing Bowl","floor":30},{"not_picked":["Whirlwind+1","True Grit","Twin Strike+1"],"picked":"Heavy Blade+1","floor":31},{"not_picked":["Impervious","Fiend Fire+1","Juggernaut","Double Tap"],"picked":"Singing Bowl","floor":33},{"not_picked":["Headbutt+1","Heavy Blade+1","Rupture","Anger+1"],"picked":"Singing Bowl","floor":35},{"not_picked":["Flex+1","Sword Boomerang+1","Pommel Strike+1"],"picked":"Pummel+1","floor":36},{"not_picked":["Cleave+1","Armaments","True Grit+1"],"picked":"Barricade","floor":37},{"not_picked":["True Grit","Battle Trance+1","Combust+1","Ghostly Armor+1"],"picked":"Singing Bowl","floor":38},{"not_picked":["hubris:ReadiedAction+1","hubris:SharpeningStone","Perfected Strike+1","Entrench"],"picked":"Singing Bowl","floor":39},{"not_picked":["Rampage+1","Heavy Blade+1","Feed+1","True Grit"],"picked":"Singing Bowl","floor":40},{"not_picked":["Twin Strike+1","hubris:ReadiedAction+1","Berserk","Thunderclap+1"],"picked":"Singing Bowl","floor":42},{"not_picked":["Sword Boomerang+1","Searing Blow+1","Clash+1","Headbutt+1"],"picked":"Singing Bowl","floor":47},{"not_picked":["Battle Trance","Evolve+1","Sentinel+1","Headbutt+1"],"picked":"Singing Bowl","floor":54}],"player_experience":401828,"relics_obtained":[{"floor":2,"key":"reliquary:Buckler"},{"floor":6,"key":"reliquary:HotPoker"},{"floor":9,"key":"reliquary:RosewoodLute"},{"floor":24,"key":"reliquary:NewFriend"},{"floor":26,"key":"Bag of Preparation"},{"floor":30,"key":"reliquary:ExpiredCoupon"},{"floor":37,"key":"Ginger"},{"floor":40,"key":"Charon\u0027s Ashes"},{"floor":42,"key":"hubris:AstralHammer"},{"floor":43,"key":"HornCleat"},{"floor":47,"key":"conspire:DeflatedDodgeball"},{"floor":54,"key":"Pen Nib"}],"event_choices":[{"damage_healed":0,"gold_gain":75,"player_choice":"Gather Gold","damage_taken":11,"max_hp_gain":0,"max_hp_loss":0,"event_name":"World of Goop","floor":3,"gold_loss":0},{"cards_removed":["Strike_R"],"damage_healed":0,"gold_gain":0,"player_choice":"Offered Basic","damage_taken":0,"max_hp_gain":0,"max_hp_loss":0,"event_name":"Bonfire Elementals","floor":11,"gold_loss":0},{"damage_healed":0,"gold_gain":0,"player_choice":"1 cards matched","damage_taken":0,"max_hp_gain":0,"max_hp_loss":0,"event_name":"Match and Keep!","floor":13,"gold_loss":0,"cards_obtained":["Limit Break"]},{"damage_healed":0,"gold_gain":0,"player_choice":"Inject Mutagens","damage_taken":0,"relics_obtained":["MutagenicStrength"],"max_hp_gain":0,"max_hp_loss":0,"event_name":"Drug Dealer","floor":19,"gold_loss":0},{"damage_healed":0,"gold_gain":0,"player_choice":"Stole Relic","damage_taken":0,"relics_obtained":["hubris:CrystalStatue"],"max_hp_gain":0,"max_hp_loss":0,"event_name":"Addict","floor":28,"gold_loss":0,"cards_obtained":["Shame"]},{"damage_healed":0,"gold_gain":0,"player_choice":"Fight","damage_taken":0,"max_hp_gain":0,"max_hp_loss":0,"event_name":"MindBloom","floor":37,"gold_loss":0},{"damage_healed":0,"gold_gain":0,"player_choice":"Max HP","damage_taken":0,"max_hp_gain":0,"max_hp_loss":6,"event_name":"Winding Halls","floor":45,"gold_loss":0},{"damage_healed":0,"gold_gain":0,"player_choice":"Cursed","damage_taken":0,"max_hp_gain":0,"max_hp_loss":0,"event_name":"Wheel of Change","floor":46,"gold_loss":0,"cards_obtained":["Decay"]},{"damage_healed":0,"gold_gain":0,"player_choice":"Leave","damage_taken":0,"max_hp_gain":0,"max_hp_loss":0,"event_name":"conspire:Investor","floor":48,"gold_loss":0}],"is_beta":false,"boss_relics":[{"not_picked":["hubris:RunicObelisk","conspire:RunicOctahedron","energizedSpire:RedRose"]},{"not_picked":["energizedSpire:StickyHand","Velvet Choker"],"picked":"hubris:TerracottaHorce"}],"items_purged_floors":[4,14,20,29],"is_endless":false,"potions_floor_spawned":[1,6,12,16,24,30,37,38,40],"ascension_level":6}}