{"host":"htqwg582tjjtn9p7","time":1612988459,"event":{"mods":["2.2 Compatiblity","AchievementEnabler","Act Like it!","Aspiration","BaseMod","Better Third Choice","Colored Map","Conspire","Curses Come First","Displayed Cursed Tome","Energized Spire","Force Act Four","Fox Events","GifTheSpireLib","Hermit","Highlight Path","JesterMod","Mad Scientist","Minty Spire (QoL Compilation)","Pale of the Ancients","Permanent Neow","Random Character Button","Relic Stats","Reliquary","Replay The Spire","Robot Space Explorer","Somnambulant","Spicy Shops","Spikes Relics","StSLib","Stuff the Spire","The Blue Laboratory","The Bug Knight","The Forsaken","The Gatherer","The Judge","The Jungle","The Marked","The Runesmith","The Servant 0.9.4","Uncapped"],"gold_per_floor":[116,2,13,31,42,42,74,86,131,156,156,167,167,179,275,349,349,366,366,84,84,102,102,131,131,157,157,157,157],"floor_reached":28,"language":"ENG","playtime":1020,"items_purged":["Strike_R"],"score":434,"play_id":"d34a4d19-f98f-4ee3-9b3d-f0037df7e11e","local_time":"20210210212059","is_ascension_mode":true,"campfire_choices":[{"data":"Limit Break","floor":6,"key":"SMITH"},{"data":"Inflame","floor":13,"key":"SMITH"},{"floor":23,"key":"REST"},{"floor":25,"key":"REST"}],"circlet_count":0,"master_deck":["AscendersBane","Strike_R","Strike_R","Strike_R","Strike_R","Defend_R","Defend_R","Defend_R","Defend_R","Bash","Limit Break+1","Battle Trance","Inflame+1","conspire:Charge+1","ReplayTheSpireMod:Stacked","Anger","Shrug It Off","Burning Pact","Battle Trance+1","conspire:Purge+1","Spot Weakness+1","True Grit+1","Blind+1","Impervious+1","StuffTheSpire:Innocence"],"relics":["Burning Blood","reliquary:PartyBalloon","Bag of Marbles","HollowMod:QueensCombRelic","Toxic Egg 2","aspiration:SilentSkillbook","Rawhide"],"acts_visited":["Exordium","TheCity"],"potions_floor_usage":[4,14,16,24,24],"damage_taken":[{"damage":6,"enemies":"Cultist","floor":1,"turns":4},{"damage":2,"enemies":"Jaw Worm","floor":3,"turns":4},{"damage":3,"enemies":"2 Louse","floor":4,"turns":2},{"damage":8,"enemies":"Large Slime","floor":5,"turns":5},{"damage":14,"enemies":"Lagavulin","floor":7,"turns":7},{"damage":12,"enemies":"3 Louse","floor":8,"turns":4},{"damage":7,"enemies":"Replay:BlueRogue","floor":10,"turns":6},{"damage":11,"enemies":"Looter","floor":12,"turns":3},{"damage":0,"enemies":"Gremlin Gang","floor":14,"turns":3},{"damage":16,"enemies":"The Guardian","floor":16,"turns":12},{"damage":32,"enemies":"Spheric Guardian","floor":18,"turns":5},{"damage":17,"enemies":"2 Thieves","floor":22,"turns":4},{"damage":31,"enemies":"Book of Stabbing","floor":24,"turns":6},{"damage":38,"enemies":"Slavers","floor":28,"turns":7}],"seed_played":"-8630021890721448411","potions_obtained":[{"floor":1,"key":"Fire Potion"},{"floor":8,"key":"Explosive Potion"},{"floor":10,"key":"Swift Potion"},{"floor":14,"key":"blueLaboratory:ConflagurationPotion"},{"floor":16,"key":"Weak Potion"},{"floor":22,"key":"blueLaboratory:FruitPunch"}],"is_trial":false,"path_per_floor":["M","$","M","M","M","R","E","M","T","E","?","M","R","M","R_BF","B",null,"M","?","$","?","M","R","E","R","T","?","E"],"character_chosen":"IRONCLAD","items_purchased":["Inflame","conspire:Charge","True Grit+1","Blind+1"],"campfire_rested":2,"item_purchase_floors":[2,2,20,20],"current_hp_per_floor":[50,50,54,57,55,55,47,41,41,40,40,39,39,50,50,40,48,24,24,24,24,17,32,13,28,28,28,0,0],"gold":157,"neow_bonus":"THREE_RARE_CARDS","is_daily":false,"chose_seed":false,"campfire_upgraded":2,"win_rate":0.0,"timestamp":1612988459,"path_taken":["M","?","M","M","M","R","E","M","T","E","?","M","R","M","R_BF","BOSS","M","?","?","?","M","R","E","R","T","?","E"],"items_purchased_type":["Card","Card","Card","Card"],"build_version":"2020-12-22","purchased_purges":1,"victory":false,"max_hp_per_floor":[75,75,75,75,75,75,75,75,75,50,50,50,50,50,50,50,50,50,50,50,50,50,50,52,52,52,52,52,52],"relic_stats":{"counters":[14,72],"obtain_stats":[{"HollowMod:QueensCombRelic":10,"reliquary:PartyBalloon":7,"aspiration:SilentSkillbook":17,"Rawhide":24,"Bag of Marbles":9,"Toxic Egg 2":11,"Replay:Mystery Machine":26,"Burning Blood":0},{"HollowMod:QueensCombRelic":7,"reliquary:PartyBalloon":5,"aspiration:SilentSkillbook":10,"Rawhide":13,"Bag of Marbles":6,"Toxic Egg 2":7,"Replay:Mystery Machine":13,"Burning Blood":0},{"HollowMod:QueensCombRelic":32,"reliquary:PartyBalloon":22,"aspiration:SilentSkillbook":50,"Rawhide":65,"Bag of Marbles":26,"Toxic Egg 2":32,"Replay:Mystery Machine":65,"Burning Blood":0}],"Burning Blood":72},"card_choices":[{"not_picked":["conspire:HitWhereItHurts","Fiend Fire"],"picked":"Limit Break","floor":0},{"not_picked":["StuffTheSpire:RagingBull","Thunderclap"],"picked":"Battle Trance","floor":1},{"not_picked":["Shrug It Off","Headbutt"],"picked":"ReplayTheSpireMod:Stacked","floor":3},{"not_picked":["StuffTheSpire:Incineration","ReplayTheSpireMod:Strike From Hell"],"picked":"Anger","floor":4},{"not_picked":["Corruption","Heavy Blade","Flex"],"picked":"SKIP","floor":5},{"not_picked":["Perfected Strike","conspire:ExplosiveBarrier"],"picked":"Shrug It Off","floor":7},{"not_picked":["Perfected Strike","Heavy Blade","Defy Death"],"picked":"SKIP","floor":8},{"not_picked":["Havoc","Clothesline"],"picked":"Burning Pact","floor":10},{"not_picked":["Sever Soul","Twin Strike","Perfected Strike"],"picked":"SKIP","floor":12},{"not_picked":["Body Slam","True Grit+1"],"picked":"Battle Trance+1","floor":14},{"not_picked":["Juggernaut","conspire:HitWhereItHurts"],"picked":"conspire:Purge+1","floor":16},{"not_picked":["ShadowRift+1","Blade Dance+1","ReplayTheSpireMod:Corrosion Curse+1"],"picked":"Spot Weakness+1","floor":18},{"not_picked":["Metallicize","Reckless Charge","Clothesline","Outmaneuver+1"],"picked":"SKIP","floor":22},{"not_picked":["Fire Breathing","conspire:PoisonWeapons+1","Expertise+1"],"picked":"Impervious+1","floor":24},{"not_picked":["StuffTheSpire:Harmony","StuffTheSpire:Rapture"],"picked":"StuffTheSpire:Innocence","floor":27}],"player_experience":2016148,"relics_obtained":[{"floor":7,"key":"reliquary:PartyBalloon"},{"floor":9,"key":"Bag of Marbles"},{"floor":10,"key":"HollowMod:QueensCombRelic"},{"floor":24,"key":"Rawhide"},{"floor":26,"key":"Replay:Mystery Machine"}],"event_choices":[{"damage_healed":0,"gold_gain":0,"player_choice":"Upgraded","damage_taken":0,"max_hp_gain":0,"max_hp_loss":0,"event_name":"Upgrade Shrine","floor":19,"gold_loss":0,"cards_upgraded":["conspire:Charge"]}],"is_beta":false,"boss_relics":[{"not_picked":["energizedSpire:OgreHead","energizedSpire:HugeHouse"],"picked":"aspiration:SilentSkillbook"}],"items_purged_floors":[20],"is_endless":false,"potions_floor_spawned":[1,8,10,14,16,22],"killed_by":"Slavers","ascension_level":15}}