{"host":"8p8mq6wqs4l9r8vf","time":1612976166,"event":{"mods":["BaseMod","Colored Powertips","Minty Spire (QoL Compilation)","Replay The Spire","StSLib"],"gold_per_floor":[99,99,109,119,130,130,130,130,130,157,11,22,41,58,58,154,154,167,167,186,186,202,202,215,248,297,297,297,311,322,336,336,440,440,460,508,527,527,5,24,24,24,48,59,59,79,79,89,89,89,89],"floor_reached":50,"language":"RUS","playtime":3183,"items_purged":[],"score":525,"play_id":"c1b2aef7-c3a3-4e95-80a8-fc87dd174cd2","local_time":"20210210215606","is_ascension_mode":false,"campfire_choices":[{"floor":6,"key":"REST"},{"data":"Compile Driver","floor":8,"key":"SMITH"},{"floor":15,"key":"REST"},{"floor":23,"key":"REST"},{"floor":28,"key":"REST"},{"data":"Strike_B","floor":32,"key":"SMITH"},{"floor":41,"key":"REST"},{"data":"Core Surge","floor":49,"key":"SMITH"}],"circlet_count":0,"master_deck":["Strike_B+2","Strike_B","Strike_B+1","Defend_B","Defend_B","Defend_B","Zap","Dualcast","Gash","Turbo","Compile Driver+1","Beam Cell","Sweeping Beam","Beam Cell","Rainbow","Rainbow","ReplayGash","RitualDagger","Conserve Battery+1","Sickly","Conserve Battery+1","Conserve Battery","Electrodynamics","Chill","Sweeping Beam","Scrape","Core Surge+1","Beam Cell+1","Conserve Battery","Compile Driver","Self Repair","Sucker Punch","Shockwave+1","Consecrate"],"relics":["Inserter","Chameleon Ring","Replay:Ringing Soul","Iron Hammer","Medical Kit","Painkiller Herb","Ring of Shattering","Ring of Hypnosis","Red Mask","Ancient Tea Set","Velvet Choker","StoneCalendar","FossilizedHelix","PrismaticShard","Orichalcum","Du-Vu Doll","Simple Rune"],"acts_visited":["Exordium","TheCity","TheBeyond"],"potions_floor_usage":[10,16,16,33,33,33,48,50,50],"damage_taken":[{"damage":6,"enemies":"Jaw Worm","floor":1,"turns":5},{"damage":1,"enemies":"Cultist","floor":3,"turns":4},{"damage":2,"enemies":"2 Louse","floor":4,"turns":3},{"damage":26,"enemies":"Gremlin Gang","floor":5,"turns":6},{"damage":34,"enemies":"Lagavulin","floor":10,"turns":7},{"damage":2,"enemies":"Looter","floor":12,"turns":3},{"damage":8,"enemies":"2 Fungi Beasts","floor":13,"turns":3},{"damage":8,"enemies":"Large Slime","floor":14,"turns":4},{"damage":41,"enemies":"Fading Forest","floor":16,"turns":11},{"damage":3,"enemies":"3 Byrds","floor":18,"turns":4},{"damage":18,"enemies":"2 Thieves","floor":20,"turns":4},{"damage":43,"enemies":"Cultist and Chosen","floor":22,"turns":7},{"damage":24,"enemies":"3 Cultists","floor":24,"turns":5},{"damage":3,"enemies":"Masked Bandits","floor":25,"turns":3},{"damage":5,"enemies":"Sentry and Sphere","floor":29,"turns":4},{"damage":1,"enemies":"Centurion and Healer","floor":30,"turns":5},{"damage":5,"enemies":"Snake Plant","floor":31,"turns":3},{"damage":46,"enemies":"Collector","floor":33,"turns":12},{"damage":27,"enemies":"3 Darklings","floor":35,"turns":5},{"damage":17,"enemies":"2 Orb Walkers","floor":36,"turns":5},{"damage":0,"enemies":"Orb Walker","floor":37,"turns":4},{"damage":49,"enemies":"Transient","floor":40,"turns":5},{"damage":14,"enemies":"Maw","floor":44,"turns":7},{"damage":5,"enemies":"4 Shapes","floor":46,"turns":4},{"damage":0,"enemies":"Transient","floor":48,"turns":5},{"damage":111,"enemies":"Replay:Hell Engine","floor":50,"turns":18}],"seed_played":"1108296673326385609","potions_obtained":[{"floor":3,"key":"Weak Potion"},{"floor":10,"key":"AttackPotion"},{"floor":13,"key":"Fire Potion"},{"floor":22,"key":"SteroidPotion"},{"floor":24,"key":"SkillPotion"},{"floor":30,"key":"Regen Potion"},{"floor":31,"key":"Reflective Coating"},{"floor":33,"key":"Flashbang"},{"floor":37,"key":"SkillPotion"},{"floor":44,"key":"AttackPotion"}],"is_trial":false,"path_per_floor":["M","?","M","M","M","R","?","R","T","E","$","M","M","M","R","B",null,"?","?","?","?","?","T","?","?","T","T","T","?","?","?","T","B",null,"?","?","?","?","T","?","T","T","T","?","T","?","T","?","T","B"],"character_chosen":"DEFECT","items_purchased":["Medical Kit","FossilizedHelix","PrismaticShard","Self Repair"],"campfire_rested":5,"item_purchase_floors":[11,39,39,39],"current_hp_per_floor":[69,69,68,66,40,62,62,62,62,31,31,32,27,22,48,30,90,90,87,72,75,35,66,45,45,45,45,78,76,78,76,76,61,123,99,85,88,88,91,55,96,96,96,92,92,100,100,107,107,0,0],"gold":89,"neow_bonus":"BOSS_RELIC","is_daily":false,"chose_seed":false,"campfire_upgraded":3,"win_rate":0.0,"timestamp":1612976166,"path_taken":["M","?","M","M","?","R","?","R","T","E","$","M","M","?","R","BOSS","?","?","?","?","?","T","?","?","T","?","T","?","?","?","T","BOSS","?","?","?","?","T","?","T","?","T","?","?","?","?","?","T","BOSS"],"items_purchased_type":["Relic","Relic","Relic","Card"],"build_version":"2020-12-22","purchased_purges":0,"victory":false,"max_hp_per_floor":[75,75,75,75,75,75,75,75,75,78,78,81,84,87,87,90,90,93,96,99,102,105,105,108,111,111,111,111,114,117,120,120,123,123,126,129,132,132,135,138,138,138,138,141,141,144,144,144,144,144,144],"card_choices":[{"not_picked":["Compile Driver","Gash"],"picked":"Chaos","floor":1},{"not_picked":["FTL","BasicCrystalCard"],"picked":"Gash","floor":3},{"not_picked":["Barrage","Aggregate"],"picked":"Turbo","floor":4},{"not_picked":["FIFO Queue","Gash"],"picked":"Compile Driver","floor":5},{"not_picked":["Force Field","Skim"],"picked":"Beam Cell","floor":10},{"not_picked":["BasicCrystalCard","Rebound"],"picked":"Sweeping Beam","floor":12},{"not_picked":["BasicCrystalCard","Gash"],"picked":"Beam Cell","floor":13},{"not_picked":["Beam Cell","Darkness"],"picked":"Rainbow","floor":14},{"not_picked":["Machine Learning","Reboot"],"picked":"Rainbow","floor":16},{"not_picked":["Hello World","Redo"],"picked":"ReplayGash","floor":18},{"not_picked":["BasicCrystalCard","Streamline"],"picked":"Conserve Battery+1","floor":20},{"not_picked":["ReplaySolidLightProjector","Auto Shields"],"picked":"Conserve Battery+1","floor":22},{"not_picked":["ReplaySort+1","ReplayTheSpireMod:GoodbyeWorld+1"],"picked":"Conserve Battery","floor":24},{"not_picked":["Hologram","Panic Button"],"picked":"Electrodynamics","floor":25},{"not_picked":["Beam Cell","Barrage"],"picked":"Chill","floor":29},{"not_picked":["Undo","Steam+1"],"picked":"Sweeping Beam","floor":30},{"not_picked":["Coolheaded","Compile Driver"],"picked":"Scrape","floor":31},{"not_picked":["Thunder Strike","Electrodynamics"],"picked":"Core Surge","floor":33},{"not_picked":["Go for the Eyes","Capacitor"],"picked":"Beam Cell+1","floor":35},{"not_picked":["Time Bomb","Turbo+1"],"picked":"Conserve Battery","floor":36},{"not_picked":["FIFO Queue","Blizzard"],"picked":"Compile Driver","floor":37},{"not_picked":["Bane+1","SashWhip"],"picked":"Sucker Punch","floor":40},{"not_picked":["Stack+1","Perseverance+1"],"picked":"Shockwave+1","floor":44},{"not_picked":["Perseverance+1","True Grit+1"],"picked":"Consecrate","floor":46},{"not_picked":["Shrug It Off","Wraith Form v2","Go for the Eyes"],"picked":"SKIP","floor":48}],"player_experience":43538,"relics_obtained":[{"floor":9,"key":"Replay:Ringing Soul"},{"floor":10,"key":"Iron Hammer"},{"floor":21,"key":"Ring of Shattering"},{"floor":21,"key":"Ring of Hypnosis"},{"floor":25,"key":"Red Mask"},{"floor":26,"key":"Ancient Tea Set"},{"floor":36,"key":"StoneCalendar"},{"floor":43,"key":"Orichalcum"},{"floor":45,"key":"Du-Vu Doll"},{"floor":47,"key":"Simple Rune"}],"event_choices":[{"cards_removed":["Defend_B"],"damage_healed":0,"gold_gain":0,"player_choice":"Purged","damage_taken":0,"max_hp_gain":0,"max_hp_loss":0,"event_name":"Purifier","floor":2,"gold_loss":0},{"cards_removed":["Chaos"],"damage_healed":0,"gold_gain":0,"player_choice":"Gave Card","damage_taken":0,"relics_obtained":["Chameleon Ring"],"max_hp_gain":0,"max_hp_loss":0,"event_name":"WeMeetAgain","floor":7,"gold_loss":0},{"damage_healed":0,"gold_gain":0,"player_choice":"Joined the Cult","damage_taken":6,"max_hp_gain":0,"max_hp_loss":0,"event_name":"Nest","floor":19,"gold_loss":0,"cards_obtained":["RitualDagger"]},{"damage_healed":0,"gold_gain":0,"player_choice":"Fought Bandits","damage_taken":0,"max_hp_gain":0,"max_hp_loss":0,"event_name":"Masked Bandits","floor":25,"gold_loss":0},{"damage_healed":0,"gold_gain":0,"player_choice":"Fight","damage_taken":0,"max_hp_gain":0,"max_hp_loss":0,"event_name":"Mysterious Sphere","floor":36,"gold_loss":0},{"cards_removed":["Strike_B"],"damage_healed":0,"gold_gain":0,"player_choice":"Removed Attack","damage_taken":0,"max_hp_gain":0,"max_hp_loss":0,"event_name":"Falling","floor":38,"gold_loss":0}],"is_beta":false,"boss_relics":[{"not_picked":["Runic Dome","Sozu"],"picked":"Painkiller Herb"},{"not_picked":["Ring of Chaos","Runic Pyramid"],"picked":"Velvet Choker"}],"items_purged_floors":[],"is_endless":false,"potions_floor_spawned":[3,10,13,22,24,30,31,33,37,44],"killed_by":"Replay:Hell Engine","ascension_level":0}}