{"host":"5kirneupyg4uzd3w","time":1612963187,"event":{"mods":["BaseMod","Colored Map","Custom Start","Minty Spire (QoL Compilation)","StSLib","SuperFastMode"],"gold_per_floor":[214,214,214,86,86,86,113,113,138,149,149,180,195,213,213,287,287,300,200,215,215,226,226,226],"floor_reached":23,"language":"KOR","playtime":444,"items_purged":["Strike_R","Strike_R"],"score":398,"play_id":"c1bbb6f9-a461-4afc-9ffc-f684887b327d","local_time":"20210210221947","is_ascension_mode":true,"campfire_choices":[{"data":"Whirlwind","floor":6.0,"key":"SMITH"},{"data":"Shrug It Off","floor":8.0,"key":"SMITH"},{"data":"Flex","floor":11.0,"key":"SMITH"},{"data":"Evolve","floor":15,"key":"SMITH"}],"circlet_count":0,"master_deck":["AscendersBane","Strike_R","Strike_R","Strike_R","Defend_R+1","Defend_R","Defend_R","Defend_R+1","Bash","Whirlwind+1","Shrug It Off+1","Spot Weakness","Flex+1","Evolve+1","Shrug It Off","Pommel Strike","Berserk","Pummel","Battle Trance"],"relics":["Burning Blood","Mango","Sundial","War Paint","Bottled Lightning","Philosopher\u0027s Stone"],"acts_visited":["Exordium","TheCity"],"potions_floor_usage":[16,23],"damage_taken":[{"damage":13.0,"enemies":"Small Slimes","floor":1.0,"turns":4.0},{"damage":32.0,"enemies":"3 Sentries","floor":7.0,"turns":6.0},{"damage":1.0,"enemies":"Jaw Worm","floor":10.0,"turns":3.0},{"damage":11.0,"enemies":"Lagavulin","floor":12.0,"turns":6.0},{"damage":0,"enemies":"Cultist","floor":13,"turns":4},{"damage":2,"enemies":"Blue Slaver","floor":14,"turns":5},{"damage":24,"enemies":"Slime Boss","floor":16,"turns":10},{"damage":41,"enemies":"Spheric Guardian","floor":18,"turns":4},{"damage":27,"enemies":"2 Thieves","floor":20,"turns":3},{"damage":12,"enemies":"Centurion and Healer","floor":22,"turns":4},{"damage":37,"enemies":"Book of Stabbing","floor":23,"turns":4}],"seed_played":"5983793773358144906","potions_obtained":[{"floor":1.0,"key":"Weak Potion"},{"floor":12,"key":"Block Potion"},{"floor":16,"key":"Energy Potion"},{"floor":18,"key":"Dexterity Potion"},{"floor":22,"key":"PowerPotion"}],"is_trial":false,"path_per_floor":["M","?","?","$","$","R","E","R","T","M","R","E","M","M","R","B",null,"M","$","M","?","M","E"],"character_chosen":"IRONCLAD","items_purchased":["Shrug It Off"],"campfire_rested":0,"item_purchase_floors":[4],"current_hp_per_floor":[61,49,54,54,54,54,28,28,28,33,33,28,34,38,38,20,76,41,41,20,39,33,0,0],"gold":226,"neow_bonus":"HUNDRED_GOLD","is_daily":false,"chose_seed":false,"campfire_upgraded":4,"win_rate":0.0,"timestamp":1612963187,"path_taken":["M","?","?","?","$","R","E","R","T","M","R","E","M","M","R","BOSS","M","$","M","?","M","E"],"items_purchased_type":["Card"],"build_version":"2020-12-22","purchased_purges":2,"victory":false,"max_hp_per_floor":[75,89,94,94,94,94,94,94,94,94,94,94,94,94,94,94,94,94,94,94,94,94,94,94],"card_choices":[{"not_picked":["Seeing Red","Heavy Blade"],"picked":"Whirlwind","floor":1.0},{"not_picked":["Twin Strike","Pummel"],"picked":"Spot Weakness","floor":7.0},{"not_picked":["Headbutt","Pummel"],"picked":"Flex","floor":10.0},{"not_picked":["Uppercut","Whirlwind"],"picked":"Evolve","floor":12},{"not_picked":["Flex","True Grit"],"picked":"Shrug It Off","floor":13},{"not_picked":["Headbutt","Clash"],"picked":"Pommel Strike","floor":14},{"not_picked":["Bludgeon","Exhume"],"picked":"Berserk","floor":16},{"not_picked":["Clothesline","Searing Blow+1","Blood for Blood"],"picked":"SKIP","floor":18},{"not_picked":["Thunderclap","Searing Blow"],"picked":"Pummel","floor":20},{"not_picked":["Reckless Charge","Wild Strike"],"picked":"Battle Trance","floor":22}],"player_experience":319207,"relics_obtained":[{"floor":7.0,"key":"Sundial"},{"floor":9.0,"key":"War Paint"},{"floor":12,"key":"Bottled Lightning"}],"event_choices":[{"damage_healed":0.0,"max_hp_gain":0.0,"max_hp_loss":0.0,"gold_gain":0.0,"event_name":"Scrap Ooze","player_choice":"Success","floor":2.0,"gold_loss":0.0,"damage_taken":26.0,"relics_obtained":["Mango"]},{"damage_healed":0.0,"max_hp_gain":5.0,"max_hp_loss":0.0,"gold_gain":0.0,"event_name":"Big Fish","player_choice":"Donut","floor":3.0,"gold_loss":0.0,"damage_taken":0.0},{"damage_healed":19,"gold_gain":0,"player_choice":"Heal","damage_taken":0,"max_hp_gain":0,"max_hp_loss":0,"event_name":"The Library","floor":21,"gold_loss":0}],"is_beta":false,"boss_relics":[{"not_picked":["Snecko Eye","Cursed Key"],"picked":"Philosopher\u0027s Stone"}],"items_purged_floors":[4,19],"is_endless":false,"potions_floor_spawned":[1,12,16,18,22],"killed_by":"Book of Stabbing","ascension_level":20}}