{"host":"r4aerl4ckfvw1dw3","time":1612981492,"event":{"mods":["BaseMod","BetterRewards","Minty Spire (QoL Compilation)","Quick Restart","StSLib"],"gold_per_floor":[114,138,63,63,82,113,113,13,92,92,92,103,113,146,146,244,244,263,10,29,47,61,61,91,91,91,108,126,142,157,157,157,255,255,271,283,283,302,352,352,202,202,225,260,260,260,276,23,23,23,23,23,0,28,28,28],"floor_reached":55,"language":"ENG","playtime":5312,"items_purged":["Strike_R","Strike_R","Strike_R","Decay"],"score":1288,"play_id":"18fe82f5-11e2-4fae-91d4-49b46d0b2bd5","local_time":"20210210102452","is_ascension_mode":true,"campfire_choices":[{"data":"Bash","floor":7.0,"key":"SMITH"},{"data":"Whirlwind","floor":11.0,"key":"SMITH"},{"data":"Pummel","floor":15.0,"key":"SMITH"},{"data":"Cleave","floor":23.0,"key":"SMITH"},{"data":"Inflame","floor":25.0,"key":"SMITH"},{"floor":32.0,"key":"REST"},{"data":"True Grit","floor":40,"key":"SMITH"},{"floor":42,"key":"REST"},{"floor":49,"key":"RECALL"},{"floor":52,"key":"REST"}],"circlet_count":0,"master_deck":["Strike_R","Defend_R","Defend_R","Defend_R","Defend_R","Bash+1","Shrug It Off","Whirlwind+1","Twin Strike","Twin Strike","Iron Wave","Pummel+1","Demon Form","Headbutt+1","Inflame+1","Cleave+1","Heavy Blade","Sword Boomerang","Headbutt+1","Shrug It Off","Carnage","Cleave","Barricade","Immolate","Clothesline+1","True Grit+1","Parasite","Power Through","Enlightenment","Enlightenment","Trip","Fire Breathing","Shrug It Off","Warcry","Dual Wield+1"],"relics":["Burning Blood","Gambling Chip","Ancient Tea Set","Oddly Smooth Stone","Mummified Hand","Regal Pillow","Champion Belt","Cursed Key","MealTicket","Incense Burner","Black Star","Pocketwatch","Bag of Preparation","Red Skull","Membership Card","Bottled Tornado","HornCleat"],"acts_visited":["Exordium","TheCity","TheBeyond","TheEnding"],"potions_floor_usage":[33,33,38,44,50,54],"damage_taken":[{"damage":1.0,"enemies":"Cultist","floor":1.0,"turns":4.0},{"damage":7.0,"enemies":"Jaw Worm","floor":5.0,"turns":5.0},{"damage":35.0,"enemies":"Lagavulin","floor":6.0,"turns":5.0},{"damage":0.0,"enemies":"2 Louse","floor":12.0,"turns":1.0},{"damage":0.0,"enemies":"2 Fungi Beasts","floor":13.0,"turns":1.0},{"damage":20.0,"enemies":"Gremlin Nob","floor":14.0,"turns":4.0},{"damage":35.0,"enemies":"The Guardian","floor":16.0,"turns":16.0},{"damage":15.0,"enemies":"2 Thieves","floor":18.0,"turns":3.0},{"damage":2.0,"enemies":"Chosen","floor":20.0,"turns":3.0},{"damage":6.0,"enemies":"Snake Plant","floor":21.0,"turns":3.0},{"damage":11.0,"enemies":"Sentry and Sphere","floor":22.0,"turns":3.0},{"damage":14.0,"enemies":"Slavers","floor":24.0,"turns":2.0},{"damage":14.0,"enemies":"Shelled Parasite and Fungi","floor":27.0,"turns":3.0},{"damage":1.0,"enemies":"Chosen and Byrds","floor":28.0,"turns":4.0},{"damage":2.0,"enemies":"Cultist and Chosen","floor":29.0,"turns":4.0},{"damage":29.0,"enemies":"Snake Plant","floor":30.0,"turns":3.0},{"damage":21,"enemies":"Collector","floor":33,"turns":5},{"damage":1,"enemies":"Orb Walker","floor":35,"turns":2},{"damage":14,"enemies":"3 Shapes","floor":36,"turns":11},{"damage":16,"enemies":"3 Darklings","floor":38,"turns":3},{"damage":29,"enemies":"Mind Bloom Boss Battle","floor":39,"turns":9},{"damage":37,"enemies":"Reptomancer","floor":44,"turns":8},{"damage":1,"enemies":"Maw","floor":47,"turns":5},{"damage":56,"enemies":"Time Eater","floor":50,"turns":9},{"damage":116,"enemies":"Shield and Spear","floor":54,"turns":8},{"damage":64,"enemies":"The Heart","floor":55,"turns":3}],"seed_played":"5228388186242798886","potions_obtained":[{"floor":1.0,"key":"AttackPotion"},{"floor":6.0,"key":"BlessingOfTheForge"},{"floor":13.0,"key":"Weak Potion"},{"floor":20.0,"key":"CultistPotion"},{"floor":21.0,"key":"FairyPotion"},{"floor":29.0,"key":"AttackPotion"},{"floor":33,"key":"Fruit Juice"},{"floor":35,"key":"Block Potion"},{"floor":39,"key":"Block Potion"},{"floor":54,"key":"BloodPotion"}],"is_trial":false,"path_per_floor":["M","T","$","?","M","E","R","$","T","T","R","M","M","E","R","B",null,"M","$","M","M","M","R","E","R","T","M","M","M","M","?","R","B",null,"M","M","?","M","?","R","$","R","T","E","?","?","M","$","R","B",null,"R","$","E","B"],"character_chosen":"IRONCLAD","items_purchased":["FairyPotion","Inflame","Cleave","Membership Card","Fire Breathing","Shrug It Off","DuplicationPotion","Warcry"],"campfire_rested":3,"item_purchase_floors":[0,19,19,48,48,48,48,53],"current_hp_per_floor":[77,77,77,70,69,40,40,40,40,40,40,46,52,38,38,9,62,53,53,57,57,52,52,44,44,44,36,41,45,22,22,61,51,77,82,74,74,64,41,41,56,85,85,54,54,44,49,64,64,14,67,85,85,48,0,0],"gold":28,"neow_bonus":"","is_daily":false,"chose_seed":false,"campfire_upgraded":6,"win_rate":0.0,"timestamp":1612981492,"path_taken":["M","?","$","?","M","E","R","$","T","?","R","M","?","E","R","BOSS","M","$","M","M","M","R","E","R","T","M","M","M","M","?","R","BOSS","M","M","?","M","?","R","$","R","T","E","?","?","M","?","R","BOSS","R","$","E","BOSS"],"items_purchased_type":["Potion","Card","Card","Relic","Card","Card","Potion","Card"],"build_version":"2020-12-22","purchased_purges":4,"victory":false,"max_hp_per_floor":[80,80,80,80,80,80,80,80,80,80,80,80,80,80,80,80,80,80,80,80,80,80,80,80,80,80,80,80,80,80,80,80,85,85,85,85,85,85,85,85,85,85,85,85,85,85,85,85,85,85,85,85,85,85,85,85],"card_choices":[{"not_picked":["Wild Strike","Bloodletting"],"picked":"Shrug It Off","floor":1.0},{"not_picked":["Rage","Flex"],"picked":"Whirlwind","floor":5.0},{"not_picked":["Feel No Pain","Perfected Strike"],"picked":"Twin Strike","floor":6.0},{"not_picked":["Armaments","Sentinel"],"picked":"Twin Strike","floor":12.0},{"not_picked":["Clash","True Grit"],"picked":"Iron Wave","floor":13.0},{"not_picked":["Barricade","Power Through"],"picked":"Pummel","floor":14.0},{"not_picked":["Exhume","Reaper"],"picked":"Demon Form","floor":16.0},{"not_picked":["Heavy Blade","Clothesline"],"picked":"Headbutt+1","floor":18.0},{"not_picked":["Infernal Blade","Fire Breathing+1"],"picked":"Heavy Blade","floor":20.0},{"not_picked":["Sentinel+1","Searing Blow"],"picked":"Sword Boomerang","floor":21.0},{"not_picked":["Clothesline","Sever Soul"],"picked":"Intimidate+1","floor":22.0},{"not_picked":["Clash","Sentinel"],"picked":"Headbutt+1","floor":24.0},{"not_picked":["Headbutt","Thunderclap"],"picked":"Shrug It Off","floor":27.0},{"not_picked":["Searing Blow","Metallicize"],"picked":"Carnage","floor":28.0},{"not_picked":["Havoc","Perfected Strike+1"],"picked":"Cleave","floor":29.0},{"not_picked":["Wild Strike","Sword Boomerang"],"picked":"Barricade","floor":30.0},{"not_picked":["Corruption","Reaper"],"picked":"Immolate","floor":33},{"not_picked":["Second Wind+1","Headbutt"],"picked":"Clothesline+1","floor":35},{"not_picked":["Armaments+1","Flex+1"],"picked":"True Grit","floor":36},{"not_picked":["Wild Strike","Clash+1","Seeing Red"],"picked":"SKIP","floor":38},{"not_picked":["Offering","Cleave"],"picked":"Power Through","floor":44},{"not_picked":["The Bomb","Mind Blast"],"picked":"Enlightenment","floor":46},{"not_picked":["Panache","Impatience"],"picked":"Enlightenment","floor":46},{"not_picked":["Finesse","Purity"],"picked":"Trip","floor":46},{"not_picked":["Sword Boomerang+1","Spot Weakness+1","Searing Blow"],"picked":"SKIP","floor":47},{"not_picked":["Seeing Red","Blood for Blood"],"picked":"Dual Wield+1","floor":54}],"player_experience":560924,"relics_obtained":[{"floor":2.0,"key":"Ancient Tea Set"},{"floor":6.0,"key":"Oddly Smooth Stone"},{"floor":9.0,"key":"Mummified Hand"},{"floor":10.0,"key":"Regal Pillow"},{"floor":14.0,"key":"Champion Belt"},{"floor":24.0,"key":"MealTicket"},{"floor":26.0,"key":"Incense Burner"},{"floor":39,"key":"Pocketwatch"},{"floor":44,"key":"Bag of Preparation"},{"floor":44,"key":"Red Skull"},{"floor":54,"key":"Bottled Tornado"},{"floor":54,"key":"HornCleat"}],"event_choices":[{"cards_removed":["Strike_R"],"damage_healed":0.0,"max_hp_gain":0.0,"max_hp_loss":0.0,"gold_gain":0.0,"event_name":"Golden Wing","player_choice":"Card Removal","floor":4.0,"gold_loss":0.0,"damage_taken":7.0},{"damage_healed":0.0,"max_hp_gain":0.0,"max_hp_loss":0.0,"gold_gain":0.0,"event_name":"The Mausoleum","player_choice":"Ignored","floor":31.0,"gold_loss":0.0,"damage_taken":0.0},{"damage_healed":0,"gold_gain":0,"player_choice":"Ignored","damage_taken":0,"max_hp_gain":0,"max_hp_loss":0,"event_name":"Tomb of Lord Red Mask","floor":37,"gold_loss":0},{"damage_healed":0,"gold_gain":0,"player_choice":"Fight","damage_taken":0,"max_hp_gain":0,"max_hp_loss":0,"event_name":"MindBloom","floor":39,"gold_loss":0},{"cards_removed":["Intimidate"],"damage_healed":0,"gold_gain":0,"player_choice":"Removed Skill","damage_taken":0,"max_hp_gain":0,"max_hp_loss":0,"event_name":"Falling","floor":45,"gold_loss":0},{"damage_healed":0,"gold_gain":0,"player_choice":"Memory 3","damage_taken":10,"max_hp_gain":0,"max_hp_loss":0,"event_name":"SensoryStone","floor":46,"gold_loss":0}],"is_beta":false,"boss_relics":[{"not_picked":["Fusion Hammer","SacredBark"],"picked":"Cursed Key"},{"not_picked":["Runic Pyramid","Black Blood"],"picked":"Black Star"}],"items_purged_floors":[3,8,19,41],"is_endless":false,"potions_floor_spawned":[1,6,13,20,21,24,29,33,35,39,54],"killed_by":"The Heart","ascension_level":8}}