{"host":"ds1yr10zonoc6w4a","time":1612920069,"event":{"mods":["AchievementEnabler","Act Like it!","Aspiration","BaseMod","Better Match","Better Third Choice","BetterRewards","Downfall","Energized Spire","Gensokyo","Infinite Spire","Minty Spire (QoL Compilation)","Pale of the Ancients","Relic Filter Mod","Reliquary","Replay The Spire","Spire Arcade","StSLib","The Animator","The Cursed"],"gold_per_floor":[114,143,30,30,46,46,46,85,105,139,139,158,187,204,216,36,36,36,36],"floor_reached":18,"language":"ENG","playtime":3207,"items_purged":["animator:Strike","animator:Defend"],"score":228,"play_id":"b1dffee5-413b-49c2-bb70-4a21cf0a8229","local_time":"20210209182109","is_ascension_mode":true,"campfire_choices":[{"data":"animator:Defend","floor":17,"key":"PURGE"}],"circlet_count":0,"master_deck":["AscendersBane","animator:Strike_RozenMaiden","animator:Defend_RozenMaiden","animator:Souseiseki","animator:Hinaichigo","animator:Zero","animator:MaesHughes","Dash","Flying Knee","Venomology","animator:ElricAlphonse","animator:MeguKakizaki","animator:JunSakurada+1","animator:Souseiseki","animator:SajinKomamura","animator:Suigintou","animator:Shirosaki","animator:MeguKakizaki","animator:Saitama","animator:Lelouch"],"relics":["animator:LivingPicture","animator:TheMissingPiece","animator:PurgingStone","Blue Doll","Bag of Marbles","Turnip","Replay:Bottled Snecko","animator:Hoodie"],"acts_visited":["Exordium"],"potions_floor_usage":[8,8,9,10,10,12,14,18],"damage_taken":[{"damage":6,"enemies":"Gensokyo:2_Kodama","floor":1,"turns":4},{"damage":6,"enemies":"Gensokyo:3_Fairies","floor":2,"turns":5},{"damage":3,"enemies":"Gensokyo:Python","floor":5,"turns":4},{"damage":10,"enemies":"Gensokyo:Mamizou","floor":8,"turns":10},{"damage":5,"enemies":"Gensokyo:Kitsune","floor":9,"turns":4},{"damage":43,"enemies":"Gensokyo:Aya","floor":10,"turns":7},{"damage":4,"enemies":"Gensokyo:Gryphon_and_Rabbit","floor":12,"turns":5},{"damage":0,"enemies":"Gensokyo:CorruptedTreant","floor":13,"turns":7},{"damage":24,"enemies":"Gensokyo:Python_and_Kodama","floor":14,"turns":8},{"damage":27,"enemies":"Gensokyo:Kokoro","floor":18,"turns":8}],"seed_played":"4569536410609767185","potions_obtained":[{"floor":2,"key":"champ:CounterPotion"},{"floor":9,"key":"Swift Potion"}],"is_trial":false,"path_per_floor":["M","M","COS","?","M","PTL","PTL","E","M","E","T","M","M","M","?","$","R","B"],"character_chosen":"THE_ANIMATOR","items_purchased":["animator:Zero","animator:Lelouch"],"campfire_rested":0,"item_purchase_floors":[0,16],"current_hp_per_floor":[48,42,42,42,40,40,40,30,32,18,18,14,23,26,26,26,26,0,0],"gold":36,"neow_bonus":"","is_daily":false,"chose_seed":true,"campfire_upgraded":0,"win_rate":0.0,"timestamp":1612920069,"path_taken":["M","M","COS","?","M","PTL","PTL","E","M","E","T","M","M","?","?","?","R","BOSS"],"items_purchased_type":["Card","Card"],"build_version":"2020-12-22","purchased_purges":2,"victory":false,"max_hp_per_floor":[60,60,60,60,61,61,61,61,62,62,62,62,65,66,66,66,66,66,66],"card_choices":[{"not_picked":["animator:Shion","animator:Rayneshia","animator:CowGirl"],"picked":"SKIP","floor":1},{"not_picked":["animator:NarberalGamma","animator:TukaLunaMarceau"],"picked":"animator:MaesHughes","floor":2},{"not_picked":["animator:NoriSakurada","animator:LeleiLaLalena"],"picked":"animator:ElricAlphonse","floor":5},{"not_picked":["animator:Hinaichigo","animator:Souseiseki"],"picked":"animator:MeguKakizaki","floor":8},{"not_picked":["animator:Spearman","animator:Gluttony"],"picked":"animator:JunSakurada","floor":9},{"not_picked":["animator:Naotsugu","animator:Sonic"],"picked":"animator:Souseiseki","floor":10},{"not_picked":["animator:Gluttony","animator:Tetora"],"picked":"animator:SajinKomamura","floor":12},{"not_picked":["animator:Hinaichigo","animator:TomoeKashiwaba"],"picked":"animator:Suigintou","floor":13},{"not_picked":["animator:IkkakuMadarame","animator:Albedo"],"picked":"animator:Shirosaki","floor":14},{"not_picked":["animator:PandorasActor","animator:WinryRockbell"],"picked":"animator:MeguKakizaki","floor":15},{"not_picked":["animator:SwordMaiden","animator:Envy"],"picked":"animator:Saitama","floor":15}],"player_experience":961674,"relics_obtained":[{"floor":8,"key":"Bag of Marbles"},{"floor":10,"key":"Replay:Bottled Snecko"},{"floor":11,"key":"animator:Hoodie"}],"event_choices":[{"damage_healed":0,"gold_gain":0,"player_choice":"1","damage_taken":0,"max_hp_gain":0,"max_hp_loss":0,"event_name":"betterMatch:BetterMatch","floor":15,"gold_loss":0,"cards_obtained":["betterMatch:UncommonCard","betterMatch:RareCard"]}],"is_beta":false,"boss_relics":[],"items_purged_floors":[0,16],"is_endless":false,"potions_floor_spawned":[2,5,9],"killed_by":"Gensokyo:Kokoro","ascension_level":20}}