{"host":"ga4s3hj9m6nkn6gp","time":1612978154,"event":{"mods":["AchievementEnabler","BaseMod","Bestiary","Colored Powertips","Highlight Path","Minty Spire (QoL Compilation)","Relic Stats","everything is the same but u backflip on backflip"],"gold_per_floor":[114,84,104,119,119,149,149,174,174,188,24,63,94,109,109,186,186,205,224,238,163,163,163,163],"floor_reached":23,"language":"ENG","playtime":1114,"items_purged":[],"score":426,"play_id":"72dd9277-39ea-41a3-84d7-12e6f3d6099c","local_time":"20210210182914","is_ascension_mode":true,"campfire_choices":[{"data":"Poisoned Stab","floor":7,"key":"SMITH"},{"data":"Crippling Poison","floor":15,"key":"SMITH"}],"circlet_count":0,"master_deck":["AscendersBane","Strike_G+1","Strike_G","Strike_G","Strike_G","Defend_G","Defend_G","Defend_G","Defend_G","Defend_G","Survivor","Neutralize","Bane","Poisoned Stab+1","Adrenaline","Masterful Stab+1","Crippling Poison+1","Dash","Catalyst","Wraith Form v2","PiercingWail","Decay"],"relics":["Ring of the Snake","NeowsBlessing","PreservedInsect","Matryoshka","Whetstone","Vajra","Toolbox","Gremlin Horn","Philosopher\u0027s Stone"],"acts_visited":["Exordium","TheCity"],"potions_floor_usage":[6,16,16],"damage_taken":[{"damage":0,"enemies":"Cultist","floor":1,"turns":1},{"damage":0,"enemies":"2 Louse","floor":3,"turns":1},{"damage":0,"enemies":"Small Slimes","floor":4,"turns":1},{"damage":25,"enemies":"3 Sentries","floor":6,"turns":10},{"damage":8,"enemies":"Gremlin Nob","floor":8,"turns":3},{"damage":0,"enemies":"Blue Slaver","floor":10,"turns":2},{"damage":0,"enemies":"Exordium Thugs","floor":12,"turns":4},{"damage":5,"enemies":"Lagavulin","floor":13,"turns":4},{"damage":3,"enemies":"Large Slime","floor":14,"turns":3},{"damage":12,"enemies":"The Guardian","floor":16,"turns":10},{"damage":27,"enemies":"3 Byrds","floor":18,"turns":5},{"damage":10,"enemies":"Spheric Guardian","floor":19,"turns":5},{"damage":9,"enemies":"Snake Plant","floor":20,"turns":4},{"damage":0,"enemies":"Centurion and Healer","floor":23,"turns":1}],"seed_played":"4525785296062361707","potions_obtained":[{"floor":2,"key":"Weak Potion"},{"floor":2,"key":"Energy Potion"},{"floor":8,"key":"Dexterity Potion"},{"floor":18,"key":"DistilledChaos"},{"floor":20,"key":"Dexterity Potion"}],"is_trial":false,"path_per_floor":["M","?","M","M","?","E","R","E","T","M","$","M","E","M","R","B",null,"M","M","M","?","?","M"],"character_chosen":"THE_SILENT","items_purchased":["Toolbox"],"campfire_rested":0,"item_purchase_floors":[11],"current_hp_per_floor":[59,59,59,59,59,34,34,26,26,26,26,26,21,18,18,6,51,24,14,5,5,5,5,5],"gold":163,"neow_bonus":"THREE_ENEMY_KILL","is_daily":false,"chose_seed":false,"campfire_upgraded":2,"win_rate":0.0,"timestamp":1612978154,"path_taken":["M","?","?","M","?","E","R","E","T","M","$","M","E","?","R","BOSS","M","M","M","?","?","?"],"items_purchased_type":["Relic"],"build_version":"2020-12-22","purchased_purges":0,"victory":false,"max_hp_per_floor":[66,66,66,66,66,66,66,66,66,66,66,66,66,66,66,66,66,66,66,66,66,66,66,66],"relic_stats":{"Gremlin Horn":[2,2],"counters":[14,54],"PreservedInsect":50,"Whetstone":["Strike_G","Masterful Stab"],"obtain_stats":[{"Matryoshka":8,"NeowsBlessing":0,"Gremlin Horn":13,"Vajra":9,"Toolbox":11,"Philosopher\u0027s Stone":17,"PreservedInsect":6,"Whetstone":9,"Ring of the Snake":0},{"Matryoshka":5,"NeowsBlessing":0,"Gremlin Horn":8,"Vajra":5,"Toolbox":6,"Philosopher\u0027s Stone":10,"PreservedInsect":4,"Whetstone":5,"Ring of the Snake":0},{"Matryoshka":16,"NeowsBlessing":0,"Gremlin Horn":26,"Vajra":16,"Toolbox":18,"Philosopher\u0027s Stone":39,"PreservedInsect":13,"Whetstone":16,"Ring of the Snake":0}],"Ring of the Snake":[28]},"card_choices":[{"not_picked":["Outmaneuver","Backflip"],"picked":"Bane","floor":1},{"not_picked":["Masterful Stab","Reflex"],"picked":"Poisoned Stab","floor":3},{"not_picked":["Distraction","Backflip"],"picked":"Adrenaline","floor":4},{"not_picked":["PiercingWail","Poisoned Stab","Concentrate"],"picked":"SKIP","floor":6},{"not_picked":["Underhanded Strike","Masterful Stab","Choke"],"picked":"SKIP","floor":8},{"not_picked":["Reflex","Calculated Gamble"],"picked":"Crippling Poison","floor":10},{"not_picked":["Concentrate","Flying Knee"],"picked":"Dash","floor":12},{"not_picked":["Setup","Accuracy","Skewer"],"picked":"SKIP","floor":13},{"not_picked":["Sucker Punch","Noxious Fumes"],"picked":"Catalyst","floor":14},{"not_picked":["Storm of Steel","Adrenaline"],"picked":"Wraith Form v2","floor":16},{"not_picked":["Dagger Spray","PiercingWail","Outmaneuver+1"],"picked":"SKIP","floor":18},{"not_picked":["Dagger Spray","Outmaneuver+1"],"picked":"PiercingWail","floor":18},{"not_picked":["Prepared","PiercingWail","Crippling Poison"],"picked":"SKIP","floor":19},{"not_picked":["Outmaneuver","Acrobatics","Dagger Throw"],"picked":"SKIP","floor":20}],"player_experience":762049,"relics_obtained":[{"floor":6,"key":"PreservedInsect"},{"floor":8,"key":"Matryoshka"},{"floor":9,"key":"Whetstone"},{"floor":9,"key":"Vajra"},{"floor":13,"key":"Gremlin Horn"}],"event_choices":[{"damage_healed":0,"gold_gain":0,"player_choice":"Bought 2 Potions","damage_taken":0,"max_hp_gain":0,"max_hp_loss":0,"event_name":"The Woman in Blue","floor":2,"gold_loss":0},{"damage_healed":0,"gold_gain":0,"player_choice":"1 cards matched","damage_taken":0,"max_hp_gain":0,"max_hp_loss":0,"event_name":"Match and Keep!","floor":5,"gold_loss":0,"cards_obtained":["Masterful Stab"]},{"cards_removed":["Strike_G"],"damage_healed":0,"gold_gain":0,"player_choice":"Gave Gold","damage_taken":0,"max_hp_gain":0,"max_hp_loss":0,"event_name":"Beggar","floor":21,"gold_loss":75},{"damage_healed":0,"gold_gain":0,"player_choice":"Smashed Altar","damage_taken":0,"max_hp_gain":0,"max_hp_loss":0,"event_name":"Forgotten Altar","floor":22,"gold_loss":0,"cards_obtained":["Decay"]}],"is_beta":false,"boss_relics":[{"not_picked":["Fusion Hammer","Black Star"],"picked":"Philosopher\u0027s Stone"}],"items_purged_floors":[],"is_endless":false,"potions_floor_spawned":[4,8,12,13,18,20],"killed_by":"Centurion and Healer","ascension_level":20}}