{"host":"0mk07bycsqo1qk03","time":1612942483,"event":{"mods":["BaseMod","Downfall","Hermit","Hubris","Minty Spire (QoL Compilation)","Reliquary","Replay The Spire","StSLib","The Cursed"],"gold_per_floor":[114,134,134,153,203,232,232,262,262,107,107,119,119,154,154,226,226,239,249,249,260,260,260,260,260],"floor_reached":24,"language":"ENG","playtime":984,"items_purged":[],"score":375,"play_id":"f4641097-c9d2-46e8-81c8-3d0301faf886","local_time":"20210210083443","is_ascension_mode":true,"campfire_choices":[{"floor":7,"key":"REST"},{"floor":11,"key":"REST"},{"data":"Noxious Fumes","floor":15,"key":"SMITH"}],"circlet_count":0,"master_deck":["AscendersBane","Strike_G","Strike_G","Strike_G","Strike_G","Strike_G","Defend_G","Defend_G","Defend_G","Defend_G","Defend_G","Neutralize","hubris:Strike_Merchant","Bash","Corpse Explosion","Backflip","Slice+1","m_Survivalism","Deflect","ReplayTheSpireMod:Speed Training","Noxious Fumes+1","Escape Plan","After Image","CurseOfTheBell","Replay:Poison Smokescreen+1","Cloak And Dagger","Draining Mist","downfall:Bewildered","Dagger Spray"],"relics":["Ring of the Snake","hubris:OldNail","ReplayTheSpireMod:TigerMarble","Iron Hammer","Ancient Tea Set","Prayer Wheel","Calling Bell","Smiling Mask","hubris:TinFlute","Replay:Multitool","sneckomod:BabySnecko","hubris:Towel"],"acts_visited":["Exordium","TheCity"],"potions_floor_usage":[8,18],"damage_taken":[{"damage":7.0,"enemies":"2 Louse","floor":1.0,"turns":2.0},{"damage":2.0,"enemies":"Jaw Worm","floor":2.0,"turns":5.0},{"damage":1.0,"enemies":"Cultist","floor":4.0,"turns":3.0},{"damage":25,"enemies":"Replay:BlueRogue","floor":6,"turns":10},{"damage":30,"enemies":"Lagavulin","floor":8,"turns":10},{"damage":3,"enemies":"Blue Slaver","floor":12,"turns":5},{"damage":21,"enemies":"3 Sentries","floor":14,"turns":6},{"damage":41,"enemies":"Slime Boss","floor":16,"turns":9},{"damage":0,"enemies":"Chosen","floor":18,"turns":4},{"damage":20,"enemies":"3 Byrds","floor":19,"turns":3},{"damage":21,"enemies":"Snake Plant","floor":21,"turns":6},{"damage":46,"enemies":"Book of Stabbing","floor":24,"turns":5}],"seed_played":"-5446377368785402621","potions_obtained":[{"floor":1.0,"key":"DistilledChaos"},{"floor":6,"key":"GhostInAJar"},{"floor":14,"key":"Fire Potion"},{"floor":18,"key":"Ancient Potion"}],"is_trial":false,"path_per_floor":["M","M","?","M","?","E","R","E","T","$","R","M","?","E","R","B",null,"M","M","?","M","?","R","E"],"character_chosen":"THE_SILENT","items_purchased":["reliquary:FerryPass"],"campfire_rested":2,"item_purchase_floors":[10],"current_hp_per_floor":[52,50,50,49,43,18,37,7,7,7,26,23,76,55,55,14,61,61,41,41,20,20,42,0,0],"gold":260,"neow_bonus":"THREE_RARE_CARDS","is_daily":false,"chose_seed":false,"campfire_upgraded":1,"win_rate":0.0,"timestamp":1612942483,"path_taken":["M","M","?","M","?","E","R","E","T","$","R","?","?","E","R","BOSS","M","M","?","M","?","R","E"],"items_purchased_type":["Relic"],"build_version":"2020-12-22","purchased_purges":0,"victory":false,"max_hp_per_floor":[66,66,66,66,66,66,66,66,66,66,66,66,76,76,76,76,76,76,76,76,76,76,76,76,76],"card_choices":[{"not_picked":["Night Terror","Adrenaline"],"picked":"Corpse Explosion","floor":0.0},{"not_picked":["Blade Dance","Hidden Blade"],"picked":"Backflip","floor":1.0},{"not_picked":["Backflip","hubris:Sniper"],"picked":"Slice","floor":2.0},{"not_picked":["Prepared","Setup"],"picked":"Deflect","floor":4.0},{"not_picked":["Replay:Poison Smokescreen","Eviscerate"],"picked":"ReplayTheSpireMod:Speed Training","floor":6},{"not_picked":["PiercingWail","Bane"],"picked":"Noxious Fumes","floor":8},{"not_picked":["Toxin Wave","Sneak Up"],"picked":"Venomology","floor":12},{"not_picked":["ReplayTheSpireMod:Tripwire","ReplayTheSpireMod:The Works"],"picked":"Escape Plan","floor":14},{"not_picked":["Grand Finale","Night Terror"],"picked":"After Image","floor":16},{"not_picked":["ReplayTheSpireMod:Scrap Shanks","Sucker Punch"],"picked":"Replay:Poison Smokescreen+1","floor":18},{"not_picked":["Heel Hook","Deflect"],"picked":"Cloak And Dagger","floor":18},{"not_picked":["Prepared+1","hubris:SlightOfHand+1"],"picked":"Draining Mist","floor":19},{"not_picked":["Infinite Blades","Well Laid Plans","Outmaneuver"],"picked":"SKIP","floor":19},{"not_picked":["Outmaneuver","Tactician+1"],"picked":"Dagger Spray","floor":21},{"not_picked":["Outmaneuver","Masterful Stab","Underhanded Strike"],"picked":"SKIP","floor":21}],"player_experience":1035089,"relics_obtained":[{"floor":6,"key":"hubris:OldNail"},{"floor":8,"key":"ReplayTheSpireMod:TigerMarble"},{"floor":9,"key":"Iron Hammer"},{"floor":14,"key":"Ancient Tea Set"},{"floor":16,"key":"Prayer Wheel"},{"floor":17,"key":"Smiling Mask"},{"floor":17,"key":"hubris:TinFlute"},{"floor":17,"key":"Replay:Multitool"}],"event_choices":[{"damage_healed":0,"gold_gain":50,"player_choice":"Touch","damage_taken":6,"max_hp_gain":0,"max_hp_loss":0,"event_name":"FaceTrader","floor":5,"gold_loss":0},{"cards_removed":["Venomology"],"damage_healed":43,"gold_gain":0,"player_choice":"Offered Rare","damage_taken":0,"max_hp_gain":10,"max_hp_loss":0,"event_name":"Bonfire Elementals","floor":13,"gold_loss":0}],"is_beta":false,"boss_relics":[{"not_picked":["Velvet Choker","hubris:TerracottaHorce"],"picked":"Calling Bell"}],"items_purged_floors":[],"is_endless":false,"potions_floor_spawned":[1,6,14,18],"killed_by":"Book of Stabbing","ascension_level":15}}