{"host":"roqoyek1hn7n931r","time":1612921116,"event":{"mods":["100% Spire Juice","A Magickal Journey","AchievementEnabler","Act Like it!","Arknights","Aspiration","BaseMod","Beaked The Cultist","Better Third Choice","BetterRewards","CapriCore","Colored Map","Colored Powertips","Conspire","Downfall","Duelist Mod","GifTheSpireLib","Halation","Hermit","Hero for Fun","Hubris","Infinite Spire","Jorbs\u0027s Wanderer Trilogy","Koishi","Marisa????????","Minty Spire (QoL Compilation)","READ ME - Guardian Mod","READ ME - Snecko Mod","Reliquary","Remilia??????","Replay The Spire","Shade Mod","Shop Mod","StSLib","The Alterego","The Animator","The Bug Knight","The Cursed","The Disciple","The Forsaken","The Gatherer","The Hierophant","The Jungle","The Marked","The Mystic","The Necromancer","The Runesmith","The Senshi","The Servant 0.9.4","TheVacant","Yuri Mod","Yuyuko"],"gold_per_floor":[100,118,118,50,50,68,93,106,116,127,23,23,23,40,52,154,154,154,170,170,170,170,182,182,200,226,36,36,36,66,92,127,242,242,242,392,416,535,535,21,21,67,67,100,100,128,128,128,162,267,267,267,283,283,296,296,326,353,353,372,372,372,390,409,429,450,562,562,562,585,620,620,650,677,710,759,783,783,783,797,797,825,842,988,988,988,1019,1019,501,501,512,561,594,616,616,641,641,656,713,737,875,875,875,907,907,932,961,983,983,983,1031,1117,1192,1211,1211,1232,1263,1281,1304,1421,1421,1421,1423,1423,1434,1468,1468,1470,1470],"floor_reached":128,"language":"ENG","playtime":15263,"items_purged":["ReplayTheSpireMod:Doomed","theForsaken:PlagueCurse"],"score":2778,"play_id":"8dba0a50-b28b-4a21-90d2-c4a055f21706","local_time":"20210210023836","is_ascension_mode":false,"campfire_choices":[{"data":"yuri:BookGreen","floor":13,"key":"SMITH"},{"data":"yuri:DragonForm","floor":18,"key":"SMITH"},{"data":"yuri:BookBlue","floor":29,"key":"SMITH"},{"data":"yuri:DuplicateCode","floor":35,"key":"SMITH"},{"floor":43,"key":"DIG"},{"floor":47,"key":"DIG"},{"floor":52,"key":"DIG"},{"floor":61,"key":"DIG"},{"floor":69,"key":"DIG"},{"floor":78,"key":"DIG"},{"floor":81,"key":"DIG"},{"floor":86,"key":"DIG"},{"floor":95,"key":"DIG"},{"floor":97,"key":"DIG"},{"floor":103,"key":"DIG"},{"floor":115,"key":"DIG"},{"floor":122,"key":"DIG"}],"circlet_count":0,"master_deck":["conspire:GhostlyDefend","conspire:GhostlyDefend","conspire:GhostlyDefend","conspire:GhostlyDefend","yuri:Oolong","yuri:yuriStab","yuri:ThornRemove","yuri:Torment","yuri:Oolong","yuri:CorruptHitbox","yuri:Stare","yuri:WickedSlash","yuri:BookGreen+1","Swift Strike","yuri:SturdyUniform","yuri:BookBlue+1","yuri:DragonForm+1","yuri:ThrowingKnives+1","Bite+1","Bite+1","Bite+1","Bite+1","Bite+1","yuri:Spin+1","yuri:BookRed+1","Replay:Dark Deal","yuri:HeavierStrike+1","yuri:Stare+1","yuri:DuplicateCode+1","Replay:Dark Deal","yuri:ArmBrace","yuri:InsanityDefense+1","yuri:NoEscape","yuri:BookPurple+1","Pain","yuri:Virus","yuri:InduceGlitch+1","yuri:ThrowingKnives+1","yuri:AdaptiveAI+1","yuri:UntestedCode","yuri:BlackTea","yuri:GreenTea","yuri:RemoveSafetyChecks","yuri:yuriHeavyStrike+1","yuri:DuplicateCode","ReplayTheSpireMod:Chaos Vortex","infinitespire:Starlight","yuri:ConsumeGlitch","yuri:GlitchedStrike+1","yuri:ThrowingKnives+1","yuri:CorruptHitbox+1","yuri:GreenTea+1","Parasite","yuri:UnstableStrike+1","yuri:RelentlessStrikes","Replay:Dark Deal","yuri:ConsumeGlitch","yuri:GlitchedStrike"],"relics":["yuri:yuriKnife","halation:PinkSoulGem","Orichalcum","reliquary:JackalopeAntler","aspiration:PoetsPen_weak","Ring of Peace","Ring of Searing","infinitespire:Midas Blood","Blood Vial","reliquary:WritOfMandamus","DollysMirror","infinitespire:CheckeredPen","Replay:Bottled Eggs","hubris:HerbalPaste","Shovel","infinitespire:FocusingShard","reliquary:PartyBalloon","Pantograph","Replay:Grab Bag","beaked:MawFillet","Sozu","yuri:BookOfBooks","Nunchaku","WarpedTongs","reliquary:FerryPass","halation:TwoAmDonut","halation:Yufonium","Replay:Accelerometer","Snack Pack","Durian","aspiration:MobileForge","Girya","halation:PapillonHeart","Replay:Multitool","Happy Flower","halation:PinkAlligatorPlush","ReplayFunnel","Toy Ornithopter","hubris:CuriousFeather","hubris:GrandSneckoEye","Blue Doll","hubris:BottledHeart","aspiration:RitualStick"],"acts_visited":["Exordium","TheCity","TheBeyond","Exordium","Exordium","TheBeyond","Exordium","TheCity"],"potions_floor_usage":[16,16,16,33,33,44,49,50,50],"damage_taken":[{"damage":1,"enemies":"Jaw Worm","floor":2,"turns":3},{"damage":5,"enemies":"downfall:FleeingMerchant","floor":4,"turns":4},{"damage":3,"enemies":"Small Slimes","floor":6,"turns":3},{"damage":2,"enemies":"Cultist","floor":8,"turns":3},{"damage":3,"enemies":"2 Fungi Beasts","floor":9,"turns":4},{"damage":6,"enemies":"Blue Slaver","floor":10,"turns":3},{"damage":5,"enemies":"downfall:FleeingMerchant","floor":11,"turns":4},{"damage":12,"enemies":"Large Slime","floor":14,"turns":5},{"damage":13,"enemies":"conspire:2 RoseBushes","floor":15,"turns":3},{"damage":35,"enemies":"IC_STATUS_ARCHETYPE","floor":16,"turns":7},{"damage":14,"enemies":"Spheric Guardian","floor":19,"turns":5},{"damage":25,"enemies":"Snecko","floor":23,"turns":5},{"damage":11,"enemies":"Chosen and Byrds","floor":25,"turns":3},{"damage":22,"enemies":"downfall:FleeingMerchant","floor":27,"turns":4},{"damage":16,"enemies":"3 Cultists","floor":30,"turns":5},{"damage":18,"enemies":"Centurion and Healer","floor":31,"turns":5},{"damage":19,"enemies":"Shelled Parasite and Fungi","floor":32,"turns":5},{"damage":20,"enemies":"SI_MIRROR_ARCHETYPE","floor":33,"turns":7},{"damage":19,"enemies":"3 Shapes","floor":37,"turns":4},{"damage":0,"enemies":"downfall:FleeingMerchant","floor":38,"turns":1},{"damage":26,"enemies":"Nightmare","floor":42,"turns":5},{"damage":32,"enemies":"3 Darklings","floor":44,"turns":6},{"damage":12,"enemies":"Maw","floor":46,"turns":5},{"damage":31,"enemies":"4 Shapes","floor":49,"turns":5},{"damage":18,"enemies":"WA_ARCHETYPE_DIVINITY","floor":50,"turns":4},{"damage":5,"enemies":"Cultist","floor":53,"turns":3},{"damage":0,"enemies":"2 Louse","floor":55,"turns":1},{"damage":14,"enemies":"Small Slimes","floor":57,"turns":2},{"damage":17,"enemies":"Gremlin Gang","floor":60,"turns":2},{"damage":0,"enemies":"3 Louse","floor":63,"turns":2},{"damage":0,"enemies":"Blue Slaver","floor":64,"turns":1},{"damage":5,"enemies":"2 Fungi Beasts","floor":65,"turns":2},{"damage":5,"enemies":"Exordium Wildlife","floor":66,"turns":2},{"damage":11,"enemies":"Slime Boss","floor":67,"turns":4},{"damage":13,"enemies":"theJungle:GiantWrat","floor":70,"turns":4},{"damage":27,"enemies":"theJungle:MUSHROOMGANG","floor":71,"turns":3},{"damage":39,"enemies":"theJungle:Snecko_Cultist_And_Trap","floor":73,"turns":5},{"damage":29,"enemies":"theJungle:SlimyTreeVines","floor":74,"turns":5},{"damage":12,"enemies":"theJungle:MamaSnecko","floor":75,"turns":3},{"damage":35,"enemies":"theJungle:2_Phrogs","floor":76,"turns":5},{"damage":27,"enemies":"theJungle:2_Snecko_Cultists","floor":77,"turns":4},{"damage":6,"enemies":"theJungle:JungleHuntersEncounter","floor":80,"turns":3},{"damage":21,"enemies":"Snake Plant","floor":82,"turns":3},{"damage":20,"enemies":"theJungle:2_Flameangoes","floor":83,"turns":4},{"damage":104,"enemies":"theJungle:TotemBoss","floor":84,"turns":7},{"damage":25,"enemies":"3 Darklings","floor":87,"turns":5},{"damage":0,"enemies":"3 Shapes","floor":91,"turns":2},{"damage":71,"enemies":"Reptomancer","floor":92,"turns":5},{"damage":8,"enemies":"Nemesis","floor":93,"turns":3},{"damage":16,"enemies":"Jaw Worm Horde","floor":94,"turns":4},{"damage":30,"enemies":"3 Darklings","floor":96,"turns":4},{"damage":49,"enemies":"Spire Growth","floor":98,"turns":4},{"damage":25,"enemies":"Giant Head","floor":99,"turns":5},{"damage":11,"enemies":"Writhing Mass","floor":100,"turns":4},{"damage":56,"enemies":"infinitespire:MassOfShapes","floor":101,"turns":8},{"damage":12,"enemies":"Cultist","floor":104,"turns":2},{"damage":10,"enemies":"Small Slimes","floor":106,"turns":3},{"damage":17,"enemies":"2 Louse","floor":107,"turns":3},{"damage":24,"enemies":"Exordium Thugs","floor":108,"turns":4},{"damage":36,"enemies":"3 Sentries","floor":111,"turns":4},{"damage":0,"enemies":"2 Fungi Beasts","floor":114,"turns":3},{"damage":9,"enemies":"Red Slaver","floor":116,"turns":3},{"damage":20,"enemies":"Exordium Thugs","floor":117,"turns":3},{"damage":9,"enemies":"Large Slime","floor":118,"turns":3},{"damage":9,"enemies":"Looter","floor":119,"turns":3},{"damage":42,"enemies":"Hexaghost","floor":120,"turns":4},{"damage":0,"enemies":"Chosen","floor":125,"turns":3},{"damage":2,"enemies":"Gremlin Leader","floor":126,"turns":3},{"damage":4,"enemies":"Slavers","floor":128,"turns":3}],"seed_played":"-865552091914556190","potions_obtained":[{"floor":1,"key":"Block Potion"},{"floor":1,"key":"CultistPotion"},{"floor":2,"key":"PowerPotion"},{"floor":9,"key":"Energy Potion"},{"floor":23,"key":"FearPotion"},{"floor":25,"key":"ColorlessPotion"},{"floor":31,"key":"Swift Potion"},{"floor":42,"key":"Explosive Potion"},{"floor":44,"key":"Venom Potion"},{"floor":49,"key":"Fruit Juice"}],"is_trial":false,"path_per_floor":["R_BF","M","?","$","?","M","T","M","M","M","$","?","R","M","M","B",null,"R","M","?","?","T","M","T","M","T","$","?","R","M","M","M","B",null,"R","?","M","$","T","$","T","NM","R","M","?","M","R","T","M","B",null,"R","M","?","M","?","M","T","?","M","R","?","M","M","M","M","B",null,"R","M","M","?","M","M","E","E","M","R","?","M","R","M","M","B",null,"R","M","?","?","?","M","E","E","M","R","M","R","M","E","M","B",null,"R","M","?","M","M","M","PTL","PTL","E","?","?","M","R","M","M","M","M","B",null,"R","?","?","M","E","?","E"],"character_chosen":"YURI","items_purchased":["yuri:Stare","Swift Strike","Replay:Dark Deal","DollysMirror","Replay:Bottled Eggs","hubris:HerbalPaste"],"campfire_rested":0,"item_purchase_floors":[4,11,27,38,40,40],"current_hp_per_floor":[88,87,87,83,83,87,87,86,87,85,84,84,84,76,71,44,88,88,74,61,61,61,42,42,43,43,44,44,44,46,40,41,40,61,61,61,50,58,58,58,58,46,46,41,61,58,58,58,52,56,66,66,61,61,63,63,54,54,54,45,45,45,56,58,61,61,65,66,66,58,52,52,48,56,59,48,39,39,39,57,62,68,71,21,71,71,59,59,59,59,67,20,31,49,49,46,46,46,67,57,57,77,77,73,73,69,73,69,69,69,54,23,23,36,36,53,49,77,78,64,79,79,1,1,1,1,1,0,0],"gold":1470,"neow_bonus":"TEN_PERCENT_HP_BONUS","is_daily":false,"chose_seed":false,"campfire_upgraded":4,"win_rate":0.0,"timestamp":1612921116,"path_taken":["R_BF","M","?","$","?","M","T","M","M","?","$","?","R","M","M","BOSS","R","M","?","?","?","M","T","M","?","$","?","R","M","M","M","BOSS","R","?","M","$","?","?","T","NM","R","M","?","?","R","?","M","BOSS","R","M","?","M","?","?","T","?","M","R","?","M","M","?","M","BOSS","R","M","M","?","?","?","E","E","M","R","?","M","R","?","M","BOSS","R","M","?","?","?","M","E","E","M","R","?","R","?","E","M","BOSS","R","M","?","M","?","M","PTL","PTL","E","?","?","M","R","M","?","M","M","BOSS","R","?","?","?","E","?","E"],"items_purchased_type":["Card","Card","Card","Relic","Relic","Relic"],"build_version":"2020-12-22","purchased_purges":2,"victory":false,"max_hp_per_floor":[88,88,88,88,88,88,88,88,88,88,88,88,88,88,88,88,88,88,88,61,61,61,61,61,61,61,61,61,61,61,61,61,61,61,61,61,61,61,61,61,61,61,61,61,61,61,61,61,66,66,66,66,66,66,66,66,66,66,66,66,66,66,66,66,66,66,66,66,66,66,66,66,66,66,66,66,66,66,66,66,71,71,71,71,71,71,71,67,67,67,67,67,67,67,67,67,67,67,67,67,77,77,77,77,77,77,77,79,79,79,79,79,79,79,79,79,79,79,79,79,79,79,1,1,1,1,1,1,1],"card_choices":[{"not_picked":["yuri:CalmingAura","yuri:RecklessStrike"],"picked":"yuri:ThornRemove","floor":2},{"not_picked":["yuri:Suicide","yuri:ThrowingKnives"],"picked":"yuri:Torment","floor":4},{"not_picked":["yuri:ThrowBook","yuri:MPose"],"picked":"yuri:CorruptHitbox","floor":6},{"not_picked":["yuri:ChibiInvasion","yuri:yuriQuickStrike"],"picked":"yuri:Stare","floor":8},{"not_picked":["yuri:ThrowingKnives","yuri:Skip"],"picked":"yuri:WickedSlash","floor":9},{"not_picked":["yuri:DuplicateCode","yuri:ThrowBook"],"picked":"yuri:BookGreen","floor":10},{"not_picked":["yuri:DebugCard","yuri:yuriQuickStrike","yuri:ThornRemove"],"picked":"SKIP","floor":11},{"not_picked":["yuri:DeepBreathing","yuri:RecklessStrike"],"picked":"yuri:SturdyUniform","floor":14},{"not_picked":["yuri:yuriQuickStrike","yuri:DejaVu"],"picked":"yuri:BookBlue","floor":15},{"not_picked":["yuri:DuplicateCode","yuri:MagneticKnives"],"picked":"yuri:DragonForm","floor":16},{"not_picked":["yuri:InduceGlitch","yuri:WickedSlash"],"picked":"yuri:ThrowingKnives+1","floor":19},{"not_picked":["yuri:UnstableStrike","yuri:ThrowingKnives"],"picked":"yuri:Spin+1","floor":23},{"not_picked":["yuri:DebugCard","yuri:MPose","yuri:yuriHeavyStrike"],"picked":"SKIP","floor":25},{"not_picked":["yuri:UntestedCode","yuri:ChibiInvasion"],"picked":"yuri:BookRed+1","floor":27},{"not_picked":["yuri:ArmBrace","yuri:ThrowingKnives"],"picked":"yuri:ReactiveMadness","floor":30},{"not_picked":["yuri:ThrowBook","yuri:MultiDip"],"picked":"yuri:HeavierStrike+1","floor":31},{"not_picked":["yuri:Suicide","yuri:yuriQuickStrike"],"picked":"yuri:Stare+1","floor":32},{"not_picked":["yuri:RelentlessStrikes","yuri:JumpScare"],"picked":"yuri:DuplicateCode","floor":33},{"not_picked":["yuri:MPose","yuri:WickedSlash+1","yuri:GlitchedStrike"],"picked":"SKIP","floor":37},{"not_picked":["yuri:Stare+1","yuri:ThornRemove+1","yuri:SelfHarm"],"picked":"SKIP","floor":38},{"not_picked":["yuri:GlitchedStrike+1","yuri:ChibiInvasion","yuri:yuriQuickStrike"],"picked":"SKIP","floor":42},{"not_picked":["yuri:GrowingInsanity+1","yuri:CorruptHitbox+1"],"picked":"yuri:ArmBrace","floor":44},{"not_picked":["yuri:Skip+1","yuri:yuriQuickStrike+1"],"picked":"yuri:InsanityDefense+1","floor":46},{"not_picked":["yuri:JumpScare","yuri:GrowingInsanity","yuri:yuriHeavyStrike"],"picked":"SKIP","floor":49},{"not_picked":["yuri:JumpScare","yuri:GhostForm"],"picked":"yuri:NoEscape","floor":50},{"not_picked":["yuri:BookRed+1","yuri:BookGreen+1","yuri:BookBlue+1"],"picked":"yuri:BookPurple+1","floor":51},{"not_picked":["yuri:SelfHarm","yuri:AdaptiveAI","yuri:ThrowBook"],"picked":"SKIP","floor":53},{"not_picked":["yuri:ThrowingKnives","yuri:HeavierStrike","yuri:ThrowBook"],"picked":"SKIP","floor":55},{"not_picked":["yuri:BookBlue","yuri:yuriQuickStrike","yuri:SelfHarm"],"picked":"SKIP","floor":57},{"not_picked":["yuri:DejaVu","yuri:yuriQuickStrike","yuri:DebugCard"],"picked":"SKIP","floor":60},{"not_picked":["yuri:Stare","yuri:BookRed","yuri:MPose"],"picked":"SKIP","floor":63},{"not_picked":["yuri:MPose","yuri:DejaVu","yuri:BookGreen"],"picked":"SKIP","floor":64},{"not_picked":["yuri:DebugCard","yuri:ThrowBook","yuri:Stare"],"picked":"SKIP","floor":65},{"not_picked":["yuri:Stalk","yuri:GlitchedStrike","yuri:NerfBat"],"picked":"SKIP","floor":66},{"not_picked":["yuri:MagneticKnives","yuri:JumpScare"],"picked":"yuri:Virus","floor":67},{"not_picked":["yuri:GlitchedStrike","yuri:ThrowingKnives"],"picked":"yuri:InduceGlitch+1","floor":70},{"not_picked":["yuri:yuriQuickStrike","yuri:BookRed"],"picked":"yuri:ThrowingKnives+1","floor":71},{"not_picked":["yuri:MultiDip","yuri:ThornRemove"],"picked":"yuri:AdaptiveAI+1","floor":73},{"not_picked":["yuri:TPose","yuri:ThrowBook","yuri:InduceGlitch"],"picked":"SKIP","floor":74},{"not_picked":["yuri:SeeingDouble","yuri:Spin"],"picked":"yuri:UntestedCode","floor":75},{"not_picked":["yuri:HoldBack+1","yuri:GlitchedStrike"],"picked":"yuri:BlackTea","floor":76},{"not_picked":["yuri:ThrowBook","yuri:Stare+1"],"picked":"yuri:GreenTea","floor":77},{"not_picked":["yuri:DejaVu","yuri:ThrowingKnives+1","yuri:HeavierStrike"],"picked":"SKIP","floor":80},{"not_picked":["yuri:Spin","yuri:MPose+1"],"picked":"yuri:yuriHeavyStrike+1","floor":82},{"not_picked":["yuri:yuriQuickStrike","yuri:DebugCard","yuri:InduceGlitch"],"picked":"SKIP","floor":83},{"not_picked":["yuri:MirrorInsanity","yuri:DragonForm"],"picked":"yuri:DuplicateCode","floor":84},{"not_picked":["yuri:TeaSet+1","yuri:RecklessStrike+1","yuri:CalmingAura"],"picked":"SKIP","floor":87},{"not_picked":["infinitespire:TheBestDefense","infinitespire:Menacing"],"picked":"ReplayTheSpireMod:Chaos Vortex","floor":89},{"not_picked":["infinitespire:DeathsTouch","infinitespire:Punishment"],"picked":"infinitespire:Starlight","floor":89},{"not_picked":["yuri:Parry","yuri:ChibiInvasion","yuri:SelfHarm+1"],"picked":"SKIP","floor":91},{"not_picked":["yuri:DejaVu","yuri:CalmingAura"],"picked":"yuri:ConsumeGlitch","floor":92},{"not_picked":["yuri:TPose","yuri:UntestedCode+1"],"picked":"yuri:GlitchedStrike+1","floor":93},{"not_picked":["yuri:InsanityDefense","yuri:DebugCard+1"],"picked":"yuri:ThrowingKnives+1","floor":94},{"not_picked":["yuri:MPose","yuri:Stalk+1"],"picked":"yuri:CorruptHitbox+1","floor":96},{"not_picked":["yuri:UnstableStrike","yuri:Skip","yuri:ThrowingKnives"],"picked":"SKIP","floor":98},{"not_picked":["yuri:RecklessStrike+1","yuri:AdaptiveAI"],"picked":"yuri:GreenTea+1","floor":99},{"not_picked":["yuri:yuriHeavyStrike","yuri:ThrowBook+1"],"picked":"yuri:UnstableStrike+1","floor":100},{"not_picked":["yuri:Suicide","yuri:Torment"],"picked":"yuri:RelentlessStrikes","floor":101},{"not_picked":["yuri:ThrowBook","yuri:yuriQuickStrike","yuri:CorruptHitbox"],"picked":"SKIP","floor":104},{"not_picked":["yuri:yuriHeavyStrike","yuri:yuriQuickStrike","yuri:Skip"],"picked":"SKIP","floor":106},{"not_picked":["yuri:yuriQuickStrike","yuri:Skip","yuri:GrowingInsanity"],"picked":"SKIP","floor":107},{"not_picked":["yuri:TPose","yuri:HoldBack","yuri:Stare"],"picked":"SKIP","floor":108},{"not_picked":["yuri:InduceGlitch","yuri:NerfBat","yuri:AdaptiveAI"],"picked":"SKIP","floor":111},{"not_picked":["yuri:GlitchedStrike","yuri:ReactiveMadness","yuri:ThrowingKnives"],"picked":"SKIP","floor":114},{"not_picked":["yuri:ThrowBook","yuri:HoldBack","yuri:yuriHeavyStrike"],"picked":"SKIP","floor":116},{"not_picked":["yuri:DeepBreathing","yuri:AdaptiveAI","yuri:Skip"],"picked":"SKIP","floor":117},{"not_picked":["yuri:SelfHarm","yuri:WickedSlash","yuri:ThrowingKnives"],"picked":"SKIP","floor":118},{"not_picked":["yuri:ReloadGame","yuri:yuriQuickStrike","yuri:HoldBack"],"picked":"SKIP","floor":119},{"not_picked":["yuri:BlackTea","yuri:GhostForm"],"picked":"yuri:ConsumeGlitch","floor":120},{"not_picked":["yuri:BookGreen","yuri:yuriQuickStrike","yuri:Skip"],"picked":"SKIP","floor":125},{"not_picked":["yuri:ArmBrace","yuri:DebugCard","yuri:Spin"],"picked":"SKIP","floor":126}],"player_experience":127487,"relics_obtained":[{"floor":7,"key":"Orichalcum"},{"floor":21,"key":"Ring of Peace"},{"floor":21,"key":"Ring of Searing"},{"floor":22,"key":"MealTicket"},{"floor":24,"key":"infinitespire:Midas Blood"},{"floor":26,"key":"Blood Vial"},{"floor":39,"key":"infinitespire:CheckeredPen"},{"floor":41,"key":"Shovel"},{"floor":42,"key":"infinitespire:FocusingShard"},{"floor":43,"key":"reliquary:PartyBalloon"},{"floor":47,"key":"Pantograph"},{"floor":52,"key":"Nunchaku"},{"floor":58,"key":"reliquary:FerryPass"},{"floor":61,"key":"halation:TwoAmDonut"},{"floor":69,"key":"Replay:Accelerometer"},{"floor":78,"key":"Snack Pack"},{"floor":81,"key":"Durian"},{"floor":86,"key":"Girya"},{"floor":95,"key":"Replay:Multitool"},{"floor":97,"key":"Happy Flower"},{"floor":103,"key":"ReplayFunnel"},{"floor":112,"key":"Toy Ornithopter"},{"floor":115,"key":"hubris:CuriousFeather"},{"floor":122,"key":"Blue Doll"}],"event_choices":[{"damage_healed":0,"gold_gain":0,"player_choice":"Box","damage_taken":0,"relics_obtained":["reliquary:JackalopeAntler"],"max_hp_gain":0,"max_hp_loss":0,"event_name":"Big Fish","floor":12,"gold_loss":0,"cards_obtained":["Regret"]},{"damage_healed":0,"gold_gain":0,"player_choice":"Became a vampire","damage_taken":0,"max_hp_gain":0,"max_hp_loss":27,"event_name":"Vampires","floor":20,"gold_loss":0,"cards_obtained":["Bite","Bite","Bite","Bite","Bite"]},{"damage_healed":0,"gold_gain":0,"cards_transformed":["Regret","Looming Evil"],"player_choice":"Became Test Subject","damage_taken":0,"max_hp_gain":0,"max_hp_loss":0,"event_name":"Drug Dealer","floor":28,"gold_loss":0,"cards_obtained":["ReplayTheSpireMod:Doomed","theForsaken:PlagueCurse"]},{"cards_removed":["yuri:ReactiveMadness"],"damage_healed":20,"gold_gain":0,"player_choice":"Offered Uncommon","damage_taken":0,"max_hp_gain":0,"max_hp_loss":0,"event_name":"Bonfire Elementals","floor":45,"gold_loss":0},{"damage_healed":0,"gold_gain":0,"player_choice":"Agree","damage_taken":0,"max_hp_gain":0,"max_hp_loss":0,"event_name":"conspire:LoneGhost","floor":54,"gold_loss":0},{"damage_healed":0,"gold_gain":0,"player_choice":"Rummage","damage_taken":0,"relics_obtained":["WarpedTongs"],"max_hp_gain":0,"max_hp_loss":0,"event_name":"Accursed Blacksmith","floor":56,"gold_loss":0,"cards_obtained":["Pain"]},{"damage_healed":0,"gold_gain":0,"player_choice":"Ignored","damage_taken":0,"max_hp_gain":0,"max_hp_loss":0,"event_name":"NoteForYourself","floor":62,"gold_loss":0}],"is_beta":false,"boss_relics":[{"not_picked":["Empty Cage","halation:PinkAlligatorPlush"],"picked":"aspiration:PoetsPen_weak"},{"not_picked":["halation:CatFaceCupcake","infinitespire:Cupcake"],"picked":"reliquary:WritOfMandamus"},{"not_picked":["Painkiller Herb","hubris:CrackedHourglass"],"picked":"Replay:Grab Bag"},{"not_picked":["Abe\u0027s Treasure","Replay:Wanted Poster"],"picked":"beaked:MawFillet"},{"not_picked":["Busted Crown","ReplayTheSpireMod:DimensionalGlitch"],"picked":"Sozu"},{"not_picked":["Kintsugi","aspiration:WatcherSkillbook"],"picked":"yuri:BookOfBooks"},{"not_picked":["conspire:SpecialSausage","Honey Jar"],"picked":"halation:Yufonium"},{"not_picked":["theForsaken:PaleLantern","reliquary:Ember"],"picked":"aspiration:MobileForge"},{"not_picked":["Replay:Bronze Core","conspire:RoyalGoblet"],"picked":"halation:PinkAlligatorPlush"},{"not_picked":["Cursed Key","Kintsugi"],"picked":"hubris:GrandSneckoEye"}],"items_purged_floors":[38,40],"is_endless":true,"potions_floor_spawned":[2,9,14,23,25,31,42,44,49,53,55,64,65,67,73,74,76,80,82,83,84,87,92,98,99,107,108,111,117,118,119,125],"killed_by":"Slavers","ascension_level":0}}