{"host":"mhzgc0zma59jtmoj","time":1612936392,"event":{"mods":["BaseMod","BetterRewards","Custom Start","Glutton Mod","Ironclad Rager","Minty Spire (QoL Compilation)","Replay The Spire","Somnambulant","StSLib","The Cursed","The Hierophant","The Jungle","Treasure Hunter"],"gold_per_floor":[113,113,125,143,93,125,125],"floor_reached":6,"language":"ENG","playtime":284,"items_purged":[],"score":46,"play_id":"0c00da86-bb60-406c-9ac6-16552a250d14","local_time":"20210210005312","is_ascension_mode":false,"campfire_choices":[],"circlet_count":0,"master_deck":["Dualcast","ICR:ProbingStrike","ICR:ProbingStrike","ICR:ProbingStrike","ICR:AutoDefend","ICR:AutoDefend","ICR:AutoDefend","ICR:AutoDefend","BasicCrystalCard","Rainbow+1","ReplayTheSpireMod:GoodbyeWorld"],"relics":["Cracked Core","Replay:Wax Seal"],"acts_visited":["Exordium"],"potions_floor_usage":[],"damage_taken":[{"damage":2,"enemies":"Small Slimes","floor":1,"turns":4},{"damage":0,"enemies":"2 Louse","floor":3,"turns":3},{"damage":7,"enemies":"Jaw Worm","floor":4,"turns":3},{"damage":35,"enemies":"3 Sentries","floor":6,"turns":11}],"seed_played":"800296873087957844","potions_obtained":[{"floor":3,"key":"Elixir"}],"is_trial":false,"path_per_floor":["M","?","M","M","?","E"],"character_chosen":"DEFECT","items_purchased":[],"campfire_rested":0,"item_purchase_floors":[],"current_hp_per_floor":[73,73,73,66,66,31,31],"gold":125,"neow_bonus":"DEFECT_WARDEN","is_daily":false,"chose_seed":false,"campfire_upgraded":0,"win_rate":0.0,"timestamp":1612936392,"path_taken":["M","?","M","M","?","E"],"items_purchased_type":[],"build_version":"2020-12-22","purchased_purges":0,"victory":false,"max_hp_per_floor":[75,75,75,75,75,75,75],"card_choices":[{"not_picked":["Redo","Force Field"],"picked":"BasicCrystalCard","floor":1},{"not_picked":["Coolheaded","Barrage"],"picked":"ReplayTheSpireMod:GoodbyeWorld","floor":3},{"not_picked":["Cold Snap","Ball Lightning","Rebound"],"picked":"SKIP","floor":4},{"not_picked":["TH:ArmorSpikes","TH:Mimic"],"picked":"SKIP","floor":6},{"not_picked":["Doom and Gloom","Go for the Eyes","Chaos"],"picked":"SKIP","floor":6}],"player_experience":255730,"relics_obtained":[{"floor":6,"key":"Replay:Wax Seal"}],"event_choices":[{"cards_removed":["Zap"],"damage_healed":0,"gold_gain":0,"player_choice":"Card Removal","damage_taken":0,"max_hp_gain":0,"max_hp_loss":0,"event_name":"The Cleric","floor":5,"gold_loss":50}],"is_beta":false,"boss_relics":[],"items_purged_floors":[],"is_endless":false,"potions_floor_spawned":[3,6],"killed_by":"3 Sentries","ascension_level":0}}