{"host":"9e8t9l667fx7pth6","time":1612969065,"event":{"mods":["2.2 Compatiblity","AchievementEnabler","Aspiration","BaseMod","BetterRewards","Custom Start","Dark Map","Halation","Hubris","Minty Spire (QoL Compilation)","Remove Card Discount Mod","StSLib","The Blue Laboratory"],"gold_per_floor":[109,14,24,40,59,91,103,103,149,165,165,180,145,145,145],"floor_reached":14,"language":"ENG","playtime":350,"items_purged":["Strike_B"],"score":183,"play_id":"67f16f44-b45a-4699-a34e-5ce5033572fd","local_time":"20210210095745","is_ascension_mode":true,"campfire_choices":[{"floor":8,"key":"REST"},{"data":"Streamline","floor":11,"key":"SMITH"}],"circlet_count":0,"master_deck":["AscendersBane","Strike_B","Strike_B","Strike_B","Defend_B","Defend_B","Defend_B","Defend_B","Zap","Dualcast","Compile Driver","Static Discharge","Streamline+1","FTL","Sweeping Beam","Gash","Doom and Gloom","Conserve Battery","Beam Cell","Gash"],"relics":["Cracked Core","NeowsBlessing","Omamori"],"acts_visited":["Exordium"],"potions_floor_usage":[6,6,12,14],"damage_taken":[{"damage":0,"enemies":"Small Slimes","floor":1,"turns":1},{"damage":0,"enemies":"Jaw Worm","floor":3,"turns":1},{"damage":0,"enemies":"Cultist","floor":4,"turns":1},{"damage":20,"enemies":"3 Louse","floor":5,"turns":2},{"damage":25,"enemies":"Lagavulin","floor":6,"turns":6},{"damage":17,"enemies":"Looter","floor":7,"turns":2},{"damage":13,"enemies":"Red Slaver","floor":10,"turns":5},{"damage":8,"enemies":"3 Louse","floor":12,"turns":2},{"damage":24,"enemies":"3 Sentries","floor":14,"turns":2}],"seed_played":"-4182891715979435293","potions_obtained":[{"floor":1,"key":"blueLaboratory:HorrorPotion"},{"floor":4,"key":"blueLaboratory:RememoryPotion"},{"floor":10,"key":"Energy Potion"},{"floor":12,"key":"Strength Potion"}],"is_trial":false,"path_per_floor":["M","$","M","M","M","E","M","R","T","M","R","M","?","E"],"character_chosen":"DEFECT","items_purchased":["Static Discharge","Streamline"],"campfire_rested":1,"item_purchase_floors":[2,2],"current_hp_per_floor":[64,64,64,64,44,19,2,23,23,10,10,2,19,0,0],"gold":145,"neow_bonus":"THREE_ENEMY_KILL","is_daily":false,"chose_seed":false,"campfire_upgraded":1,"win_rate":0.0,"timestamp":1612969065,"path_taken":["M","$","M","M","M","E","M","R","T","M","R","M","?","E"],"items_purchased_type":["Card","Card"],"build_version":"2020-12-22","purchased_purges":1,"victory":false,"max_hp_per_floor":[71,71,71,71,71,71,71,71,71,71,71,71,71,71,71],"card_choices":[{"not_picked":["Aggregate","Fusion"],"picked":"Compile Driver","floor":1},{"not_picked":["Beam Cell","Redo"],"picked":"FTL","floor":3},{"not_picked":["Chill","Conserve Battery"],"picked":"Sweeping Beam","floor":4},{"not_picked":["Barrage","Stack"],"picked":"Gash","floor":5},{"not_picked":["Aggregate","Chill"],"picked":"Doom and Gloom","floor":6},{"not_picked":["Loop","Cold Snap"],"picked":"Conserve Battery","floor":7},{"not_picked":["Coolheaded","FTL"],"picked":"Beam Cell","floor":10},{"not_picked":["Barrage","Sweeping Beam"],"picked":"Gash","floor":12}],"player_experience":1022003,"relics_obtained":[{"floor":6,"key":"Omamori"}],"event_choices":[{"damage_healed":17,"gold_gain":0,"player_choice":"Healed","damage_taken":0,"max_hp_gain":0,"max_hp_loss":0,"event_name":"The Cleric","floor":13,"gold_loss":35}],"is_beta":false,"boss_relics":[],"items_purged_floors":[2],"is_endless":false,"potions_floor_spawned":[1,4,10,12],"killed_by":"3 Sentries","ascension_level":19}}