{"host":"1hzg86ju9fvxh562","time":1612928941,"event":{"mods":["AchievementEnabler","Act Like it!","AlwaysNeverKeys","BaseMod","Bestiary","Better Altar","Better Match","Better Note","Better Sensory Stone","Better Skull","Better Third Choice","Colored Map","Colored Powertips","Curses Come First","Displayed Cursed Tome","Filter the Spire","Highlight Path","Keyboard Shortcuts","Minty Spire (QoL Compilation)","Rare Cards Sparkle","Relic Sorter","Relic Stats","Spicy Shops","StSLib","everything is the same but u backflip on backflip","slay the spire mod where everything is the same but ironclad has a cowboy hat"],"gold_per_floor":[114,124,124,124,136,168,182,208,231,44,56,120,46,78,78,178,178,193,203,203,213,213,240,240,267,267,45,56,91,91,13,13,112,112,132,144,144,157,172,201,215,215,265,284,284,313,189,216,216,216,216],"floor_reached":50,"language":"ENG","playtime":5074,"items_purged":["Strike_P"],"score":1161,"play_id":"41148149-7579-4a87-9850-31c96b1f3a18","local_time":"20210210014901","is_ascension_mode":true,"campfire_choices":[{"floor":15.0,"key":"REST"},{"data":"WaveOfTheHand","floor":24.0,"key":"SMITH"},{"floor":30.0,"key":"REST"},{"data":"BattleHymn","floor":32.0,"key":"SMITH"},{"floor":45,"key":"REST"},{"floor":49,"key":"RECALL"}],"circlet_count":0,"master_deck":["AscendersBane","Defend_P+1","Defend_P","Defend_P","Eruption+1","Vigilance","Consecrate","CarveReality","Omniscience","CutThroughFate","MentalFortress","BattleHymn+1","Nirvana","Tantrum","Study","EmptyFist","WaveOfTheHand+1","CutThroughFate","Omniscience","Wireheading","ThirdEye","FlurryOfBlows","WreathOfFlame","FlurryOfBlows","MentalFortress+1","MasterReality","Trip","EmptyMind","InnerPeace","Wireheading","Devotion","WheelKick","WheelKick","Worship","WaveOfTheHand","Fasting2","Nirvana"],"relics":["PureWater","Calipers","Strawberry","Omamori","Ancient Tea Set","Mummified Hand","Black Star","Ornamental Fan","Question Card","Regal Pillow","Gremlin Horn","Dream Catcher","Membership Card","Dead Branch","Damaru","Nunchaku","Runic Dome","Art of War","Centennial Puzzle","Sundial","Lantern","StrikeDummy","Vajra"],"acts_visited":["Exordium","TheCity","TheBeyond"],"potions_floor_usage":[46,46],"damage_taken":[{"damage":8.0,"enemies":"Jaw Worm","floor":1.0,"turns":4.0},{"damage":0.0,"enemies":"2 Louse","floor":2.0,"turns":1.0},{"damage":0.0,"enemies":"Small Slimes","floor":5.0,"turns":2.0},{"damage":6.0,"enemies":"Gremlin Nob","floor":6.0,"turns":3.0},{"damage":6.0,"enemies":"3 Louse","floor":7.0,"turns":3.0},{"damage":13.0,"enemies":"3 Sentries","floor":8.0,"turns":7.0},{"damage":2.0,"enemies":"Exordium Wildlife","floor":11.0,"turns":2.0},{"damage":7.0,"enemies":"Gremlin Nob","floor":12.0,"turns":4.0},{"damage":5.0,"enemies":"Gremlin Nob","floor":14.0,"turns":3.0},{"damage":15.0,"enemies":"The Guardian","floor":16.0,"turns":8.0},{"damage":1.0,"enemies":"Spheric Guardian","floor":18.0,"turns":3.0},{"damage":8.0,"enemies":"Shell Parasite","floor":19.0,"turns":5.0},{"damage":0.0,"enemies":"Snecko","floor":21.0,"turns":2.0},{"damage":25.0,"enemies":"Book of Stabbing","floor":23.0,"turns":4.0},{"damage":2.0,"enemies":"Slavers","floor":25.0,"turns":4.0},{"damage":16.0,"enemies":"Snake Plant","floor":28.0,"turns":6.0},{"damage":8.0,"enemies":"Gremlin Leader","floor":29.0,"turns":3.0},{"damage":1.0,"enemies":"Champ","floor":33.0,"turns":4.0},{"damage":14.0,"enemies":"3 Shapes","floor":35.0,"turns":3.0},{"damage":0.0,"enemies":"3 Darklings","floor":36.0,"turns":3.0},{"damage":35.0,"enemies":"Jaw Worm Horde","floor":38.0,"turns":4.0},{"damage":0.0,"enemies":"Maw","floor":39.0,"turns":4.0},{"damage":0.0,"enemies":"Giant Head","floor":40.0,"turns":3.0},{"damage":27.0,"enemies":"Writhing Mass","floor":41.0,"turns":3.0},{"damage":0,"enemies":"Jaw Worm Horde","floor":44,"turns":3},{"damage":0,"enemies":"Nemesis","floor":46,"turns":5},{"damage":0,"enemies":"Reptomancer","floor":48,"turns":4},{"damage":41,"enemies":"Time Eater","floor":50,"turns":4}],"seed_played":"3257302514043398621","potions_obtained":[{"floor":5.0,"key":"EssenceOfSteel"},{"floor":6.0,"key":"StancePotion"},{"floor":8.0,"key":"Dexterity Potion"},{"floor":11.0,"key":"Weak Potion"},{"floor":16.0,"key":"FearPotion"},{"floor":19.0,"key":"Block Potion"},{"floor":25.0,"key":"DuplicationPotion"},{"floor":29.0,"key":"BottledMiracle"},{"floor":38.0,"key":"Regen Potion"},{"floor":41.0,"key":"Block Potion"},{"floor":44,"key":"CultistPotion"},{"floor":48,"key":"BottledMiracle"}],"is_trial":false,"path_per_floor":["M","M","?","?","M","E","M","E","T","$","M","?","$","E","R","B",null,"M","M","?","M","?","E","R","E","T","$","M","E","R","$","R","B",null,"M","M","?","M","M","E","M","?","T","M","R","E","?","E","R","B"],"character_chosen":"WATCHER","items_purchased":["Nirvana","Tantrum","WaveOfTheHand","Membership Card","Trip","EmptyMind","Nunchaku"],"campfire_rested":3,"item_purchase_floors":[10,10,13,27,27,27,31],"current_hp_per_floor":[57,57,43,36,36,30,24,18,18,18,16,9,9,4,27,12,62,61,53,53,53,53,28,28,26,26,26,10,2,40,40,40,39,69,55,55,55,20,20,29,2,2,2,2,40,40,40,40,40,0,0],"gold":216,"neow_bonus":"UPGRADE_CARD","is_daily":false,"chose_seed":false,"campfire_upgraded":2,"win_rate":0.0,"timestamp":1612928941,"path_taken":["M","M","?","?","M","E","M","E","T","$","M","?","?","E","R","BOSS","M","M","?","M","?","E","R","E","T","?","M","E","R","$","R","BOSS","M","M","?","M","?","E","M","?","T","M","R","E","?","E","R","BOSS"],"items_purchased_type":["Card","Card","Card","Relic","Card","Card","Relic"],"build_version":"2020-12-22","purchased_purges":1,"victory":false,"max_hp_per_floor":[72,72,72,72,72,72,72,79,79,79,79,79,79,79,79,79,79,79,79,79,79,79,79,79,79,79,79,79,79,79,79,79,79,79,79,79,79,79,79,79,79,79,79,79,79,79,79,79,79,79,79],"relic_stats":{"Regal Pillow":30,"Gremlin Horn":[13,13],"counters":[28,104],"Dead Branch":[96],"Question Card":16,"Dream Catcher":2,"Nunchaku":[17],"Centennial Puzzle":[6],"Mummified Hand":[175],"Ornamental Fan":[236],"Sundial":[0],"Black Star":6,"Art of War":[1],"obtain_stats":[{"Regal Pillow":25,"Lantern":47,"Calipers":6,"Gremlin Horn":25,"Dead Branch":29,"Damaru":29,"Vajra":48,"Omamori":9,"Ancient Tea Set":12,"Question Card":23,"Runic Dome":34,"Dream Catcher":26,"Nunchaku":31,"Centennial Puzzle":40,"Mummified Hand":14,"Ornamental Fan":23,"Sundial":46,"Strawberry":8,"Black Star":17,"Art of War":40,"Membership Card":27,"PureWater":0,"StrikeDummy":48},{"Regal Pillow":15,"Lantern":26,"Calipers":4,"Gremlin Horn":15,"Dead Branch":17,"Damaru":17,"Vajra":27,"Omamori":6,"Ancient Tea Set":8,"Question Card":14,"Runic Dome":18,"Dream Catcher":15,"Nunchaku":17,"Centennial Puzzle":23,"Mummified Hand":9,"Ornamental Fan":14,"Sundial":26,"Strawberry":6,"Black Star":10,"Art of War":23,"Membership Card":15,"PureWater":0,"StrikeDummy":27},{"Regal Pillow":55,"Lantern":96,"Calipers":10,"Gremlin Horn":55,"Dead Branch":64,"Damaru":64,"Vajra":100,"Omamori":20,"Ancient Tea Set":26,"Question Card":51,"Runic Dome":68,"Dream Catcher":55,"Nunchaku":64,"Centennial Puzzle":85,"Mummified Hand":29,"Ornamental Fan":51,"Sundial":96,"Strawberry":20,"Black Star":37,"Art of War":85,"Membership Card":55,"PureWater":0,"StrikeDummy":100}]},"card_choices":[{"not_picked":["PathToVictory","SashWhip"],"picked":"Consecrate","floor":1.0},{"not_picked":["CrushJoints","Evaluate"],"picked":"CarveReality","floor":2.0},{"not_picked":["JustLucky","ClearTheMind"],"picked":"Omniscience","floor":5.0},{"not_picked":["JustLucky","Conclude"],"picked":"CutThroughFate","floor":6.0},{"not_picked":["Wallop","Indignation"],"picked":"MentalFortress","floor":7.0},{"not_picked":["Evaluate","Wallop"],"picked":"BattleHymn","floor":8.0},{"not_picked":["Consecrate","FlyingSleeves"],"picked":"Study","floor":11.0},{"not_picked":["EmptyBody","CrushJoints"],"picked":"EmptyFist","floor":12.0},{"not_picked":["Brilliance","ClearTheMind"],"picked":"CutThroughFate","floor":14.0},{"not_picked":["DeusExMachina","Establishment"],"picked":"Omniscience","floor":16.0},{"not_picked":["SashWhip","PathToVictory"],"picked":"Wireheading","floor":18.0},{"not_picked":["EmptyFist","EmptyBody"],"picked":"ThirdEye","floor":19.0},{"not_picked":["FlyingSleeves","CrushJoints"],"picked":"FlurryOfBlows","floor":21.0},{"not_picked":["Prostrate","InnerPeace+1"],"picked":"MentalFortress+1","floor":23.0},{"not_picked":["WindmillStrike","Worship","SashWhip"],"picked":"MasterReality","floor":25.0},{"not_picked":["WindmillStrike","WaveOfTheHand","SashWhip"],"picked":"InnerPeace","floor":28.0},{"not_picked":["EmptyFist","FlurryOfBlows","BowlingBash","Consecrate"],"picked":"SKIP","floor":29.0},{"not_picked":["FlurryOfBlows+1","BowlingBash","FollowUp"],"picked":"Wireheading","floor":30.0},{"not_picked":["LessonLearned","Brilliance","Alpha"],"picked":"Devotion","floor":33.0},{"not_picked":["Collect","ForeignInfluence","Prostrate","ThirdEye"],"picked":"SKIP","floor":35.0},{"not_picked":["EmptyFist","Halt+1","Evaluate"],"picked":"WheelKick","floor":36.0},{"not_picked":["Protect","Halt","CarveReality","WaveOfTheHand"],"picked":"SKIP","floor":38.0},{"not_picked":["EmptyFist","ThirdEye","Crescendo","WreathOfFlame"],"picked":"SKIP","floor":39.0},{"not_picked":["BowlingBash","Crescendo","DeusExMachina"],"picked":"WheelKick","floor":40.0},{"not_picked":["CutThroughFate","CrushJoints","FlurryOfBlows"],"picked":"Worship","floor":41.0},{"not_picked":["CrushJoints","ClearTheMind","PathToVictory"],"picked":"WaveOfTheHand","floor":44},{"not_picked":["Devotion","BattleHymn","CutThroughFate"],"picked":"Fasting2","floor":46},{"not_picked":["MentalFortress","Collect","Worship+1"],"picked":"Nirvana","floor":48}],"player_experience":533535,"relics_obtained":[{"floor":6.0,"key":"Calipers"},{"floor":8.0,"key":"Strawberry"},{"floor":9.0,"key":"Omamori"},{"floor":12.0,"key":"Ancient Tea Set"},{"floor":14.0,"key":"Mummified Hand"},{"floor":23.0,"key":"Ornamental Fan"},{"floor":23.0,"key":"Question Card"},{"floor":25.0,"key":"Regal Pillow"},{"floor":25.0,"key":"Gremlin Horn"},{"floor":26.0,"key":"Dream Catcher"},{"floor":29.0,"key":"Dead Branch"},{"floor":29.0,"key":"Damaru"},{"floor":40.0,"key":"Art of War"},{"floor":40.0,"key":"Centennial Puzzle"},{"floor":46,"key":"Sundial"},{"floor":48,"key":"StrikeDummy"},{"floor":48,"key":"Vajra"}],"event_choices":[{"damage_healed":57.0,"max_hp_gain":0.0,"max_hp_loss":72.0,"gold_gain":0.0,"event_name":"betterThird:BetterShining","player_choice":"Upgrade","floor":3.0,"gold_loss":0.0,"damage_taken":14.0,"cards_upgraded":["Strike_P","Defend_P"]},{"cards_removed":["Strike_P"],"damage_healed":0.0,"max_hp_gain":0.0,"max_hp_loss":0.0,"gold_gain":0.0,"event_name":"Golden Wing","player_choice":"Card Removal","floor":4.0,"gold_loss":0.0,"damage_taken":7.0},{"damage_healed":0.0,"max_hp_gain":0.0,"max_hp_loss":0.0,"gold_gain":30.0,"event_name":"Dead Adventurer","player_choice":"Searched \u00272\u0027 times","floor":12.0,"gold_loss":0.0,"damage_taken":0.0},{"damage_healed":0.0,"max_hp_gain":0.0,"max_hp_loss":0.0,"gold_gain":0.0,"cards_transformed":["Strike_P","Defend_P"],"event_name":"Drug Dealer","player_choice":"Became Test Subject","floor":20.0,"gold_loss":0.0,"damage_taken":0.0,"cards_obtained":["FlurryOfBlows","WreathOfFlame"]},{"cards_removed":["Strike_P"],"damage_healed":0.0,"max_hp_gain":0.0,"max_hp_loss":0.0,"gold_gain":0.0,"event_name":"betterThird:BetterWriting","player_choice":"Elegance","floor":22.0,"gold_loss":0.0,"damage_taken":0.0},{"damage_healed":0.0,"max_hp_gain":0.0,"max_hp_loss":0.0,"gold_gain":0.0,"event_name":"betterMatch:BetterMatch","player_choice":"3","floor":37.0,"gold_loss":0.0,"damage_taken":0.0,"cards_obtained":[]},{"damage_healed":0.0,"max_hp_gain":0.0,"max_hp_loss":0.0,"gold_gain":0.0,"event_name":"Tomb of Lord Red Mask","player_choice":"Ignored","floor":42.0,"gold_loss":0.0,"damage_taken":0.0},{"damage_healed":0,"gold_gain":0,"player_choice":"Paid Gold","damage_taken":0,"relics_obtained":["Lantern"],"max_hp_gain":0,"max_hp_loss":0,"event_name":"WeMeetAgain","floor":47,"gold_loss":124}],"is_beta":false,"boss_relics":[{"not_picked":["SacredBark","Ectoplasm"],"picked":"Black Star"},{"not_picked":["Sozu","Empty Cage"],"picked":"Runic Dome"}],"items_purged_floors":[10],"is_endless":false,"potions_floor_spawned":[5,6,8,11,16,19,21,25,29,38,39,41,44,48],"killed_by":"Time Eater","ascension_level":12}}