{"host":"it04jaz8eul1eh3d","time":1612938194,"event":{"mods":["AchievementEnabler","BaseMod","Colored Map","DeckTracker","Keyboard Shortcuts","Minty Spire (QoL Compilation)","SuperFastMode"],"gold_per_floor":[115,115,40,40,51,86,86,36,36,36,61,11,22,35,35,35,35],"floor_reached":16,"language":"KOR","playtime":478,"items_purged":[],"score":108,"play_id":"d904249a-7157-4d17-9638-ecfb98d78ca7","local_time":"20210210152314","is_ascension_mode":false,"campfire_choices":[{"data":"Infinite Blades","floor":7,"key":"SMITH"},{"floor":10,"key":"REST"},{"data":"All Out Attack","floor":15,"key":"SMITH"}],"circlet_count":0,"master_deck":["Strike_G","Strike_G","Strike_G","Strike_G","Defend_G","Defend_G","Defend_G","Defend_G","Survivor","Neutralize+1","Backflip","Infinite Blades+1","Prepared","Burst","All Out Attack+1","PiercingWail","Reflex"],"relics":["Black Star","The Specimen","Kunai","Meat on the Bone","Regal Pillow","Shuriken"],"acts_visited":["Exordium"],"potions_floor_usage":[],"damage_taken":[{"damage":1,"enemies":"2 Louse","floor":1,"turns":3},{"damage":1,"enemies":"Cultist","floor":5,"turns":4},{"damage":30,"enemies":"3 Sentries","floor":6,"turns":13},{"damage":23,"enemies":"Gremlin Nob","floor":11,"turns":6},{"damage":2,"enemies":"Small Slimes","floor":13,"turns":3},{"damage":7,"enemies":"Exordium Thugs","floor":14,"turns":5},{"damage":42,"enemies":"Slime Boss","floor":16,"turns":9}],"seed_played":"-8812414249169978835","potions_obtained":[{"floor":6,"key":"Explosive Potion"},{"floor":14,"key":"DistilledChaos"}],"is_trial":false,"path_per_floor":["M","?","$","?","M","E","R","?","T","R","E","$","M","M","R","B"],"character_chosen":"THE_SILENT","items_purchased":["Infinite Blades","PiercingWail"],"campfire_rested":1,"item_purchase_floors":[3,12],"current_hp_per_floor":[69,69,69,69,68,38,38,38,38,59,36,36,46,39,39,0,0],"gold":35,"neow_bonus":"BOSS_RELIC","is_daily":false,"chose_seed":false,"campfire_upgraded":2,"win_rate":0.0,"timestamp":1612938194,"path_taken":["M","?","?","?","?","E","R","?","T","R","E","$","M","M","R","BOSS"],"items_purchased_type":["Card","Card"],"build_version":"2020-12-22","purchased_purges":0,"victory":false,"max_hp_per_floor":[70,70,70,70,70,70,70,70,70,70,70,70,70,70,70,70,70],"card_choices":[{"not_picked":["Outmaneuver","Bane"],"picked":"Backflip","floor":1},{"not_picked":["Poisoned Stab","Expertise"],"picked":"Prepared","floor":5},{"not_picked":["Slice","Deadly Poison"],"picked":"Burst","floor":6},{"not_picked":["Flying Knee","Deadly Poison"],"picked":"All Out Attack","floor":11},{"not_picked":["Deadly Poison","Sucker Punch"],"picked":"Reflex","floor":13},{"not_picked":["Deflect","PiercingWail","Prepared"],"picked":"SKIP","floor":14}],"player_experience":153859,"relics_obtained":[{"floor":6,"key":"The Specimen"},{"floor":6,"key":"Kunai"},{"floor":9,"key":"Meat on the Bone"},{"floor":11,"key":"Regal Pillow"},{"floor":11,"key":"Shuriken"}],"event_choices":[{"damage_healed":0,"gold_gain":0,"player_choice":"Upgraded","damage_taken":0,"max_hp_gain":0,"max_hp_loss":0,"event_name":"Upgrade Shrine","floor":2,"gold_loss":0,"cards_upgraded":["Neutralize"]},{"cards_removed":["Strike_G"],"damage_healed":0,"gold_gain":0,"player_choice":"Purged","damage_taken":0,"max_hp_gain":0,"max_hp_loss":0,"event_name":"Purifier","floor":4,"gold_loss":0},{"cards_removed":["Defend_G"],"damage_healed":0,"gold_gain":0,"player_choice":"Card Removal","damage_taken":0,"max_hp_gain":0,"max_hp_loss":0,"event_name":"The Cleric","floor":8,"gold_loss":50}],"is_beta":false,"boss_relics":[],"items_purged_floors":[],"is_endless":false,"potions_floor_spawned":[6,14],"killed_by":"Slime Boss","ascension_level":0}}