{"host":"pletss163z7s8pvv","time":1612928352,"event":{"mods":["AchievementEnabler","BaseMod","Better Altar","Better Match","Better Note","Better Sensory Stone","Better Skull","Better Third Choice","BetterRewards","CapriCore","ChefMod","Colored Map","Colored Powertips","Conspire","Energized Spire","Evolution","GifTheSpireLib","Hermit","Ironclad Rager","Jedi Mod","Marked Mod","Minty Spire (QoL Compilation)","Retaliation","Spicy Shops","StS++","StSLib","The Alterego","The Blue Laboratory","The Cursed","The Disciple","The Forsaken"],"gold_per_floor":[144,319,364,409,1,91,91,181,181,146,191,236,11,56,56,356,356,401,351,396,441,486,486,536,536,561,21,21,66,111,156,156,456,456,501,501,546,571,616,706,706,751,751,751,796,841,886,931,931,931,931],"floor_reached":50,"language":"ENG","playtime":1474,"items_purged":["Regret"],"score":767,"play_id":"f03756ae-19b9-4167-b8b0-c32c5757d5f9","local_time":"20210209213912","daily_mods":["SealedDeck","Time Dilation","Midas"],"is_ascension_mode":false,"campfire_choices":[{"floor":7,"key":"REST"},{"floor":15,"key":"REST"},{"floor":23,"key":"REST"},{"floor":28,"key":"REST"},{"floor":32,"key":"REST"},{"floor":41,"key":"REST"},{"floor":44,"key":"REST"},{"floor":49,"key":"REST"}],"circlet_count":0,"master_deck":["chefmod:Fillet","chefmod:Granita","chefmod:Granita","chefmod:Fillet","chefmod:Chop","chefmod:TonkotsuRamen","chefmod:CayenneCloud","chefmod:FireUp","chefmod:FireUp","chefmod:FireUp","chefmod:Fillet","Doubt","chefmod:TonkotsuRamen+1","chefmod:IcePick+1","chefmod:DeathByChocolate+1","chefmod:Mince","chefmod:SpaghettiCarbonara","chefmod:Fillet","chefmod:Chop","chefmod:DinoKale","chefmod:DeathByChocolate","chefmod:IceCreamCone","chefmod:OldCookbook+1","chefmod:SliceAndDice","chefmod:ColdSteel","Parasite","chefmod:FreezeSolid","chefmod:Julienne","chefmod:ColdSteel","chefmod:BleedOut+1","chefmod:LocoMoco+1","chefmod:CapreseSalad","CurseOfTheBell","chefmod:HotSoup+1","chefmod:HotSoup+1","jedi:BattleThirst","chefmod:Fillet","chefmod:Chop+1","chefmod:SliceAndDice+1","Parasite","chefmod:Sorbet","chefmod:SearedScallops+1","chefmod:FryPan+1","chefmod:Cleavers"],"relics":["chefmod:TrustyPot","EVO:Axolotl","Whetstone","Potion Belt","Regal Pillow","Tiny Chest","Bag of Marbles","StSpp:JackpotMachine","Lee\u0027s Waffle","Cursed Key","theForsaken:Lifeblossom","alterego_mod:SomeoneToFightFor","Boot","TungstenRod","Calling Bell","conspire:TopHat","Shuriken","Ginger","Art of War","Happy Flower","Calipers"],"acts_visited":["Exordium","TheCity","TheBeyond"],"potions_floor_usage":[16,16,33,33,33,33,33,40,40],"damage_taken":[{"damage":0,"enemies":"2 Louse","floor":1,"turns":1},{"damage":6,"enemies":"Jaw Worm","floor":3,"turns":2},{"damage":8,"enemies":"conspire:RoseBush","floor":4,"turns":1},{"damage":0,"enemies":"Gremlin Nob","floor":6,"turns":2},{"damage":27,"enemies":"Lagavulin","floor":8,"turns":4},{"damage":0,"enemies":"Lots of Slimes","floor":11,"turns":1},{"damage":4,"enemies":"2 Fungi Beasts","floor":12,"turns":2},{"damage":0,"enemies":"Large Slime","floor":14,"turns":3},{"damage":0,"enemies":"Slime Boss","floor":16,"turns":3},{"damage":10,"enemies":"2 Thieves","floor":18,"turns":3},{"damage":12,"enemies":"conspire:FuzzyDice","floor":20,"turns":3},{"damage":16,"enemies":"Snake Plant","floor":21,"turns":3},{"damage":5,"enemies":"Chosen and Byrds","floor":22,"turns":3},{"damage":0,"enemies":"Snecko","floor":29,"turns":2},{"damage":0,"enemies":"Centurion and Healer","floor":30,"turns":4},{"damage":5,"enemies":"Shelled Parasite and Fungi","floor":31,"turns":2},{"damage":10,"enemies":"conspire:MysteriousRune","floor":33,"turns":7},{"damage":5,"enemies":"Orb Walker","floor":35,"turns":3},{"damage":34,"enemies":"3 Darklings","floor":37,"turns":7},{"damage":44,"enemies":"Spire Growth","floor":39,"turns":5},{"damage":60,"enemies":"Reptomancer","floor":40,"turns":4},{"damage":15,"enemies":"Writhing Mass","floor":42,"turns":5},{"damage":4,"enemies":"Transient","floor":45,"turns":5},{"damage":23,"enemies":"4 Shapes","floor":46,"turns":4},{"damage":1,"enemies":"Spire Growth","floor":47,"turns":3},{"damage":14,"enemies":"Jaw Worm Horde","floor":48,"turns":3},{"damage":109,"enemies":"conspire:OrnateMirror","floor":50,"turns":8}],"seed_played":"-5810517303651203205","potions_obtained":[{"floor":1,"key":"Strength Potion"},{"floor":4,"key":"StSpp:ScatteredPotion"},{"floor":6,"key":"Ancient Potion"},{"floor":12,"key":"AttackPotion"},{"floor":14,"key":"blueLaboratory:SavagePotion"},{"floor":29,"key":"ColorlessPotion"},{"floor":31,"key":"SkillPotion"},{"floor":33,"key":"ColorlessPotion"},{"floor":35,"key":"FearPotion"},{"floor":37,"key":"Energy Potion"}],"is_trial":false,"path_per_floor":["M","?","M","M","$","E","R","E","T","?","M","M","$","M","R","B",null,"M","?","M","M","M","R","T","?","T","$","R","M","M","M","R","B",null,"M","?","M","T","M","E","R","M","T","R","M","M","M","M","R","B"],"character_chosen":"THE_CHEF","items_purchased":["chefmod:DeathByChocolate","Whetstone","Potion Belt","StSpp:JackpotMachine","Lee\u0027s Waffle","blueLaboratory:FruitPunch","TungstenRod","chefmod:FreezeSolid","chefmod:Julienne"],"campfire_rested":8,"item_purchase_floors":[5,5,5,13,13,27,27,27,27],"current_hp_per_floor":[80,80,74,66,66,66,80,53,53,73,73,69,87,87,87,87,87,77,77,65,49,44,85,85,85,85,85,87,87,87,87,87,79,89,89,89,79,79,41,15,56,54,54,89,89,69,73,64,89,0,0],"gold":931,"neow_bonus":"","is_daily":true,"chose_seed":false,"campfire_upgraded":0,"win_rate":0.0,"timestamp":1612928352,"path_taken":["M","?","M","M","$","E","R","E","T","?","M","M","$","M","R","BOSS","M","?","?","M","M","R","?","?","T","$","R","M","M","M","R","BOSS","M","?","?","?","M","E","R","M","T","R","?","?","M","M","R","BOSS"],"items_purchased_type":["Card","Relic","Relic","Relic","Relic","Potion","Relic","Card","Card"],"build_version":"2020-12-22","purchased_purges":1,"victory":false,"max_hp_per_floor":[80,80,80,80,80,80,80,80,80,80,80,80,87,87,87,87,87,87,87,87,87,87,87,87,87,87,87,87,87,87,87,87,89,89,89,89,89,89,89,89,89,89,89,89,89,89,89,89,89,89,89],"card_choices":[{"not_picked":["chefmod:HotSoup","chefmod:DinoKale"],"picked":"chefmod:Fillet","floor":1},{"not_picked":["chefmod:Bruschetta","chefmod:Chop"],"picked":"chefmod:TonkotsuRamen","floor":3},{"not_picked":["chefmod:ColdSteel","chefmod:HotSoup"],"picked":"chefmod:IcePick","floor":4},{"not_picked":["chefmod:Chop","chefmod:IceCreamCone"],"picked":"chefmod:Mince","floor":6},{"not_picked":["chefmod:ZaruSoba","chefmod:Defrost"],"picked":"chefmod:SpaghettiCarbonara","floor":8},{"not_picked":["chefmod:IcePick","chefmod:ColdSteel"],"picked":"chefmod:Fillet","floor":11},{"not_picked":["chefmod:FreshProduce","chefmod:Defrost"],"picked":"chefmod:Chop","floor":12},{"not_picked":["chefmod:Omelette","chefmod:Chop"],"picked":"chefmod:DinoKale","floor":14},{"not_picked":["chefmod:Canape","chefmod:TwoForOne"],"picked":"chefmod:DeathByChocolate","floor":16},{"not_picked":["chefmod:LiquidNitrogen","chefmod:Fillet"],"picked":"chefmod:IceCreamCone","floor":18},{"not_picked":["chefmod:FullBurn","chefmod:Sorbet"],"picked":"chefmod:OldCookbook+1","floor":20},{"not_picked":["chefmod:FullBurn","chefmod:FreshProduce+1"],"picked":"chefmod:SliceAndDice","floor":21},{"not_picked":["chefmod:FireUp","chefmod:IcePick"],"picked":"chefmod:ColdSteel","floor":22},{"not_picked":["chefmod:BaoBuns","chefmod:DinoKale"],"picked":"chefmod:ColdSteel","floor":29},{"not_picked":["chefmod:HotSoup","chefmod:LiquidNitrogen"],"picked":"chefmod:BleedOut+1","floor":30},{"not_picked":["chefmod:DoubleChop","chefmod:TwoForOne"],"picked":"chefmod:LocoMoco+1","floor":31},{"not_picked":["chefmod:TastyDistraction","chefmod:Canape"],"picked":"chefmod:CapreseSalad","floor":33},{"not_picked":["chefmod:Defrost","chefmod:FryPan"],"picked":"chefmod:HotSoup+1","floor":35},{"not_picked":["chefmod:Julienne","chefmod:FireUp"],"picked":"chefmod:HotSoup+1","floor":37},{"not_picked":["chefmod:DinoKale","chefmod:Granita+1"],"picked":"chefmod:Fillet","floor":39},{"not_picked":["chefmod:Ratatouille","chefmod:IcePick+1"],"picked":"chefmod:Chop+1","floor":40},{"not_picked":["chefmod:FryPan","chefmod:PrepCook"],"picked":"chefmod:SliceAndDice+1","floor":42},{"not_picked":["chefmod:GroceryDelivery","chefmod:Granita+1"],"picked":"chefmod:Sorbet","floor":45},{"not_picked":["chefmod:Granita","chefmod:SliceAndDice+1"],"picked":"chefmod:SearedScallops+1","floor":46},{"not_picked":["chefmod:SliceAndDice+1","chefmod:Chop"],"picked":"chefmod:FryPan+1","floor":47},{"not_picked":["chefmod:FreezeSolid","chefmod:FryPan"],"picked":"chefmod:Cleavers","floor":48}],"player_experience":512916,"relics_obtained":[{"floor":6,"key":"Regal Pillow"},{"floor":8,"key":"Tiny Chest"},{"floor":9,"key":"Bag of Marbles"},{"floor":24,"key":"theForsaken:Lifeblossom"},{"floor":26,"key":"Boot"},{"floor":34,"key":"conspire:TopHat"},{"floor":34,"key":"Shuriken"},{"floor":34,"key":"Ginger"},{"floor":38,"key":"Art of War"},{"floor":40,"key":"Happy Flower"},{"floor":43,"key":"Calipers"}],"event_choices":[{"damage_healed":0,"gold_gain":175,"player_choice":"AGREE","damage_taken":144,"max_hp_gain":0,"max_hp_loss":0,"event_name":"betterThird:BetterSerpent","floor":2,"gold_loss":0},{"damage_healed":20,"gold_gain":0,"player_choice":"Healed","damage_taken":0,"max_hp_gain":0,"max_hp_loss":0,"event_name":"The Cleric","floor":10,"gold_loss":35},{"damage_healed":0,"gold_gain":0,"player_choice":"Bet on Murderer","damage_taken":0,"max_hp_gain":0,"max_hp_loss":0,"event_name":"The Joust","floor":19,"gold_loss":50},{"damage_healed":0,"gold_gain":0,"player_choice":"Choice 2","damage_taken":0,"relics_obtained":["alterego_mod:SomeoneToFightFor"],"max_hp_gain":0,"max_hp_loss":0,"event_name":"Secret Garden","floor":25,"gold_loss":0},{"damage_healed":0,"gold_gain":0,"player_choice":"Forge","damage_taken":0,"max_hp_gain":0,"max_hp_loss":0,"event_name":"Accursed Blacksmith","floor":36,"gold_loss":0,"cards_upgraded":["chefmod:TonkotsuRamen"]}],"is_beta":false,"boss_relics":[{"not_picked":["energizedSpire:SpiderWeb","StSpp:Balance"],"picked":"Cursed Key"},{"not_picked":["Philosopher\u0027s Stone","theForsaken:PaleLantern"],"picked":"Calling Bell"}],"items_purged_floors":[27],"is_endless":false,"potions_floor_spawned":[1,4,6,12,14,29,30,31,33,35,37],"killed_by":"conspire:OrnateMirror","ascension_level":0}}