{"host":"pk167fmrsy4i5lin","time":1612947864,"event":{"mods":["BaseMod","Hubris","Infinite Spire","Minty Spire (QoL Compilation)","Rare Cards Sparkle","Reliquary","Replay The Spire","StSLib"],"gold_per_floor":[119,119,135,60,60,60,77,103,130,130,130,130,158,178,178,278,278,293,307,307,2,13,13,29,29,55,55,55,55,83,131,131,226,226,248,0,18,43,71,113,141,141,141,177,209,242,242,272,272,272,272],"floor_reached":50,"language":"ENG","playtime":2737,"items_purged":["Strike_P"],"score":509,"play_id":"9f85a768-4d05-4494-8491-c2e85f23fa10","local_time":"20210210170424","is_ascension_mode":false,"campfire_choices":[{"data":"infinitespire:SevenWalls","floor":6,"key":"SMITH"},{"floor":15,"key":"REST"},{"data":"Devotion","floor":23,"key":"SMITH"},{"floor":32,"key":"REST"},{"floor":49,"key":"REST"}],"circlet_count":0,"master_deck":["Strike_P","Strike_P","Strike_P","Defend_P","Defend_P","Defend_P","Defend_P","Eruption","Vigilance","BowlingBash+1","Swivel","infinitespire:SevenWalls+1","Alpha+1","Consecrate","DeusExMachina+1","Judgement","BowlingBash+1","Devotion+1","Consecrate","EmptyFist+1","Replay:DivineShield","PathToVictory+1","Madness","Madness","PathToVictory+1","EmptyFist+1","Replay:BluntJabs","BowlingBash+1","Replay:DivineShield"],"relics":["PureWater","NeowsBlessing","hubris:BundleOfHerbs","hubris:ToyBattleship","hubris:Icosahedron","hubris:Towel","reliquary:TridentHead","Ring of Chaos","Akabeko","CeramicFish","Bag of Preparation","Matryoshka","Whetstone","reliquary:PorcupineQuills","Red Mask","Replay:Mystery Machine","infinitespire:EvilPickle","Simple Rune","CaptainsWheel","Replay:WaspNest"],"acts_visited":["Exordium","TheCity","TheBeyond"],"potions_floor_usage":[8,30,41,41],"damage_taken":[{"damage":0,"enemies":"2 Louse","floor":1,"turns":1},{"damage":0,"enemies":"infinitespire:Voidling","floor":3,"turns":1},{"damage":0,"enemies":"Cultist","floor":7,"turns":1},{"damage":5,"enemies":"Gremlin Nob","floor":8,"turns":4},{"damage":14,"enemies":"3 Sentries","floor":13,"turns":3},{"damage":0,"enemies":"Blue Slaver","floor":14,"turns":4},{"damage":2,"enemies":"Hexaghost","floor":16,"turns":9},{"damage":0,"enemies":"Chosen","floor":18,"turns":4},{"damage":6,"enemies":"Shell Parasite","floor":19,"turns":4},{"damage":0,"enemies":"Sentry and Sphere","floor":22,"turns":3},{"damage":9,"enemies":"Shelled Parasite and Fungi","floor":24,"turns":5},{"damage":5,"enemies":"Snecko","floor":30,"turns":4},{"damage":38,"enemies":"Pondfish","floor":33,"turns":7},{"damage":0,"enemies":"3 Darklings","floor":35,"turns":5},{"damage":0,"enemies":"3 Shapes","floor":38,"turns":3},{"damage":12,"enemies":"Sphere and 2 Shapes","floor":39,"turns":3},{"damage":22,"enemies":"R_Hoarder","floor":40,"turns":9},{"damage":21,"enemies":"Transient","floor":41,"turns":5},{"damage":43,"enemies":"Maw","floor":44,"turns":7},{"damage":5,"enemies":"3 Darklings","floor":45,"turns":5},{"damage":0,"enemies":"Sphere and 2 Shapes","floor":46,"turns":3},{"damage":16,"enemies":"Spire Growth","floor":48,"turns":4},{"damage":80,"enemies":"LordOfAnnihilation","floor":50,"turns":4}],"seed_played":"4260329709996667362","potions_obtained":[{"floor":1,"key":"Explosive Potion"},{"floor":8,"key":"Adrenaline Potion"},{"floor":14,"key":"Venom Potion"},{"floor":19,"key":"Explosive Potion"},{"floor":39,"key":"PowerPotion"},{"floor":41,"key":"Languid Potion"},{"floor":44,"key":"Adrenaline Potion"}],"is_trial":false,"path_per_floor":["M","?","M","$","?","R","M","E","T","?","?","?","E","M","R","B",null,"M","M","?","$","M","R","M","AVR","T","?","?","?","M","T","R","B",null,"M","?","?","M","M","E","M","?","T","M","M","M","T","M","R","B"],"character_chosen":"WATCHER","items_purchased":["Akabeko","Devotion"],"campfire_rested":3,"item_purchase_floors":[21,21],"current_hp_per_floor":[72,72,72,72,55,55,55,50,50,50,50,50,36,36,57,55,72,72,66,66,66,66,66,57,57,57,57,57,57,52,52,72,34,72,72,72,63,63,51,29,8,8,8,29,24,24,24,8,29,0,0],"gold":272,"neow_bonus":"THREE_ENEMY_KILL","is_daily":false,"chose_seed":false,"campfire_upgraded":2,"win_rate":0.0,"timestamp":1612947864,"path_taken":["M","?","?","?","?","R","?","E","T","?","?","?","E","M","R","BOSS","M","M","?","?","?","R","M","AVR","T","?","?","?","?","?","R","BOSS","M","?","?","?","M","E","M","?","T","M","M","M","?","M","R","BOSS"],"items_purchased_type":["Relic","Card"],"build_version":"2020-12-22","purchased_purges":1,"victory":false,"max_hp_per_floor":[72,72,72,72,72,72,72,72,72,72,72,72,72,72,72,72,72,72,72,72,72,72,72,72,72,72,72,72,72,72,72,72,72,72,72,72,72,72,72,72,72,72,72,72,72,72,72,72,72,72,72],"card_choices":[{"not_picked":["EmptyFist","Adaptation"],"picked":"BowlingBash","floor":1},{"not_picked":["Evaluate","CutThroughFate"],"picked":"Swivel","floor":3},{"not_picked":["ReplayTheSpireMod:Chaos Vortex","ReplayTheSpireMod:Black Plague"],"picked":"infinitespire:SevenWalls","floor":5},{"not_picked":["FlyingSleeves","Weave","CrushJoints"],"picked":"SKIP","floor":7},{"not_picked":["ForeignInfluence","BowlingBash"],"picked":"Alpha","floor":8},{"not_picked":["Vault","FollowUp","FearNoEvil"],"picked":"SKIP","floor":13},{"not_picked":["JustLucky","Replay:ManipulateFuture"],"picked":"Consecrate","floor":14},{"not_picked":["Wish","Vault"],"picked":"DeusExMachina","floor":16},{"not_picked":["Halt","SashWhip"],"picked":"Judgement","floor":18},{"not_picked":["EmptyBody","MentalFortress"],"picked":"BowlingBash+1","floor":19},{"not_picked":["Replay:ManipulateFuture","SignatureMove"],"picked":"Consecrate","floor":22},{"not_picked":["FlurryOfBlows","BowlingBash"],"picked":"EmptyFist+1","floor":24},{"not_picked":["Replay:AtTheReady","Blasphemy"],"picked":"Replay:DivineShield","floor":30},{"not_picked":["SashWhip+1","JustLucky+1"],"picked":"PathToVictory+1","floor":35},{"not_picked":["CutThroughFate+1","FlurryOfBlows"],"picked":"PathToVictory+1","floor":38},{"not_picked":["EmptyMind+1","Swivel"],"picked":"EmptyFist+1","floor":39},{"not_picked":["EmptyMind","Evaluate+1"],"picked":"Replay:BluntJabs","floor":40},{"not_picked":["FearNoEvil","Replay:BluntJabs"],"picked":"BowlingBash+1","floor":41},{"not_picked":["SashWhip","Replay:Hum+1"],"picked":"Replay:DivineShield","floor":44},{"not_picked":["ReachHeaven","Vengeance+1","Replay:Cycle"],"picked":"SKIP","floor":45},{"not_picked":["LikeWater","Tantrum","ForeignInfluence"],"picked":"SKIP","floor":46},{"not_picked":["Replay:ManipulateFuture+1","Replay:AtTheReady","WindmillStrike"],"picked":"SKIP","floor":48}],"player_experience":372470,"relics_obtained":[{"floor":8,"key":"hubris:BundleOfHerbs"},{"floor":9,"key":"hubris:ToyBattleship"},{"floor":13,"key":"reliquary:TridentHead"},{"floor":26,"key":"Bag of Preparation"},{"floor":31,"key":"Whetstone"},{"floor":31,"key":"reliquary:PorcupineQuills"},{"floor":40,"key":"Replay:Mystery Machine"},{"floor":43,"key":"Simple Rune"},{"floor":43,"key":"CaptainsWheel"},{"floor":47,"key":"Replay:WaspNest"}],"event_choices":[{"damage_healed":0,"gold_gain":0,"player_choice":"Forge","damage_taken":0,"max_hp_gain":0,"max_hp_loss":0,"event_name":"Accursed Blacksmith","floor":2,"gold_loss":0,"cards_upgraded":["BowlingBash"]},{"damage_healed":0,"gold_gain":0,"player_choice":"Grow","damage_taken":0,"max_hp_gain":0,"max_hp_loss":0,"event_name":"Living Wall","floor":11,"gold_loss":0,"cards_upgraded":["Alpha"]},{"damage_healed":0,"gold_gain":0,"player_choice":"Ignored","damage_taken":0,"max_hp_gain":0,"max_hp_loss":0,"event_name":"Cursed Tome","floor":20,"gold_loss":0},{"damage_healed":0,"gold_gain":0,"player_choice":"Ignored","damage_taken":0,"max_hp_gain":0,"max_hp_loss":0,"event_name":"Vampires","floor":29,"gold_loss":0},{"damage_healed":0,"gold_gain":0,"player_choice":"Paid","damage_taken":0,"relics_obtained":["Red Mask"],"max_hp_gain":0,"max_hp_loss":0,"event_name":"Tomb of Lord Red Mask","floor":36,"gold_loss":248},{"damage_healed":0,"gold_gain":0,"player_choice":"Embrace Madness","damage_taken":9,"max_hp_gain":0,"max_hp_loss":0,"event_name":"Winding Halls","floor":37,"gold_loss":0,"cards_obtained":["Madness","Madness"]}],"is_beta":false,"boss_relics":[{"not_picked":["Calling Bell","hubris:GrandSneckoEye"],"picked":"Ring of Chaos"},{"not_picked":["Honey Jar","Pandora\u0027s Box","Snecko Eye"]}],"items_purged_floors":[4],"is_endless":false,"potions_floor_spawned":[1,8,14,19,24,39,41,44,48],"killed_by":"LordOfAnnihilation","ascension_level":0}}