{"host":"mwb0clku6crgv6yl","time":1612957969,"event":{"mods":["AchievementEnabler","BaseMod","Highlight Path","Koishi","Minty Spire (QoL Compilation)","Replay The Spire","StSLib","The Administrix","The Construct","The Cursed","The Gatherer","The Hierophant"],"gold_per_floor":[112,124,138,138,138,138,138,138],"floor_reached":7,"language":"ZHS","playtime":203,"items_purged":[],"score":51,"play_id":"65c0f367-326f-45f4-a375-92f2bf70aaba","local_time":"20210210195249","is_ascension_mode":true,"campfire_choices":[{"data":"TheCursedMod:CleanUpWorkshop","floor":6,"key":"SMITH"}],"circlet_count":0,"master_deck":["TheCursedMod:Strike_TheCursed","TheCursedMod:Strike_TheCursed","TheCursedMod:Strike_TheCursed","TheCursedMod:Strike_TheCursed","TheCursedMod:Defend_TheCursed","TheCursedMod:Defend_TheCursed","TheCursedMod:Defend_TheCursed","TheCursedMod:CursedWand","TheCursedMod:CleanUpWorkshop+1","TheCursedMod:Dregs","TheCursedMod:CursedBlade","TheCursedMod:SpitefulStrike","TheCursedMod:CursedBlade"],"relics":["TheCursedMod:FourLeafCloverCharm"],"acts_visited":["Exordium"],"potions_floor_usage":[7],"damage_taken":[{"damage":3.0,"enemies":"2 Louse","floor":1.0,"turns":3.0},{"damage":2.0,"enemies":"Small Slimes","floor":2.0,"turns":2.0},{"damage":1.0,"enemies":"Cultist","floor":3.0,"turns":3.0},{"damage":69,"enemies":"Lagavulin","floor":7,"turns":8}],"seed_played":"5165884436744982813","potions_obtained":[{"floor":2.0,"key":"Adrenaline Potion"}],"is_trial":false,"path_per_floor":["M","M","M","?","?","R","E"],"character_chosen":"THE_CURSED","items_purchased":[],"campfire_rested":0,"item_purchase_floors":[],"current_hp_per_floor":[72,70,69,69,69,69,0,0],"gold":138,"neow_bonus":"BOSS_RELIC","is_daily":false,"chose_seed":false,"campfire_upgraded":1,"win_rate":0.0,"timestamp":1612957969,"path_taken":["M","M","M","?","?","R","E"],"items_purchased_type":[],"build_version":"2020-12-22","purchased_purges":0,"victory":false,"max_hp_per_floor":[75,75,75,75,75,75,75,75],"card_choices":[{"not_picked":["TheCursedMod:Obscuration","TheCursedMod:CursedAmulet"],"picked":"TheCursedMod:CursedBlade","floor":1.0},{"not_picked":["TheCursedMod:TroublousMinions","TheCursedMod:BlessingInDisguise"],"picked":"TheCursedMod:SpitefulStrike","floor":2.0},{"not_picked":["TheCursedMod:Wield","TheCursedMod:Stigma"],"picked":"TheCursedMod:CursedBlade","floor":3.0}],"player_experience":283457,"relics_obtained":[],"event_choices":[{"damage_healed":0,"gold_gain":0,"player_choice":"Fled","damage_taken":0,"max_hp_gain":0,"max_hp_loss":0,"event_name":"Scrap Ooze","floor":4,"gold_loss":0}],"is_beta":false,"boss_relics":[],"items_purged_floors":[],"is_endless":false,"potions_floor_spawned":[2],"killed_by":"Lagavulin","ascension_level":5}}