{"host":"zlolxa879v8f5dwy","time":1612924456,"event":{"mods":["AchievementEnabler","BaseMod","Downfall","Friendly Minions","Hermit","Hubris","Jorbs\u0027s Wanderer Trilogy","Kiyohime????","Koishi","Marisa????????","Minty Spire (QoL Compilation)","Remilia??????","StSLib","The Animator","The Cursed","The Disciple","The Hierophant","The Servant 0.9.4"],"gold_per_floor":[111,121,121,131,131,158,168,168,250,250,280,355,32,32,32,127,127,138,138,20,32,45,2,2,28,53,71,71,84,84,101,101,196,196,208,228,278,33,88,117,117,117,142,142,42,56,74,74,74,74,74,74,18,52,52],"floor_reached":56,"language":"ENG","playtime":4355,"items_purged":["Strike_RM","Strike_RM","BloodyMagicSquare"],"score":1280,"play_id":"8058f228-423c-49a4-90b9-5f5101624e5d","local_time":"20210210033416","is_ascension_mode":false,"campfire_choices":[{"data":"BlasphemousPunishment","floor":8,"key":"SMITH"},{"floor":15,"key":"REST"},{"data":"Stigmanizer","floor":24,"key":"SMITH"},{"floor":30,"key":"REST"},{"data":"RedMoon","floor":32,"key":"SMITH"},{"floor":41,"key":"RECALL"},{"data":"TransientEternity","floor":44,"key":"SMITH"},{"data":"CeilingFear","floor":49,"key":"SMITH"},{"data":"BatForm","floor":52,"key":"SMITH"}],"circlet_count":0,"master_deck":["RedMoon+1","ScarletShoot","Stigmanizer+1","StarOfDavid+1","ScarletImprint","ScarletImprint+1","BlasphemousPunishment+1","DemonKingCradle+1","CharismaGuard","BatForm+1","UnstableMagic","VampireKiss","ScarletDevil","DiffusionOfMisfortune","Septette","VampireFantasy+1","TransientEternity+1","StarOfDavid","FitfulNightmare","BlasphemousPunishment+1","ScarletImprint","LeisurelyOfLord","MastersStateliness","MastersStateliness","ChainGang+1","CeilingFear+1","BombardNight","ScarletDevilSign+1","Dramatic Entrance","Purity","CharismaGuard+1","CurseOfVladTepes","VampireKiss"],"relics":["ScarletHat","NeowsBlessing","Pear","The Courier","hubris:Icosahedron","Whetstone","Toolbox","Omamori","hubris:Towel","Busted Crown","Bag of Marbles","Regal Pillow","Pandora\u0027s Box","Calipers","Oddly Smooth Stone","TypeBBloodRedTea","Blood Vial","War Paint"],"acts_visited":["Exordium","TheCity","TheBeyond","TheEnding"],"potions_floor_usage":[6,11,16,16,37,39,40,40,40,50],"damage_taken":[{"damage":0,"enemies":"Jaw Worm","floor":1,"turns":1},{"damage":0,"enemies":"Cultist","floor":2,"turns":1},{"damage":0,"enemies":"2 Louse","floor":4,"turns":1},{"damage":0,"enemies":"3 Sentries","floor":6,"turns":9},{"damage":1,"enemies":"Large Slime","floor":7,"turns":4},{"damage":43,"enemies":"Gremlin Nob","floor":11,"turns":5},{"damage":37,"enemies":"Slime Boss","floor":16,"turns":11},{"damage":0,"enemies":"3 Byrds","floor":18,"turns":6},{"damage":10,"enemies":"2 Thieves","floor":21,"turns":3},{"damage":19,"enemies":"Centurion and Healer","floor":22,"turns":7},{"damage":33,"enemies":"Book of Stabbing","floor":25,"turns":4},{"damage":2,"enemies":"Cultist and Chosen","floor":27,"turns":4},{"damage":4,"enemies":"Sentry and Sphere","floor":29,"turns":6},{"damage":14,"enemies":"Snake Plant","floor":31,"turns":3},{"damage":32,"enemies":"hubris:MusketHawk","floor":33,"turns":7},{"damage":2,"enemies":"3 Shapes","floor":35,"turns":3},{"damage":7,"enemies":"Orb Walker","floor":36,"turns":5},{"damage":10,"enemies":"Mind Bloom Boss Battle","floor":37,"turns":5},{"damage":20,"enemies":"Transient","floor":39,"turns":5},{"damage":10,"enemies":"Reptomancer","floor":40,"turns":4},{"damage":0,"enemies":"Writhing Mass","floor":46,"turns":5},{"damage":11,"enemies":"Maw","floor":47,"turns":3},{"damage":10,"enemies":"Awakened One","floor":50,"turns":5},{"damage":19,"enemies":"Shield and Spear","floor":54,"turns":4},{"damage":54,"enemies":"The Heart","floor":55,"turns":8}],"seed_played":"-1284397511788385369","potions_obtained":[{"floor":2,"key":"PowerPotion"},{"floor":6,"key":"ColorlessPotion"},{"floor":11,"key":"Dexterity Potion"},{"floor":21,"key":"SneckoOil"},{"floor":29,"key":"Block Potion"},{"floor":31,"key":"DestinyDice"},{"floor":33,"key":"LiquidMemories"},{"floor":36,"key":"Strength Potion"},{"floor":37,"key":"PowerPotion"},{"floor":39,"key":"sneckomod:MuddlingPotion"},{"floor":47,"key":"Explosive Potion"}],"is_trial":false,"path_per_floor":["M","M","?","M","T","E","M","R","T","?","E","?","$","?","R","B",null,"M","?","$","M","M","$","R","E","T","M","$","M","R","M","R","B",null,"M","M","?","$","M","E","R","?","T","R","$","M","M","?","R","B",null,"R","$","E","B",null],"character_chosen":"REMILIA","items_purchased":["Toolbox","CharismaGuard","Omamori","VampireKiss","DiffusionOfMisfortune","CeilingFear","Oddly Smooth Stone","CurseOfVladTepes"],"campfire_rested":2,"item_purchase_floors":[13,13,13,20,23,38,38,53],"current_hp_per_floor":[75,75,75,75,75,85,85,85,85,85,46,35,35,35,60,26,85,85,85,85,78,65,65,65,34,34,36,36,35,75,64,64,49,85,85,80,85,85,84,76,76,71,71,71,71,80,74,74,74,85,85,85,85,67,42],"gold":52,"neow_bonus":"THREE_ENEMY_KILL","is_daily":false,"chose_seed":false,"campfire_upgraded":6,"win_rate":0.0,"timestamp":1612924456,"path_taken":["M","M","?","?","?","E","M","R","T","?","E","?","$","?","R","BOSS","M","?","$","M","M","$","R","E","T","M","?","M","R","M","R","BOSS","M","M","?","$","M","E","R","?","T","R","?","?","M","?","R","BOSS","R","$","E","BOSS"],"items_purchased_type":["Relic","Card","Relic","Card","Card","Card","Relic","Card"],"build_version":"2020-12-22","purchased_purges":3,"victory":true,"max_hp_per_floor":[75,75,75,75,75,85,85,85,85,85,85,85,85,85,85,85,85,85,85,85,85,85,85,85,85,85,85,85,85,85,85,85,85,85,85,85,85,85,85,85,85,85,85,85,85,85,85,85,85,85,85,85,85,85,85],"card_choices":[{"not_picked":["RedRainbow","ForbiddenFruit"],"picked":"Stigmanizer","floor":1},{"not_picked":["DiffusionOfMisfortune","MillenniumVampire"],"picked":"StarOfDavid","floor":2},{"not_picked":["ScarletSymphony","ScarletNetherworld"],"picked":"ScarletImprint","floor":4},{"not_picked":["Stigmanizer","TwelveNightmare"],"picked":"ScarletImprint","floor":6},{"not_picked":["TricksterDevil","VampirishNight"],"picked":"BlasphemousPunishment","floor":7},{"not_picked":["StarOfDavid","MastersStateliness"],"picked":"DemonKingCradle","floor":11},{"not_picked":["TransientEternity","CeilingFear"],"picked":"BatForm","floor":16},{"not_picked":[],"picked":"UnstableMagic","floor":18},{"not_picked":["BlasphemousPunishment+1"],"picked":"SKIP","floor":21},{"not_picked":[],"picked":"ScarletDevil","floor":22},{"not_picked":["ScarletDevil"],"picked":"SKIP","floor":25},{"not_picked":[],"picked":"Septette","floor":27},{"not_picked":[],"picked":"VampireFantasy","floor":29},{"not_picked":["ScarletSymphony"],"picked":"SKIP","floor":31},{"not_picked":[],"picked":"TransientEternity","floor":33},{"not_picked":[],"picked":"MastersStateliness","floor":35},{"not_picked":[],"picked":"MastersStateliness","floor":36},{"not_picked":[],"picked":"ChainGang+1","floor":37},{"not_picked":[],"picked":"BombardNight","floor":39},{"not_picked":[],"picked":"ScarletDevilSign+1","floor":40},{"not_picked":[],"picked":"Dramatic Entrance","floor":42},{"not_picked":[],"picked":"Purity","floor":42},{"not_picked":[],"picked":"CharismaGuard+1","floor":46},{"not_picked":["StarOfDavid"],"picked":"SKIP","floor":47},{"not_picked":[],"picked":"VampireKiss","floor":54}],"player_experience":171526,"relics_obtained":[{"floor":6,"key":"Pear"},{"floor":9,"key":"The Courier"},{"floor":11,"key":"Whetstone"},{"floor":25,"key":"Bag of Marbles"},{"floor":26,"key":"Regal Pillow"},{"floor":37,"key":"Calipers"},{"floor":40,"key":"TypeBBloodRedTea"},{"floor":43,"key":"Blood Vial"},{"floor":54,"key":"War Paint"}],"event_choices":[{"damage_healed":0,"gold_gain":0,"player_choice":"Upgraded","damage_taken":0,"max_hp_gain":0,"max_hp_loss":0,"event_name":"Upgrade Shrine","floor":3,"gold_loss":0,"cards_upgraded":["StarOfDavid"]},{"damage_healed":0,"gold_gain":75,"player_choice":"Gather Gold","damage_taken":11,"max_hp_gain":0,"max_hp_loss":0,"event_name":"World of Goop","floor":12,"gold_loss":0},{"damage_healed":0,"gold_gain":0,"player_choice":"Upgraded","damage_taken":0,"max_hp_gain":0,"max_hp_loss":0,"event_name":"Upgrade Shrine","floor":19,"gold_loss":0,"cards_upgraded":["DemonKingCradle"]},{"damage_healed":0,"gold_gain":0,"player_choice":"Fight","damage_taken":0,"max_hp_gain":0,"max_hp_loss":0,"event_name":"MindBloom","floor":37,"gold_loss":0},{"damage_healed":0,"gold_gain":0,"player_choice":"Memory 2","damage_taken":5,"max_hp_gain":0,"max_hp_loss":0,"event_name":"SensoryStone","floor":42,"gold_loss":0},{"damage_healed":0,"gold_gain":0,"player_choice":"Ignored","damage_taken":0,"max_hp_gain":0,"max_hp_loss":0,"event_name":"OrinTheCat","floor":48,"gold_loss":0}],"is_beta":false,"boss_relics":[{"not_picked":["Coffee Dripper","Fusion Hammer"],"picked":"Busted Crown"},{"not_picked":["hubris:BlackHole","Sozu"],"picked":"Pandora\u0027s Box"}],"items_purged_floors":[13,20,45],"is_endless":false,"potions_floor_spawned":[2,6,11,21,29,31,36,37,39,47],"ascension_level":0}}