{"host":"1gxyv4nzk9y6vrq3","time":1612983130,"event":{"mods":["Bartender","BaseMod","Downfall","Duelist Mod","Jorbs\u0027s Wanderer Trilogy","Marisa????????","Minty Spire (QoL Compilation)","Relic Stats","StSLib","The Disciple","The Mystic","The Servant 0.9.4"],"gold_per_floor":[110,125,125,141,152,184,149,162,231,245,245,320,320,340,340,441,441,461,481,21,120,136,146,146,156,205,205,239,254,282,297,297,398,398,412,412,0,10,20,20,48,48,99,99,99,99,99,111,111,111,111],"floor_reached":50,"language":"ENG","playtime":2776,"items_purged":["Strike_B"],"score":542,"play_id":"50c49485-e91c-47e4-bd86-a16bbf3347af","local_time":"20210210105210","is_ascension_mode":true,"campfire_choices":[{"data":"Defragment","floor":11,"key":"SMITH"},{"floor":13,"key":"REST"},{"data":"Hello World","floor":15,"key":"SMITH"},{"floor":24,"key":"REST"},{"floor":27,"key":"REST"},{"floor":32,"key":"REST"},{"floor":40,"key":"REST"},{"floor":42,"key":"REST"},{"floor":47,"key":"REST"},{"floor":49,"key":"REST"}],"circlet_count":0,"master_deck":["Strike_B","Strike_B","Strike_B","Defend_B","Defend_B","Defend_B","Defend_B","Zap","Dualcast","Hello World+1","Conserve Battery","Cold Snap","Self Repair","Cold Snap","Defragment+1","Ball Lightning","Electrodynamics","Loop","Blizzard+1","Auto Shields+1","Seek","Echo Form","Sunder+1","Capacitor","Reinforced Body+1"],"relics":["FrozenCore","Oddly Smooth Stone","InkBottle","Nuclear Battery","Lee\u0027s Waffle","Question Card","Orichalcum","Girya","Regal Pillow","ClockworkSouvenir","Gremlin Horn","Bottled Lightning","Pen Nib","Protect_Vest"],"acts_visited":["Exordium","TheCity","TheBeyond"],"potions_floor_usage":[5,6,6,6,8,16,19,29,33,33,50,50],"damage_taken":[{"damage":0,"enemies":"Small Slimes","floor":1,"turns":4},{"damage":6,"enemies":"Cultist","floor":2,"turns":3},{"damage":2,"enemies":"Jaw Worm","floor":4,"turns":5},{"damage":0,"enemies":"3 Louse","floor":5,"turns":1},{"damage":12,"enemies":"Lagavulin","floor":6,"turns":6},{"damage":15,"enemies":"Lots of Slimes","floor":8,"turns":4},{"damage":7,"enemies":"2 Fungi Beasts","floor":10,"turns":4},{"damage":9,"enemies":"3 Louse","floor":14,"turns":3},{"damage":5,"enemies":"The Guardian","floor":16,"turns":11},{"damage":20,"enemies":"2 Thieves","floor":18,"turns":2},{"damage":0,"enemies":"Chosen","floor":19,"turns":4},{"damage":2,"enemies":"3 Cultists","floor":22,"turns":3},{"damage":11,"enemies":"Chosen and Byrds","floor":23,"turns":7},{"damage":17,"enemies":"Centurion and Healer","floor":25,"turns":6},{"damage":24,"enemies":"Book of Stabbing","floor":28,"turns":6},{"damage":11,"enemies":"Snake Plant","floor":29,"turns":3},{"damage":20,"enemies":"Gremlin Leader","floor":30,"turns":5},{"damage":2,"enemies":"Cultist and Chosen","floor":31,"turns":4},{"damage":48,"enemies":"Automaton","floor":33,"turns":9},{"damage":18,"enemies":"Orb Walker","floor":35,"turns":6},{"damage":34,"enemies":"3 Darklings","floor":38,"turns":4},{"damage":0,"enemies":"Sphere and 2 Shapes","floor":39,"turns":5},{"damage":75,"enemies":"Giant Head","floor":41,"turns":13},{"damage":31,"enemies":"Transient","floor":48,"turns":5},{"damage":92,"enemies":"Awakened One","floor":50,"turns":9}],"seed_played":"-494374042216417909","potions_obtained":[{"floor":0,"key":"PowerPotion"},{"floor":0,"key":"Explosive Potion"},{"floor":0,"key":"Ancient Potion"},{"floor":5,"key":"LiquidBronze"},{"floor":6,"key":"SneckoOil"},{"floor":14,"key":"Fire Potion"},{"floor":16,"key":"sneckomod:MuddlingPotion"},{"floor":18,"key":"AttackPotion"},{"floor":19,"key":"CultistPotion"},{"floor":28,"key":"hexamod:SoulburnPotion"},{"floor":29,"key":"CultistPotion"},{"floor":35,"key":"GamblersBrew"},{"floor":48,"key":"SpeedPotion"}],"is_trial":false,"path_per_floor":["M","M","?","M","M","E","?","M","T","M","R","?","R","M","R","B",null,"M","M","$","?","M","M","R","M","T","R","E","M","E","M","R","B",null,"M","?","$","M","M","R","E","R","T","$","?","?","R","M","R","B"],"character_chosen":"DEFECT","items_purchased":["Lee\u0027s Waffle","Question Card","ClockworkSouvenir","Gremlin Horn"],"campfire_rested":8,"item_purchase_floors":[20,20,37,37],"current_hp_per_floor":[75,69,69,67,67,55,73,65,65,65,65,54,75,73,73,68,75,62,69,82,82,80,76,82,65,65,82,65,54,41,46,82,34,82,71,71,71,37,37,76,8,47,47,47,47,47,82,65,82,0,0],"gold":111,"neow_bonus":"THREE_SMALL_POTIONS","is_daily":false,"chose_seed":false,"campfire_upgraded":2,"win_rate":0.0,"timestamp":1612983130,"path_taken":["M","M","?","M","M","E","?","M","T","M","R","?","R","M","R","BOSS","M","M","$","?","M","M","R","M","T","R","E","M","E","M","R","BOSS","M","?","$","M","M","R","E","R","T","?","?","?","R","?","R","BOSS"],"items_purchased_type":["Relic","Relic","Relic","Relic"],"build_version":"2020-12-22","purchased_purges":1,"victory":false,"max_hp_per_floor":[75,75,75,75,75,75,75,75,75,75,75,75,75,75,75,75,75,75,75,82,82,82,82,82,82,82,82,82,82,82,82,82,82,82,82,82,82,82,82,82,82,82,82,82,82,82,82,82,82,82,82],"relic_stats":{"Lee\u0027s Waffle":13,"Regal Pillow":53,"Gremlin Horn":[6,6],"counters":[25,131],"Pen Nib":[2],"Orichalcum":[90],"Question Card":13,"obtain_stats":[{"Girya":28,"Lee\u0027s Waffle":20,"Regal Pillow":30,"Gremlin Horn":37,"Oddly Smooth Stone":6,"Pen Nib":43,"Protect_Vest":46,"Orichalcum":26,"Question Card":20,"Nuclear Battery":17,"FrozenCore":34,"ClockworkSouvenir":37,"Bottled Lightning":41,"Cracked Core":0,"InkBottle":9},{"Girya":15,"Lee\u0027s Waffle":11,"Regal Pillow":17,"Gremlin Horn":20,"Oddly Smooth Stone":5,"Pen Nib":23,"Protect_Vest":23,"Orichalcum":14,"Question Card":11,"Nuclear Battery":9,"FrozenCore":19,"ClockworkSouvenir":20,"Bottled Lightning":23,"Cracked Core":0,"InkBottle":6},{"Girya":69,"Lee\u0027s Waffle":47,"Regal Pillow":77,"Gremlin Horn":95,"Oddly Smooth Stone":19,"Pen Nib":117,"Protect_Vest":117,"Orichalcum":63,"Question Card":47,"Nuclear Battery":41,"FrozenCore":89,"ClockworkSouvenir":95,"Bottled Lightning":117,"Cracked Core":0,"InkBottle":23}],"InkBottle":[41],"FrozenCore":[10]},"card_choices":[{"not_picked":["Rebound","Fusion"],"picked":"Hello World","floor":1},{"not_picked":["Coolheaded","Loop"],"picked":"Conserve Battery","floor":2},{"not_picked":["Doom and Gloom","Coolheaded"],"picked":"Cold Snap","floor":4},{"not_picked":["Rip and Tear","Go for the Eyes","Reboot"],"picked":"SKIP","floor":5},{"not_picked":["Reprogram","Go for the Eyes"],"picked":"Self Repair","floor":6},{"not_picked":["Coolheaded","Blizzard"],"picked":"Cold Snap","floor":8},{"not_picked":["Conserve Battery","Ball Lightning"],"picked":"Defragment","floor":10},{"not_picked":["Cold Snap","Compile Driver"],"picked":"Ball Lightning","floor":14},{"not_picked":["Biased Cognition","Thunder Strike"],"picked":"Electrodynamics","floor":16},{"not_picked":["Hologram","Gash"],"picked":"Loop","floor":18},{"not_picked":["Cold Snap","Conserve Battery"],"picked":"Blizzard+1","floor":19},{"not_picked":["Static Discharge","Steam Power+1","Barrage+1","Hologram+1"],"picked":"SKIP","floor":22},{"not_picked":["Go for the Eyes","Coolheaded","Tempest"],"picked":"Auto Shields+1","floor":23},{"not_picked":["Ball Lightning","Genetic Algorithm","All For One","Beam Cell+1"],"picked":"SKIP","floor":25},{"not_picked":["Hologram","Leap","Steam","Rip and Tear+1"],"picked":"SKIP","floor":28},{"not_picked":["Conserve Battery+1","Chaos","Scrape"],"picked":"Seek","floor":29},{"not_picked":["Ball Lightning","Go for the Eyes","Coolheaded","Streamline+1"],"picked":"SKIP","floor":30},{"not_picked":["Sweeping Beam","Beam Cell+1","Sunder","Fusion"],"picked":"SKIP","floor":31},{"not_picked":["Seek","Reboot","Buffer"],"picked":"Echo Form","floor":33},{"not_picked":["Tempest","Blizzard+1","Hologram+1"],"picked":"Sunder+1","floor":35},{"not_picked":["Beam Cell+1","Barrage+1","Sweeping Beam+1","Conserve Battery"],"picked":"SKIP","floor":38},{"not_picked":["Ball Lightning+1","Turbo","Scrape+1"],"picked":"Capacitor","floor":39},{"not_picked":["Electrodynamics","Aggregate","Hologram+1"],"picked":"Reinforced Body+1","floor":41},{"not_picked":["Conserve Battery+1","Coolheaded","Machine Learning","Turbo"],"picked":"SKIP","floor":48}],"player_experience":67099,"relics_obtained":[{"floor":6,"key":"Oddly Smooth Stone"},{"floor":9,"key":"InkBottle"},{"floor":26,"key":"Orichalcum"},{"floor":28,"key":"Girya"},{"floor":30,"key":"Regal Pillow"},{"floor":41,"key":"Bottled Lightning"},{"floor":43,"key":"Pen Nib"}],"event_choices":[{"damage_healed":0,"gold_gain":0,"player_choice":"Ignored","damage_taken":0,"max_hp_gain":0,"max_hp_loss":0,"event_name":"Liars Game","floor":3,"gold_loss":0},{"damage_healed":18,"gold_gain":0,"player_choice":"Healed","damage_taken":0,"max_hp_gain":0,"max_hp_loss":0,"event_name":"The Cleric","floor":7,"gold_loss":35},{"damage_healed":0,"gold_gain":75,"player_choice":"Gather Gold","damage_taken":11,"max_hp_gain":0,"max_hp_loss":0,"event_name":"World of Goop","floor":12,"gold_loss":0},{"damage_healed":0,"gold_gain":99,"player_choice":"Stole From Cult","damage_taken":0,"max_hp_gain":0,"max_hp_loss":0,"event_name":"Nest","floor":21,"gold_loss":0},{"damage_healed":0,"gold_gain":0,"player_choice":"0 cards matched","damage_taken":0,"max_hp_gain":0,"max_hp_loss":0,"event_name":"Match and Keep!","floor":36,"gold_loss":0,"cards_obtained":[]},{"damage_healed":0,"gold_gain":0,"player_choice":"Ignored","damage_taken":0,"max_hp_gain":0,"max_hp_loss":0,"event_name":"Mysterious Sphere","floor":45,"gold_loss":0},{"damage_healed":0,"gold_gain":0,"player_choice":"Gave Potion","damage_taken":0,"relics_obtained":["Protect_Vest"],"max_hp_gain":0,"max_hp_loss":0,"event_name":"WeMeetAgain","floor":46,"gold_loss":0}],"is_beta":false,"boss_relics":[{"not_picked":["Empty Cage","Tiny House"],"picked":"Nuclear Battery"},{"not_picked":["Velvet Choker","Black Star"],"picked":"FrozenCore"}],"items_purged_floors":[20],"is_endless":false,"potions_floor_spawned":[4,5,6,14,16,18,19,28,29,35,48],"killed_by":"Awakened One","ascension_level":1}}