{"host":"pfea746agqdggr2u","time":1612954033,"event":{"mods":["BaseMod","Filter the Spire","Minty Spire (QoL Compilation)"],"gold_per_floor":[119,94,111,130,130,130,165,165,189,201,213,225,267,293,305,437,449,445,382,174,174,174,174,192,192,192,230,145,145,145,145,145,273,273,293,293,626,298,298,298,317,317,364,364,261,279,291,291,291,291],"floor_reached":51,"language":"ENG","playtime":1882,"items_purged":["Strike_B"],"score":810,"play_id":"1080ee17-1f1e-41f9-b096-ae353398d837","local_time":"20210210024713","is_ascension_mode":false,"campfire_choices":[{"data":"Consume","floor":6.0,"key":"SMITH"},{"data":"Echo Form","floor":8.0,"key":"SMITH"},{"data":"Zap","floor":10.0,"key":"SMITH"},{"floor":15.0,"key":"REST"},{"data":"Hologram","floor":23.0,"key":"SMITH"},{"floor":29.0,"key":"REST"},{"floor":32.0,"key":"REST"},{"data":"MasterReality","floor":40,"key":"SMITH"},{"floor":42,"key":"REST"},{"floor":49,"key":"REST"}],"circlet_count":0,"master_deck":["Strike_B","Strike_B","Defend_B","Defend_B","Defend_B","Zap+1","Dualcast","Cold Snap","Conserve Battery","Hologram+1","Consume+1","Echo Form+1","Go for the Eyes","Redo","Electrodynamics","Defragment+1","Flying Knee+1","FTL+1","MasterReality+1","CurseOfTheBell","Thunder Strike","BootSequence"],"relics":["Inserter","Bronze Scales","Juzu Bracelet","MawBank","Odd Mushroom","SlaversCollar","PrismaticShard","InkBottle","Sundial","Blood Vial","Red Mask","Nunchaku","CaptainsWheel","Calling Bell","Potion Belt","Singing Bowl","StoneCalendar","HornCleat","Toy Ornithopter","FossilizedHelix"],"acts_visited":["TheBeyond"],"potions_floor_usage":[50],"damage_taken":[{"damage":1.0,"enemies":"Cultist","floor":1.0,"turns":4.0},{"damage":0.0,"enemies":"Small Slimes","floor":3.0,"turns":3.0},{"damage":5.0,"enemies":"2 Louse","floor":4.0,"turns":2.0},{"damage":0.0,"enemies":"Lagavulin","floor":7.0,"turns":8.0},{"damage":24.0,"enemies":"The Mushroom Lair","floor":13.0,"turns":5.0},{"damage":0.0,"enemies":"2 Fungi Beasts","floor":14.0,"turns":3.0},{"damage":44.0,"enemies":"Slime Boss","floor":16.0,"turns":11.0},{"damage":25.0,"enemies":"2 Thieves","floor":18.0,"turns":4.0},{"damage":19.0,"enemies":"Chosen","floor":24.0,"turns":5.0},{"damage":25.0,"enemies":"Masked Bandits","floor":27.0,"turns":3.0},{"damage":12.0,"enemies":"Collector","floor":33.0,"turns":8.0},{"damage":11.0,"enemies":"3 Darklings","floor":35.0,"turns":3.0},{"damage":55,"enemies":"3 Shapes","floor":41,"turns":5},{"damage":16,"enemies":"Spire Growth","floor":46,"turns":5},{"damage":5,"enemies":"3 Darklings","floor":47,"turns":4},{"damage":20,"enemies":"Time Eater","floor":50,"turns":15}],"seed_played":"-8789389105217082443","potions_obtained":[{"floor":3.0,"key":"ColorlessPotion"},{"floor":16.0,"key":"Strength Potion"},{"floor":24.0,"key":"ColorlessPotion"},{"floor":33.0,"key":"PowerPotion"},{"floor":46,"key":"FearPotion"}],"is_trial":false,"path_per_floor":["M","$","M","M","?","R","E","R","T","R","?","?","?","M","R","B",null,"M","?","$","T","?","R","M","?","T","?","?","R","$","T","R","B",null,"M","?","?","$","?","R","M","R","T","?","?","M","M","?","R","B",null],"character_chosen":"DEFECT","items_purchased":["Conserve Battery","PrismaticShard","HornCleat","BootSequence"],"campfire_rested":5,"item_purchase_floors":[2,20,38,38],"current_hp_per_floor":[74,74,74,69,66,66,66,66,66,66,66,48,24,24,46,2,75,50,50,50,50,50,50,31,56,56,33,33,55,55,55,75,63,75,66,66,66,66,66,66,15,38,38,38,38,26,23,23,47,34],"gold":291,"neow_bonus":"BOSS_RELIC","is_daily":false,"chose_seed":false,"campfire_upgraded":5,"win_rate":0.0,"timestamp":1612954033,"path_taken":["M","?","M","M","?","R","E","R","T","R","?","?","?","M","R","BOSS","M","?","$","?","?","R","M","?","T","?","?","R","?","?","R","BOSS","M","?","?","$","?","R","M","R","T","?","?","M","M","?","R","BOSS"],"items_purchased_type":["Card","Relic","Relic","Card"],"build_version":"2020-12-22","purchased_purges":1,"victory":true,"max_hp_per_floor":[75,75,75,75,75,75,75,75,75,75,75,75,75,75,75,75,75,75,75,75,75,75,75,75,75,75,75,75,75,75,75,75,75,75,77,77,77,77,77,77,79,79,79,79,79,81,81,81,81,81],"card_choices":[{"not_picked":["Turbo","Self Repair"],"picked":"Cold Snap","floor":1.0},{"not_picked":["Gash","Go for the Eyes"],"picked":"Hologram","floor":3.0},{"not_picked":["Go for the Eyes","Auto Shields"],"picked":"Consume","floor":4.0},{"not_picked":["Cold Snap","Fusion"],"picked":"Echo Form","floor":7.0},{"not_picked":["Leap","Compile Driver"],"picked":"Go for the Eyes","floor":13.0},{"not_picked":["Compile Driver","Ball Lightning"],"picked":"Redo","floor":14.0},{"not_picked":["Buffer","Creative AI"],"picked":"Electrodynamics","floor":16.0},{"not_picked":["Streamline+1","Leap"],"picked":"Defragment+1","floor":18.0},{"not_picked":["Deep Breath","FollowUp+1"],"picked":"Flying Knee+1","floor":24.0},{"not_picked":["Crippling Poison","Thunderclap"],"picked":"FTL+1","floor":27.0},{"not_picked":["Establishment","Sadistic Nature"],"picked":"MasterReality","floor":33.0},{"not_picked":["Consume","Bouncing Flask+1","Whirlwind+1"],"picked":"Singing Bowl","floor":35.0},{"not_picked":["FlyingSleeves","Slice+1","Heavy Blade+1"],"picked":"Singing Bowl","floor":41},{"not_picked":["Body Slam","PanicButton","Skim"],"picked":"Singing Bowl","floor":46},{"not_picked":["Swift Strike+1","Headbutt","Evaluate+1"],"picked":"SKIP","floor":47}],"player_experience":78606,"relics_obtained":[{"floor":7.0,"key":"Juzu Bracelet"},{"floor":9.0,"key":"MawBank"},{"floor":13.0,"key":"Odd Mushroom"},{"floor":21.0,"key":"InkBottle"},{"floor":26.0,"key":"Blood Vial"},{"floor":27.0,"key":"Red Mask"},{"floor":31.0,"key":"CaptainsWheel"},{"floor":34.0,"key":"Potion Belt"},{"floor":34.0,"key":"Singing Bowl"},{"floor":34.0,"key":"StoneCalendar"},{"floor":43,"key":"Toy Ornithopter"}],"event_choices":[{"damage_healed":0.0,"max_hp_gain":0.0,"max_hp_loss":0.0,"gold_gain":0.0,"event_name":"Scrap Ooze","player_choice":"Success","floor":5.0,"gold_loss":0.0,"damage_taken":3.0,"relics_obtained":["Bronze Scales"]},{"damage_healed":0.0,"max_hp_gain":0.0,"max_hp_loss":0.0,"gold_gain":0.0,"event_name":"Liars Game","player_choice":"Ignored","floor":11.0,"gold_loss":0.0,"damage_taken":0.0},{"damage_healed":0.0,"max_hp_gain":0.0,"max_hp_loss":0.0,"gold_gain":0.0,"event_name":"Golden Idol","player_choice":"Take Damage","floor":12.0,"gold_loss":0.0,"damage_taken":18.0,"relics_obtained":["Golden Idol"]},{"damage_healed":0.0,"max_hp_gain":0.0,"max_hp_loss":0.0,"gold_gain":0.0,"event_name":"Mushrooms","player_choice":"Fought Mushrooms","floor":13.0,"gold_loss":0.0,"damage_taken":0.0},{"cards_removed":["Strike_B"],"damage_healed":0.0,"max_hp_gain":0.0,"max_hp_loss":0.0,"gold_gain":0.0,"event_name":"Beggar","player_choice":"Gave Gold","floor":19.0,"gold_loss":75.0,"damage_taken":0.0},{"damage_healed":0.0,"max_hp_gain":0.0,"max_hp_loss":0.0,"gold_gain":0.0,"event_name":"The Mausoleum","player_choice":"Opened","floor":22.0,"gold_loss":0.0,"damage_taken":0.0,"relics_obtained":["Sundial"],"cards_obtained":["Writhe"]},{"damage_healed":25.0,"max_hp_gain":0.0,"max_hp_loss":0.0,"gold_gain":0.0,"event_name":"The Library","player_choice":"Heal","floor":25.0,"gold_loss":0.0,"damage_taken":0.0},{"damage_healed":0.0,"max_hp_gain":0.0,"max_hp_loss":0.0,"gold_gain":0.0,"event_name":"Masked Bandits","player_choice":"Fought Bandits","floor":27.0,"gold_loss":0.0,"damage_taken":0.0},{"damage_healed":0.0,"max_hp_gain":0.0,"max_hp_loss":0.0,"gold_gain":0.0,"event_name":"Addict","player_choice":"Obtained Relic","floor":28.0,"gold_loss":85.0,"damage_taken":0.0,"relics_obtained":["Nunchaku"]},{"damage_healed":0.0,"max_hp_gain":0.0,"max_hp_loss":0.0,"gold_gain":0.0,"cards_transformed":["Defend_B"],"event_name":"Transmorgrifier","player_choice":"Transformed","floor":36.0,"gold_loss":0.0,"damage_taken":0.0,"cards_obtained":["Thunder Strike"]},{"damage_healed":0.0,"max_hp_gain":0.0,"max_hp_loss":0.0,"gold_gain":333.0,"event_name":"The Moai Head","player_choice":"Gave Idol","floor":37.0,"relics_lost":["Golden Idol"],"gold_loss":0.0,"damage_taken":0.0},{"damage_healed":0,"gold_gain":0,"player_choice":"Cursed","damage_taken":0,"max_hp_gain":0,"max_hp_loss":0,"event_name":"Wheel of Change","floor":39,"gold_loss":0,"cards_obtained":["Decay"]},{"damage_healed":0,"gold_gain":0,"player_choice":"Ignored","damage_taken":0,"max_hp_gain":0,"max_hp_loss":0,"event_name":"Mysterious Sphere","floor":44,"gold_loss":0},{"damage_healed":0,"gold_gain":0,"player_choice":"Paid Gold","damage_taken":0,"relics_obtained":["FossilizedHelix"],"max_hp_gain":0,"max_hp_loss":0,"event_name":"WeMeetAgain","floor":45,"gold_loss":103},{"cards_removed":["Decay","Writhe"],"damage_healed":0,"gold_gain":0,"player_choice":"Removed Curses","damage_taken":0,"max_hp_gain":0,"max_hp_loss":0,"event_name":"Fountain of Cleansing","floor":48,"gold_loss":0}],"is_beta":false,"boss_relics":[{"not_picked":["Pandora\u0027s Box","SacredBark"],"picked":"SlaversCollar"},{"not_picked":["Empty Cage","Runic Dome"],"picked":"Calling Bell"}],"items_purged_floors":[20],"is_endless":false,"potions_floor_spawned":[3,16,24,33,46],"ascension_level":0}}