{"host":"m4pe905ae9bldoe7","time":1612982421,"event":{"mods":["BaseMod","Bestiary","Block Reminder","Downfall","Minty Spire (QoL Compilation)","StSLib"],"gold_per_floor":[116,134,145,18,31,48,73,73,103,122,175,206,221,234,251,268,302,302,402,402,420,18,18,28,45,64,64,81,81,81,81,91,91,91,109,109,204,204,241,286,25,25,40,75,75,90,90,90,135,182,195,195,195,195,195,195,40,67,67,67],"floor_reached":59,"language":"ENG","playtime":4379,"items_purged":["Strike_P"],"score":861,"play_id":"3f655186-65bf-4a06-8f34-96cdaadd0589","local_time":"20210210194021","is_ascension_mode":false,"campfire_choices":[{"floor":8.0,"key":"REST"},{"data":"Indignation","floor":18.0,"key":"SMITH"},{"data":"DeusExMachina","floor":27.0,"key":"SMITH"},{"data":"LikeWater","floor":29.0,"key":"SMITH"},{"data":"TalkToTheHand","floor":31.0,"key":"SMITH"},{"floor":36.0,"key":"REST"},{"floor":45.0,"key":"REST"},{"floor":48.0,"key":"RECALL"},{"data":"DevaForm","floor":53.0,"key":"SMITH"},{"data":"1","floor":56.0,"key":"LIFT"}],"circlet_count":0,"master_deck":["Strike_P+1","Strike_P+1","Strike_P+1","Defend_P+1","Defend_P+1","Defend_P+1","Defend_P+1","Eruption+1","Vigilance+1","LessonLearned+1","ClearTheMind+1","Tantrum+1","LikeWater+1","MentalFortress+1","ClearTheMind+1","SignatureMove+1","SandsOfTime+1","Meditate+1","DeusExMachina+1","EmptyFist+1","Indignation+1","Crescendo+1","DevaForm+1","SashWhip+1","Study+1","TalkToTheHand+1","CarveReality+1","LikeWater+1","Fasting2+1","Wish+1","EmptyFist+1","WaveOfTheHand+1","Protect+1","LikeWater+1","Parasite","ConjureBlade","Writhe","Adaptation+1"],"relics":["PureWater","Potion Belt","Eternal Feather","Bronze Scales","Orichalcum","Singing Bowl","Black Star","Matryoshka","Akabeko","Strawberry","VioletLotus","Girya","ClockworkSouvenir","Toy Ornithopter","Centennial Puzzle","Sundial","HandDrill","Blood Vial","Whetstone"],"acts_visited":["Exordium","TheCity","TheBeyond","TheEnding"],"potions_floor_usage":[59],"damage_taken":[{"damage":4.0,"enemies":"Jaw Worm","floor":1.0,"turns":7.0},{"damage":1.0,"enemies":"Cultist","floor":2.0,"turns":4.0},{"damage":2.0,"enemies":"Small Slimes","floor":3.0,"turns":4.0},{"damage":4.0,"enemies":"Blue Slaver","floor":5.0,"turns":4.0},{"damage":2.0,"enemies":"Looter","floor":6.0,"turns":3.0},{"damage":18.0,"enemies":"3 Sentries","floor":7.0,"turns":7.0},{"damage":0.0,"enemies":"Gremlin Nob","floor":9.0,"turns":4.0},{"damage":13.0,"enemies":"2 Fungi Beasts","floor":10.0,"turns":4.0},{"damage":1.0,"enemies":"3 Sentries","floor":12.0,"turns":5.0},{"damage":4.0,"enemies":"Large Slime","floor":13.0,"turns":3.0},{"damage":0.0,"enemies":"Looter","floor":14.0,"turns":2.0},{"damage":1.0,"enemies":"2 Fungi Beasts","floor":15.0,"turns":3.0},{"damage":0.0,"enemies":"Exordium Thugs","floor":16.0,"turns":4.0},{"damage":0.0,"enemies":"Lagavulin","floor":17.0,"turns":7.0},{"damage":17.0,"enemies":"Hexaghost","floor":19.0,"turns":7.0},{"damage":4.0,"enemies":"2 Thieves","floor":21.0,"turns":5.0},{"damage":0.0,"enemies":"3 Byrds","floor":24.0,"turns":3.0},{"damage":15.0,"enemies":"Sentry and Sphere","floor":25.0,"turns":8.0},{"damage":17.0,"enemies":"Snecko","floor":26.0,"turns":5.0},{"damage":19.0,"enemies":"Shelled Parasite and Fungi","floor":28.0,"turns":8.0},{"damage":1.0,"enemies":"Centurion and Healer","floor":32.0,"turns":5.0},{"damage":42.0,"enemies":"Sentry and Sphere","floor":35.0,"turns":4.0},{"damage":50.0,"enemies":"Collector","floor":37.0,"turns":9.0},{"damage":23.0,"enemies":"3 Darklings","floor":39.0,"turns":5.0},{"damage":52.0,"enemies":"2 Orb Walkers","floor":40.0,"turns":6.0},{"damage":0.0,"enemies":"Orb Walker","floor":43.0,"turns":5.0},{"damage":31.0,"enemies":"Nemesis","floor":44.0,"turns":11.0},{"damage":20.0,"enemies":"Jaw Worm Horde","floor":46.0,"turns":3.0},{"damage":16.0,"enemies":"Maw","floor":49.0,"turns":9.0},{"damage":10.0,"enemies":"Writhing Mass","floor":50.0,"turns":8.0},{"damage":3.0,"enemies":"Sphere and 2 Shapes","floor":51.0,"turns":3.0},{"damage":32.0,"enemies":"Time Eater","floor":54.0,"turns":9.0},{"damage":62.0,"enemies":"Shield and Spear","floor":58.0,"turns":7.0},{"damage":44,"enemies":"The Heart","floor":59,"turns":9}],"seed_played":"8454472408154420447","potions_obtained":[{"floor":5.0,"key":"champ:CounterPotion"},{"floor":6.0,"key":"Fire Potion"},{"floor":7.0,"key":"Ancient Potion"},{"floor":12.0,"key":"EssenceOfSteel"},{"floor":13.0,"key":"StancePotion"},{"floor":14.0,"key":"hexamod:SoulburnPotion"},{"floor":25.0,"key":"CultistPotion"},{"floor":26.0,"key":"GamblersBrew"},{"floor":28.0,"key":"StancePotion"},{"floor":35.0,"key":"Ancient Potion"},{"floor":39.0,"key":"FairyPotion"},{"floor":40.0,"key":"Ancient Potion"},{"floor":46.0,"key":"SteroidPotion"},{"floor":50.0,"key":"Regen Potion"},{"floor":58.0,"key":"Dexterity Potion"}],"is_trial":false,"path_per_floor":["M","M","M","$","M","M","E","R","E","M","T","E","M","M","M","M","E","R","B",null,"M","$","?","M","M","M","R","M","R","T","R","M","?","?","M","R","B",null,"M","?","$","?","M","E","R","M","T","R","M","M","M","?","R","B",null,"R","$","E","B"],"character_chosen":"WATCHER","items_purchased":["MentalFortress","ClearTheMind","Matryoshka","Study","WaveOfTheHand","Protect","ClockworkSouvenir","HandDrill"],"campfire_rested":3,"item_purchase_floors":[4,4,22,22,41,41,41,57],"current_hp_per_floor":[68,67,65,65,61,59,41,62,62,49,49,48,44,44,43,43,43,55,38,72,68,68,68,70,55,38,53,34,49,56,71,70,55,55,15,56,6,88,65,13,13,13,15,12,57,39,39,57,43,35,32,56,77,74,96,96,96,34,0,0],"gold":67,"neow_bonus":"ONE_RANDOM_RARE_CARD","is_daily":false,"chose_seed":false,"campfire_upgraded":5,"win_rate":0.0,"timestamp":1612982421,"path_taken":["M","M","M","$","M","M","E","R","E","M","T","E","M","M","M","M","E","R","BOSS","M","$","?","?","M","M","R","M","R","T","R","M","?","?","M","R","BOSS","M","?","$","?","M","E","R","M","T","R","M","M","M","?","R","BOSS","R","$","E","BOSS"],"items_purchased_type":["Card","Card","Relic","Card","Card","Card","Relic","Relic"],"build_version":"2020-12-22","purchased_purges":1,"victory":false,"max_hp_per_floor":[72,72,72,72,72,72,72,72,72,72,72,72,72,72,72,72,72,72,72,72,72,72,72,74,74,74,74,74,74,81,81,81,86,86,88,88,88,88,88,88,88,88,90,90,90,92,92,92,94,96,96,96,96,96,96,96,96,96,96,96],"card_choices":[{"not_picked":["FlurryOfBlows","Prostrate"],"picked":"ClearTheMind","floor":1.0},{"not_picked":["Adaptation","BowlingBash"],"picked":"Tantrum","floor":2.0},{"not_picked":["Establishment","Evaluate"],"picked":"LikeWater","floor":3.0},{"not_picked":["FlyingSleeves","Protect"],"picked":"SignatureMove","floor":5.0},{"not_picked":["PathToVictory","Collect","JustLucky"],"picked":"SKIP","floor":6.0},{"not_picked":["CutThroughFate","Prostrate"],"picked":"SandsOfTime","floor":7.0},{"not_picked":["Nirvana","FlyingSleeves"],"picked":"Meditate","floor":9.0},{"not_picked":["ClearTheMind","Meditate"],"picked":"DeusExMachina","floor":10.0},{"not_picked":["Worship","FlyingSleeves"],"picked":"EmptyFist","floor":12.0},{"not_picked":["SashWhip","Perseverance","FlyingSleeves"],"picked":"SKIP","floor":13.0},{"not_picked":["BowlingBash","BattleHymn","Vengeance"],"picked":"SKIP","floor":14.0},{"not_picked":["FollowUp","BowlingBash"],"picked":"Indignation","floor":15.0},{"not_picked":["Pray","Weave","SashWhip"],"picked":"SKIP","floor":16.0},{"not_picked":["Tantrum","ThirdEye"],"picked":"Crescendo","floor":17.0},{"not_picked":["Omniscience","MasterReality"],"picked":"DevaForm","floor":19.0},{"not_picked":["Worship","CutThroughFate"],"picked":"SashWhip+1","floor":21.0},{"not_picked":["Prostrate+1","JustLucky+1","EmptyFist"],"picked":"Singing Bowl","floor":24.0},{"not_picked":["FlyingSleeves","Pray"],"picked":"TalkToTheHand","floor":25.0},{"not_picked":["ClearTheMind+1","DevaForm"],"picked":"CarveReality+1","floor":26.0},{"not_picked":["Adaptation","BowlingBash"],"picked":"LikeWater","floor":28.0},{"not_picked":["Nirvana","CrushJoints"],"picked":"Fasting2","floor":32.0},{"not_picked":["EmptyFist","FollowUp","FlyingSleeves"],"picked":"Singing Bowl","floor":35.0},{"not_picked":["Devotion","DevaForm"],"picked":"Wish","floor":37.0},{"not_picked":["BowlingBash","SashWhip"],"picked":"WheelKick","floor":39.0},{"not_picked":["PathToVictory+1","BattleHymn"],"picked":"EmptyFist+1","floor":40.0},{"not_picked":["WindmillStrike","Prostrate+1","FollowUp+1"],"picked":"Singing Bowl","floor":43.0},{"not_picked":["Crescendo","Prostrate"],"picked":"LikeWater+1","floor":44.0},{"not_picked":["Crescendo","Indignation","PathToVictory+1"],"picked":"Singing Bowl","floor":46.0},{"not_picked":["ClearTheMind+1","Nirvana+1","JustLucky"],"picked":"Singing Bowl","floor":49.0},{"not_picked":["ClearTheMind+1","WheelKick","ThirdEye"],"picked":"Singing Bowl","floor":50.0},{"not_picked":["FlurryOfBlows","EmptyBody"],"picked":"ConjureBlade","floor":51.0},{"not_picked":["CrushJoints","CutThroughFate"],"picked":"Adaptation+1","floor":58.0}],"player_experience":545447,"relics_obtained":[{"floor":7.0,"key":"Potion Belt"},{"floor":9.0,"key":"Eternal Feather"},{"floor":11.0,"key":"Bronze Scales"},{"floor":12.0,"key":"Orichalcum"},{"floor":17.0,"key":"Singing Bowl"},{"floor":30.0,"key":"Akabeko"},{"floor":30.0,"key":"Strawberry"},{"floor":40.0,"key":"Girya"},{"floor":44.0,"key":"Toy Ornithopter"},{"floor":44.0,"key":"Centennial Puzzle"},{"floor":47.0,"key":"Sundial"},{"floor":58.0,"key":"Blood Vial"},{"floor":58.0,"key":"Whetstone"}],"event_choices":[{"damage_healed":0.0,"max_hp_gain":0.0,"max_hp_loss":0.0,"gold_gain":0.0,"event_name":"NoteForYourself","player_choice":"Ignored","floor":23.0,"gold_loss":0.0,"damage_taken":0.0},{"damage_healed":0.0,"max_hp_gain":5.0,"max_hp_loss":0.0,"gold_gain":0.0,"event_name":"Forgotten Altar","player_choice":"Shed Blood","floor":33.0,"gold_loss":0.0,"damage_taken":20.0},{"damage_healed":0.0,"max_hp_gain":0.0,"max_hp_loss":0.0,"gold_gain":0.0,"event_name":"Cursed Tome","player_choice":"Ignored","floor":34.0,"gold_loss":0.0,"damage_taken":0.0},{"damage_healed":0.0,"max_hp_gain":0.0,"max_hp_loss":0.0,"gold_gain":0.0,"event_name":"Mysterious Sphere","player_choice":"Fight","floor":40.0,"gold_loss":0.0,"damage_taken":0.0},{"cards_removed":["WheelKick"],"damage_healed":0.0,"max_hp_gain":0.0,"max_hp_loss":0.0,"gold_gain":0.0,"event_name":"Falling","player_choice":"Removed Attack","floor":42.0,"gold_loss":0.0,"damage_taken":0.0},{"damage_healed":24.0,"max_hp_gain":0.0,"max_hp_loss":0.0,"gold_gain":0.0,"event_name":"Winding Halls","player_choice":"Writhe","floor":52.0,"gold_loss":0.0,"damage_taken":0.0,"cards_obtained":["Writhe"]}],"is_beta":false,"boss_relics":[{"not_picked":["Tiny House","Runic Pyramid"],"picked":"Black Star"},{"not_picked":["Busted Crown","Cursed Key"],"picked":"VioletLotus"}],"items_purged_floors":[22],"is_endless":false,"potions_floor_spawned":[5,6,7,12,13,14,16,25,26,28,35,39,40,46,50,58],"killed_by":"The Heart","ascension_level":0}}