{"host":"fxrgx7wt2cpkbhka","time":1612968073,"event":{"mods":["AchievementEnabler","BaseMod","Colored Powertips","Dark Map","Minty Spire (QoL Compilation)","Permanent Neow","Quick Restart","Slay-I","StSLib","Waifu the Spire"],"gold_per_floor":[119,135,152,152,152,184,184,215,215,227,402,402,449,476,476,550,550,569,668,668,58,50,50,63,63,110,110,110,63,95,95,95,172,172,191,516,516,516,531,531,542,542,569,579,606,625,641,148,148,148,148],"floor_reached":50,"language":"ENG","playtime":2237,"items_purged":[],"score":995,"play_id":"fcfe7503-526d-4e73-82df-a71c905b04a9","local_time":"20210210064113","is_ascension_mode":true,"campfire_choices":[{"data":"Self Repair","floor":7,"key":"SMITH"},{"data":"Glacier","floor":12,"key":"SMITH"},{"data":"Zap","floor":15,"key":"SMITH"},{"data":"Apotheosis","floor":23,"key":"SMITH"},{"data":"Self Repair","floor":25,"key":"SMITH"},{"data":"Ball Lightning","floor":32,"key":"SMITH"},{"floor":40,"key":"RECALL"},{"data":"Go for the Eyes","floor":42,"key":"SMITH"},{"data":"Self Repair","floor":49,"key":"SMITH"}],"circlet_count":0,"master_deck":["AscendersBane","Strike_B","Strike_B","Strike_B","Strike_B","Defend_B+1","Defend_B","Defend_B","Defend_B","Zap+1","Dualcast+1","Leap+1","Defragment+1","Glacier+1","Self Repair+1","Auto Shields","Doubt","Go for the Eyes","Self Repair+1","Apotheosis+1","Conserve Battery","Go for the Eyes","Go for the Eyes+1","Ball Lightning+1","Defragment+1","Capacitor+1","Conserve Battery+1","Ball Lightning","Go for the Eyes","Loop","Self Repair+1"],"relics":["Cracked Core","Bronze Scales","Blue Candle","Dream Catcher","Centennial Puzzle","Velvet Choker","Shuriken","Akabeko","Juzu Bracelet","Bottled Flame","Eternal Feather","Coffee Dripper","Old Coin","Vajra","War Paint","CaptainsWheel","PreservedInsect"],"acts_visited":["Exordium","TheCity","TheBeyond"],"potions_floor_usage":[6,10,44,46,50],"damage_taken":[{"damage":1,"enemies":"Cultist","floor":1,"turns":3},{"damage":7,"enemies":"Jaw Worm","floor":2,"turns":3},{"damage":8,"enemies":"Small Slimes","floor":3,"turns":4},{"damage":0,"enemies":"3 Sentries","floor":6,"turns":13},{"damage":0,"enemies":"Lagavulin","floor":8,"turns":9},{"damage":21,"enemies":"2 Fungi Beasts","floor":10,"turns":3},{"damage":19,"enemies":"3 Sentries","floor":14,"turns":9},{"damage":27,"enemies":"Hexaghost","floor":16,"turns":16},{"damage":2,"enemies":"Shell Parasite","floor":18,"turns":8},{"damage":21,"enemies":"2 Thieves","floor":22,"turns":5},{"damage":1,"enemies":"Centurion and Healer","floor":24,"turns":12},{"damage":8,"enemies":"Book of Stabbing","floor":30,"turns":6},{"damage":53,"enemies":"Collector","floor":33,"turns":17},{"damage":25,"enemies":"3 Darklings","floor":35,"turns":9},{"damage":1,"enemies":"Mind Bloom Boss Battle","floor":36,"turns":9},{"damage":5,"enemies":"Orb Walker","floor":39,"turns":4},{"damage":1,"enemies":"Maw","floor":41,"turns":10},{"damage":10,"enemies":"Sphere and 2 Shapes","floor":44,"turns":6},{"damage":29,"enemies":"Nemesis","floor":45,"turns":7},{"damage":10,"enemies":"Transient","floor":46,"turns":5},{"damage":3,"enemies":"Maw","floor":47,"turns":9},{"damage":97,"enemies":"Donu and Deca","floor":50,"turns":8}],"seed_played":"-2498414450904062497","potions_obtained":[{"floor":2,"key":"BlessingOfTheForge"},{"floor":3,"key":"Strength Potion"},{"floor":6,"key":"Swift Potion"},{"floor":16,"key":"DuplicationPotion"},{"floor":44,"key":"Swift Potion"}],"is_trial":false,"path_per_floor":["M","M","M","?","?","E","R","E","T","M","?","R","T","E","R","B",null,"M","?","?","$","M","R","M","R","T","?","T","$","E","?","R","B",null,"M","?","?","?","M","R","M","R","T","M","E","M","M","$","R","B"],"character_chosen":"DEFECT","items_purchased":["Apotheosis","Shuriken","Akabeko","Conserve Battery","Ball Lightning","CaptainsWheel","PreservedInsect","Self Repair"],"campfire_rested":0,"item_purchase_floors":[21,21,21,21,29,48,48,48],"current_hp_per_floor":[63,56,48,48,71,71,71,71,71,60,60,60,60,51,51,34,62,70,70,70,70,66,66,71,71,71,58,58,58,70,70,76,43,68,63,76,76,76,76,76,76,76,76,76,67,76,76,76,76,0,0],"gold":148,"neow_bonus":"UPGRADE_CARD","is_daily":false,"chose_seed":false,"campfire_upgraded":8,"win_rate":0.0,"timestamp":1612968073,"path_taken":["M","?","M","?","?","E","R","E","T","M","?","R","?","E","R","BOSS","M","?","?","$","M","R","M","R","T","?","?","$","E","?","R","BOSS","M","?","?","?","M","R","M","R","T","M","E","M","M","$","R","BOSS"],"items_purchased_type":["Card","Relic","Relic","Card","Card","Relic","Relic","Card"],"build_version":"2020-12-22","purchased_purges":0,"victory":false,"max_hp_per_floor":[71,71,71,71,71,71,71,71,71,71,71,71,71,71,71,71,71,71,71,71,71,71,71,71,71,71,76,76,76,76,76,76,76,76,76,76,76,76,76,76,76,76,76,76,76,76,76,76,76,76,76],"card_choices":[{"not_picked":["Capacitor","Beam Cell"],"picked":"Leap","floor":1},{"not_picked":["Glacier","Hologram"],"picked":"Defragment","floor":2},{"not_picked":["Streamline","Tempest"],"picked":"Glacier","floor":3},{"not_picked":["Scrape","Storm"],"picked":"Self Repair","floor":6},{"not_picked":["Redo","Stack","Rip and Tear"],"picked":"SKIP","floor":8},{"not_picked":["Barrage","Sweeping Beam"],"picked":"Auto Shields","floor":10},{"not_picked":["Beam Cell","Barrage","Reboot"],"picked":"SKIP","floor":14},{"not_picked":["White Noise","Sweeping Beam"],"picked":"Go for the Eyes","floor":18},{"not_picked":["Hologram","Leap"],"picked":"Go for the Eyes","floor":22},{"not_picked":["Doom and Gloom","Loop"],"picked":"Go for the Eyes","floor":24},{"not_picked":["Coolheaded+1","Beam Cell","Lockon"],"picked":"SKIP","floor":30},{"not_picked":["Sweeping Beam","Leap","Heatsinks"],"picked":"SKIP","floor":35},{"not_picked":["Ball Lightning","Leap"],"picked":"Capacitor+1","floor":36},{"not_picked":["Hologram","Compile Driver+1"],"picked":"Conserve Battery+1","floor":39},{"not_picked":["Sunder","Compile Driver"],"picked":"Ball Lightning","floor":41},{"not_picked":["Conserve Battery+1","Turbo"],"picked":"Go for the Eyes","floor":44},{"not_picked":["Hologram+1","Darkness","Turbo"],"picked":"SKIP","floor":45},{"not_picked":["Undo+1","Meteor Strike","Doom and Gloom"],"picked":"SKIP","floor":46},{"not_picked":["Compile Driver+1","Redo"],"picked":"Loop","floor":47}],"player_experience":760953,"relics_obtained":[{"floor":6,"key":"Bronze Scales"},{"floor":8,"key":"Blue Candle"},{"floor":13,"key":"Dream Catcher"},{"floor":14,"key":"Centennial Puzzle"},{"floor":26,"key":"Juzu Bracelet"},{"floor":28,"key":"Bottled Flame"},{"floor":30,"key":"Eternal Feather"},{"floor":36,"key":"Old Coin"},{"floor":43,"key":"Vajra"},{"floor":45,"key":"War Paint"}],"event_choices":[{"damage_healed":0,"gold_gain":0,"player_choice":"Grow","damage_taken":0,"max_hp_gain":0,"max_hp_loss":0,"event_name":"Living Wall","floor":4,"gold_loss":0,"cards_upgraded":["Defragment"]},{"damage_healed":23,"gold_gain":0,"player_choice":"Banana","damage_taken":0,"max_hp_gain":0,"max_hp_loss":0,"event_name":"Big Fish","floor":5,"gold_loss":0},{"damage_healed":0,"gold_gain":175,"player_choice":"AGREE","damage_taken":0,"max_hp_gain":0,"max_hp_loss":0,"event_name":"Liars Game","floor":11,"gold_loss":0,"cards_obtained":["Doubt"]},{"damage_healed":0,"gold_gain":99,"player_choice":"Stole From Cult","damage_taken":0,"max_hp_gain":0,"max_hp_loss":0,"event_name":"Nest","floor":19,"gold_loss":0},{"damage_healed":0,"gold_gain":0,"player_choice":"Read","damage_taken":0,"max_hp_gain":0,"max_hp_loss":0,"event_name":"The Library","floor":20,"gold_loss":0,"cards_obtained":["Self Repair"]},{"damage_healed":0,"gold_gain":0,"player_choice":"Shed Blood","damage_taken":18,"max_hp_gain":5,"max_hp_loss":0,"event_name":"Forgotten Altar","floor":27,"gold_loss":0},{"damage_healed":0,"gold_gain":0,"player_choice":"Copied","damage_taken":0,"max_hp_gain":0,"max_hp_loss":0,"event_name":"Duplicator","floor":31,"gold_loss":0,"cards_obtained":["Defragment"]},{"damage_healed":0,"gold_gain":0,"player_choice":"Fight","damage_taken":0,"max_hp_gain":0,"max_hp_loss":0,"event_name":"MindBloom","floor":36,"gold_loss":0},{"damage_healed":0,"gold_gain":0,"player_choice":"Got Potions","damage_taken":0,"max_hp_gain":0,"max_hp_loss":0,"event_name":"Lab","floor":37,"gold_loss":0},{"damage_healed":0,"gold_gain":0,"player_choice":"Memory 1","damage_taken":0,"max_hp_gain":0,"max_hp_loss":0,"event_name":"SensoryStone","floor":38,"gold_loss":0}],"is_beta":false,"boss_relics":[{"not_picked":["Tiny House","Empty Cage"],"picked":"Velvet Choker"},{"not_picked":["Snecko Eye","Runic Dome"],"picked":"Coffee Dripper"}],"items_purged_floors":[],"is_endless":false,"potions_floor_spawned":[2,3,6,16,18,33,35,41,44,45],"killed_by":"Donu and Deca","ascension_level":14}}