{"host":"ly2k09o7mhu4m2ip","time":1612915382,"event":{"mods":["BaseMod","Colored Map","Colored Powertips","Downfall","Highlight Path","Minty Spire (QoL Compilation)","StSLib"],"gold_per_floor":[99,119,138,123,134,161,215,235,270,2,19,36,36,49,64,168,168,68,85,85,100,85,35,85,120,132,239,239,239,239],"floor_reached":28,"language":"ENG","playtime":2197,"items_purged":[],"score":277,"play_id":"0ef9c145-66ed-41f3-a643-bbb4ca023dae","local_time":"20210210010302","is_ascension_mode":false,"campfire_choices":[{"data":"champ:Strike","floor":1,"key":"SMITH"},{"floor":13,"key":"REST"},{"data":"champ:TripleStrike","floor":18,"key":"SMITH"}],"circlet_count":0,"master_deck":["champ:Strike+1","champ:Strike","champ:Strike","champ:Strike","champ:Defend","champ:Defend","champ:Defend","champ:Defend","champ:Execute","champ:Taunt","champ:CrownThrow","champ:StanceDance","champ:BladeFlurry","champ:FanOfKnives","champ:DeathBlow","champ:PreciseThrust","champ:Endure","champ:StanceDance","champ:TripleStrike+1","champ:StanceDance","champ:CalledShot","champ:Devastate","champ:StanceDance","champ:FlashCut","champ:Haymaker+1","champ:FocusedDefense+1","champ:ArenaPreparation","Swift Strike"],"relics":["champ:ChampionCrown","Smiling Mask","Anchor","PreservedInsect","White Beast Statue","Black Star","downfall:HeartBlessingGreen","Nilry\u0027s Codex","Nunchaku","Ornamental Fan","Ice Cream","Oddly Smooth Stone"],"acts_visited":["Exordium","TheCity"],"potions_floor_usage":[12,14,16,16,16,22,25,27,27],"damage_taken":[{"damage":11,"enemies":"Cultist","floor":2,"turns":3},{"damage":10,"enemies":"2 Louse","floor":3,"turns":3},{"damage":10,"enemies":"downfall:FleeingMerchant","floor":4,"turns":4},{"damage":10,"enemies":"Jaw Worm","floor":5,"turns":3},{"damage":82,"enemies":"Lagavulin","floor":6,"turns":7},{"damage":10,"enemies":"2 Fungi Beasts","floor":8,"turns":2},{"damage":19,"enemies":"Gremlin Nob","floor":9,"turns":4},{"damage":30,"enemies":"downfall:FleeingMerchant","floor":10,"turns":4},{"damage":0,"enemies":"Blue Slaver","floor":11,"turns":2},{"damage":17,"enemies":"Exordium Thugs","floor":12,"turns":3},{"damage":10,"enemies":"3 Louse","floor":14,"turns":1},{"damage":10,"enemies":"Lots of Slimes","floor":15,"turns":2},{"damage":34,"enemies":"IC_STATUS_ARCHETYPE","floor":16,"turns":6},{"damage":45,"enemies":"Shell Parasite","floor":19,"turns":4},{"damage":28,"enemies":"Snecko","floor":21,"turns":4},{"damage":30,"enemies":"downfall:FleeingMerchant","floor":22,"turns":4},{"damage":72,"enemies":"Book of Stabbing","floor":25,"turns":5},{"damage":29,"enemies":"Sentry and Sphere","floor":26,"turns":4},{"damage":31,"enemies":"downfall:FleeingMerchant","floor":27,"turns":4},{"damage":21,"enemies":"Centurion and Healer","floor":28,"turns":3}],"seed_played":"-2209368295116886788","potions_obtained":[{"floor":8,"key":"BlessingOfTheForge"},{"floor":9,"key":"hexamod:SoulburnPotion"},{"floor":11,"key":"BlessingOfTheForge"},{"floor":12,"key":"BlessingOfTheForge"},{"floor":14,"key":"sneckomod:MuddlingPotion"},{"floor":15,"key":"PowerPotion"},{"floor":16,"key":"champ:CounterPotion"},{"floor":19,"key":"Block Potion"},{"floor":21,"key":"Ancient Potion"},{"floor":22,"key":"SneckoOil"},{"floor":25,"key":"LiquidMemories"},{"floor":26,"key":"Regen Potion"},{"floor":27,"key":"SpeedPotion"}],"is_trial":false,"path_per_floor":["R","M","M","$","M","E","T","M","E","$","M","M","R","M","M","B",null,"R","M","?","M","$","?","T","E","M","$","M"],"character_chosen":"THE_CHAMP","items_purchased":["White Beast Statue","Swift Strike","Oddly Smooth Stone"],"campfire_rested":1,"item_purchase_floors":[10,27,27],"current_hp_per_floor":[99,98,98,98,98,51,51,51,32,32,32,25,54,54,54,30,99,99,69,53,45,45,80,80,33,24,15,0,0,0],"gold":239,"neow_bonus":"TEN_PERCENT_HP_BONUS","is_daily":false,"chose_seed":false,"campfire_upgraded":2,"win_rate":0.0,"timestamp":1612915382,"path_taken":["R","M","M","$","M","E","T","M","E","$","M","M","R","?","M","BOSS","R","M","?","M","$","?","T","E","M","?","M"],"items_purchased_type":["Relic","Card","Relic"],"build_version":"2020-12-22","purchased_purges":0,"victory":false,"max_hp_per_floor":[99,99,99,99,99,99,99,99,99,99,99,99,99,99,99,99,99,99,99,99,99,99,99,99,99,99,99,99,99,99],"card_choices":[{"not_picked":["champ:Circumvent","champ:SetATrap"],"picked":"champ:CrownThrow","floor":2},{"not_picked":["champ:Shatter","champ:FocusedDefense"],"picked":"champ:StanceDance","floor":3},{"not_picked":["champ:StanceDance","champ:TornadoPunch"],"picked":"champ:BladeFlurry","floor":4},{"not_picked":["champ:ShieldSlam","champ:DefensiveShout"],"picked":"champ:FanOfKnives","floor":5},{"not_picked":["champ:TornadoPunch","champ:FlashCut"],"picked":"champ:DeathBlow","floor":6},{"not_picked":["champ:Backstep","champ:Circumvent"],"picked":"champ:PreciseThrust","floor":8},{"not_picked":["champ:BerserkersShout","champ:DefensiveShout"],"picked":"champ:Endure","floor":9},{"not_picked":["champ:FanOfKnives","champ:Backstep"],"picked":"champ:StanceDance","floor":10},{"not_picked":["champ:BladeFlurry","champ:Shatter"],"picked":"champ:TripleStrike","floor":11},{"not_picked":["champ:PreciseThrust","champ:SetATrap"],"picked":"champ:StanceDance","floor":12},{"not_picked":["champ:BerserkersShout","champ:BladeFlurry","champ:Encircle"],"picked":"SKIP","floor":14},{"not_picked":["champ:FaceSlap","champ:LastStand"],"picked":"champ:CalledShot","floor":15},{"not_picked":["champ:HeavySlash","champ:GladiatorForm"],"picked":"champ:Devastate","floor":16},{"not_picked":["champ:RecklessLeap","champ:Circumvent","champ:Lariat+1"],"picked":"SKIP","floor":19},{"not_picked":["champ:EnGarde+1","champ:CrownThrow"],"picked":"champ:StanceDance","floor":21},{"not_picked":["champ:RapidStrikes","champ:Shatter"],"picked":"champ:FlashCut","floor":22},{"not_picked":["champ:IgnorePain","champ:HeartStrike"],"picked":"champ:Haymaker+1","floor":25},{"not_picked":["champ:CrookedStrike","champ:AdrenalArmor"],"picked":"champ:FocusedDefense+1","floor":26},{"not_picked":["champ:RecklessLeap","champ:CrookedStrike"],"picked":"champ:ArenaPreparation","floor":27}],"player_experience":242281,"relics_obtained":[{"floor":6,"key":"Smiling Mask"},{"floor":7,"key":"Anchor"},{"floor":9,"key":"PreservedInsect"},{"floor":20,"key":"Nilry\u0027s Codex"},{"floor":24,"key":"Nunchaku"},{"floor":25,"key":"Ornamental Fan"},{"floor":25,"key":"Ice Cream"}],"event_choices":[],"is_beta":false,"boss_relics":[{"not_picked":["Cursed Key","Calling Bell"],"picked":"Black Star"}],"items_purged_floors":[],"is_endless":false,"potions_floor_spawned":[8,9,11,12,14,15,16,19,21,22,25,26,27],"killed_by":"Centurion and Healer","ascension_level":0}}