{"host":"kh91mfnoze99ny0y","time":1612970215,"event":{"mods":["Act Like it!","BaseMod","Downfall","Gensokyo","KinomotoSakuraMod(Ä¾Ö®±¾Ó£)","Lobotomy","LobotomyExtend","Minty Spire (QoL Compilation)","StSLib","The Bug Knight","The Cursed"],"gold_per_floor":[116,116,116,41,41,74,74,74,74,74,74],"floor_reached":10,"language":"ZHS","playtime":351,"items_purged":["HollowMod:QuickDashStart"],"score":62,"play_id":"8045ba86-368c-4bd4-bd92-98abc0c58fe6","local_time":"20210210231655","is_ascension_mode":false,"campfire_choices":[{"floor":8,"key":"REST"}],"circlet_count":0,"master_deck":["HollowMod:NailStrikeStart","HollowMod:NailStrikeStart","HollowMod:NailStrikeStart","HollowMod:NailStrikeStart","HollowMod:QuickDashStart","HollowMod:QuickDashStart","HollowMod:QuickDashStart","HollowMod:FocusHealStart","HollowMod:PogoStrike","HollowMod:DoubleDash","MeatLantern"],"relics":["HollowMod:VesselMask","CogitoBucket","RabbitCall","LetterFromLob","HollowMod:MillibellesNoteRelic","Regal Pillow","Bottled Lightning"],"acts_visited":["Exordium"],"potions_floor_usage":[6,10],"damage_taken":[{"damage":1,"enemies":"Jaw Worm","floor":1,"turns":3},{"damage":48,"enemies":"Lagavulin","floor":6,"turns":9},{"damage":103,"enemies":"Gremlin Nob","floor":10,"turns":3}],"seed_played":"3759465536735934465","potions_obtained":[{"floor":1,"key":"SteroidPotion"},{"floor":6,"key":"Fire Potion"}],"is_trial":false,"path_per_floor":["M","?","T","$","?","E","?","R","T","E"],"character_chosen":"THE_BUGKNIGHT","items_purchased":[],"campfire_rested":1,"item_purchase_floors":[],"current_hp_per_floor":[74,74,74,74,74,38,38,75,75,0,0],"gold":74,"neow_bonus":"","is_daily":false,"chose_seed":false,"campfire_upgraded":0,"win_rate":0.0,"timestamp":1612970215,"path_taken":["M","?","?","?","?","E","?","R","T","E"],"items_purchased_type":[],"build_version":"2020-12-22","purchased_purges":1,"victory":false,"max_hp_per_floor":[75,75,75,75,75,75,75,75,75,75,75],"card_choices":[{"not_picked":["MeatLantern","Wellcheers"],"picked":"Murderer","floor":1},{"not_picked":["HollowMod:NewJinnsSoul","HollowMod:MothsMistake"],"picked":"HollowMod:DoubleDash","floor":1},{"not_picked":["CherryBlossoms","OldLady","ShyLook"],"picked":"Singing Bowl","floor":6},{"not_picked":["SpiderBud","QueenOfHatred"],"picked":"MeatLantern","floor":6},{"not_picked":["HollowMod:GoodIntentions","HollowMod:LifebloodCocoon","HollowMod:InfectedAttack"],"picked":"SKIP","floor":6}],"player_experience":169031,"relics_obtained":[{"floor":1,"key":"LetterFromLob"},{"floor":3,"key":"HollowMod:MillibellesNoteRelic"},{"floor":6,"key":"Regal Pillow"},{"floor":9,"key":"Bottled Lightning"}],"event_choices":[{"damage_healed":0,"gold_gain":0,"player_choice":"Ignored","damage_taken":0,"max_hp_gain":0,"max_hp_loss":0,"event_name":"Liars Game","floor":2,"gold_loss":0},{"damage_healed":0,"gold_gain":0,"player_choice":"Leave","damage_taken":0,"max_hp_gain":0,"max_hp_loss":0,"event_name":"The Cleric","floor":5,"gold_loss":0}],"is_beta":false,"boss_relics":[],"items_purged_floors":[4],"is_endless":false,"potions_floor_spawned":[1,6],"killed_by":"Gremlin Nob","ascension_level":0}}