{"host":"ig9h5mtrygw4gu9r","time":1612997783,"event":{"mods":["2.2 Compatiblity","AchievementEnabler","BaseMod","Bestiary","Infinite Spire","Minty Spire (QoL Compilation)","Relic Stats","Replay The Spire","StSLib","The Servant 0.9.4"],"gold_per_floor":[119,133,13,23,33,33,33,33],"floor_reached":7,"language":"ENG","playtime":592,"items_purged":[],"score":47,"play_id":"b7ede88b-ce37-4621-97bd-43127638e9f2","local_time":"20210210145623","is_ascension_mode":true,"campfire_choices":[{"data":"Replay:Bootleg Shield Generator","floor":6,"key":"SMITH"}],"circlet_count":0,"master_deck":["Strike_S","Strike_S","Strike_S","Strike_S","Defend_S","Defend_S","Defend_S","Defend_S","KidneyShot","Exchange","FloweringNight","Read","Hightail","ReplayUltimateDefense","Master of Strategy","Replay:Bootleg Shield Generator+1"],"relics":["Uniform","ReplayTheSpireMod:ShopPack"],"acts_visited":["Exordium"],"potions_floor_usage":[7],"damage_taken":[{"damage":0,"enemies":"2 Louse","floor":1,"turns":2},{"damage":4,"enemies":"Small Slimes","floor":2,"turns":5},{"damage":0,"enemies":"Jaw Worm","floor":4,"turns":10},{"damage":19,"enemies":"Exordium Wildlife","floor":5,"turns":6},{"damage":49,"enemies":"Gremlin Nob","floor":7,"turns":6}],"seed_played":"-1088046243802395424","potions_obtained":[{"floor":1,"key":"DistilledChaos"},{"floor":2,"key":"Explosive Potion"}],"is_trial":false,"path_per_floor":["M","M","$","M","M","R","E"],"character_chosen":"THE_SERVANT","items_purchased":["ReplayTheSpireMod:ShopPack"],"campfire_rested":0,"item_purchase_floors":[3],"current_hp_per_floor":[65,61,61,61,42,42,0,0],"gold":33,"neow_bonus":"ONE_RANDOM_RARE_CARD","is_daily":false,"chose_seed":false,"campfire_upgraded":1,"win_rate":0.0,"timestamp":1612997783,"path_taken":["M","M","$","M","M","R","E"],"items_purchased_type":["Relic"],"build_version":"2020-12-22","purchased_purges":0,"victory":false,"max_hp_per_floor":[65,65,65,65,65,65,65,65],"relic_stats":{"counters":[5,29],"obtain_stats":[{"Uniform":0,"ReplayTheSpireMod:ShopPack":3},{"Uniform":0,"ReplayTheSpireMod:ShopPack":2},{"Uniform":0,"ReplayTheSpireMod:ShopPack":7}]},"card_choices":[{"not_picked":["FastForward","Ricochet"],"picked":"Read","floor":1},{"not_picked":["ShatteredReality","Rearm"],"picked":"Hightail","floor":2},{"not_picked":["Crow Ritual","Magnetism"],"picked":"ReplayUltimateDefense","floor":3},{"not_picked":["Forethought","Replay:Parry"],"picked":"Master of Strategy","floor":3},{"not_picked":["Replay:Dark Deal","Good Instincts"],"picked":"Replay:Bootleg Shield Generator","floor":3},{"not_picked":["GearUp","Moonlight","TimeWarp"],"picked":"SKIP","floor":4},{"not_picked":["Rearm","Alleviate","Revamp"],"picked":"SKIP","floor":5}],"player_experience":397700,"relics_obtained":[],"event_choices":[],"is_beta":false,"boss_relics":[],"items_purged_floors":[],"is_endless":false,"potions_floor_spawned":[1,2],"killed_by":"Gremlin Nob","ascension_level":2}}