{"host":"shmk44587bh2ifwv","time":1612948651,"event":{"mods":["BaseMod","DeckTracker","Minty Spire (QoL Compilation)","StSLib"],"gold_per_floor":[116,132,132,150,161,193,158,177,177,177,177,204,18,34,34,136,136,154,154,154,154],"floor_reached":20,"language":"ENG","playtime":996,"items_purged":[],"score":212,"play_id":"d276d1c2-c258-4bad-b03b-146fcadb875f","local_time":"20210210091731","is_ascension_mode":true,"campfire_choices":[{"floor":11,"key":"REST"},{"floor":15,"key":"REST"}],"circlet_count":0,"master_deck":["Survivor","Neutralize","Dagger Throw","Catalyst","Deadly Poison","Noxious Fumes","Backstab","Quick Slash","Bane","Envenom","Poisoned Stab","Malaise","Calculated Gamble","Endless Agony","Acrobatics","Venomology","Footwork","Distraction","Poisoned Stab","Tools of the Trade","Well Laid Plans","Doppelganger","Deflect"],"relics":["Ring of the Snake","Art of War","Meat on the Bone","Regal Pillow","Pandora\u0027s Box","CaptainsWheel"],"acts_visited":["Exordium","TheCity"],"potions_floor_usage":[6,6,8,12,14,18],"damage_taken":[{"damage":2,"enemies":"Cultist","floor":1,"turns":5},{"damage":0,"enemies":"2 Louse","floor":2,"turns":4},{"damage":4,"enemies":"Small Slimes","floor":4,"turns":4},{"damage":12,"enemies":"3 Louse","floor":5,"turns":3},{"damage":9,"enemies":"Lagavulin","floor":6,"turns":5},{"damage":17,"enemies":"Exordium Thugs","floor":8,"turns":3},{"damage":37,"enemies":"Gremlin Nob","floor":12,"turns":5},{"damage":0,"enemies":"Gremlin Gang","floor":14,"turns":4},{"damage":64,"enemies":"Hexaghost","floor":16,"turns":9},{"damage":26,"enemies":"Spheric Guardian","floor":18,"turns":4},{"damage":6,"enemies":"Shell Parasite","floor":20,"turns":2}],"seed_played":"8124839044047268486","potions_obtained":[{"floor":4,"key":"Fire Potion"},{"floor":5,"key":"ColorlessPotion"},{"floor":6,"key":"Poison Potion"},{"floor":8,"key":"Block Potion"},{"floor":12,"key":"Block Potion"},{"floor":18,"key":"SpeedPotion"}],"is_trial":false,"path_per_floor":["M","M","?","M","M","E","?","M","T","?","R","E","$","M","R","B",null,"M","?","M"],"character_chosen":"THE_SILENT","items_purchased":["Bane","Envenom"],"campfire_rested":2,"item_purchase_floors":[13,13],"current_hp_per_floor":[75,75,60,56,44,35,54,37,37,37,60,35,35,47,77,25,77,51,51,45,45],"gold":154,"neow_bonus":"TEN_PERCENT_HP_BONUS","is_daily":false,"chose_seed":false,"campfire_upgraded":0,"win_rate":0.0,"timestamp":1612948651,"path_taken":["M","M","?","M","M","E","?","M","T","?","R","E","$","M","R","BOSS","M","?","M"],"items_purchased_type":["Card","Card"],"build_version":"2020-12-22","purchased_purges":0,"victory":false,"max_hp_per_floor":[77,77,77,77,77,77,77,77,77,77,77,77,77,77,77,77,77,77,77,77,77],"card_choices":[{"not_picked":["Bane","Eviscerate"],"picked":"Noxious Fumes","floor":1},{"not_picked":["Slice","Caltrops"],"picked":"Dagger Throw","floor":2},{"not_picked":["Accuracy","Flechettes"],"picked":"Catalyst","floor":4},{"not_picked":["Masterful Stab","Dagger Throw"],"picked":"Deadly Poison","floor":5},{"not_picked":["Backflip","Flying Knee"],"picked":"Noxious Fumes","floor":6},{"not_picked":["Venomology","Predator"],"picked":"Backstab","floor":8},{"not_picked":["Finisher","Outmaneuver"],"picked":"Quick Slash","floor":12},{"not_picked":["Blade Dance","Choke"],"picked":"Poisoned Stab","floor":14},{"not_picked":["Night Terror","After Image"],"picked":"Malaise","floor":16},{"not_picked":["Expertise","Flying Knee"],"picked":"Deflect","floor":18}],"player_experience":193379,"relics_obtained":[{"floor":6,"key":"Art of War"},{"floor":9,"key":"Meat on the Bone"},{"floor":12,"key":"Regal Pillow"}],"event_choices":[{"damage_healed":0,"gold_gain":0,"player_choice":"Entered Light","damage_taken":15,"max_hp_gain":0,"max_hp_loss":0,"event_name":"Shining Light","floor":3,"gold_loss":0,"cards_upgraded":["Strike_G","Defend_G"]},{"damage_healed":19,"gold_gain":0,"player_choice":"Healed","damage_taken":0,"max_hp_gain":0,"max_hp_loss":0,"event_name":"The Cleric","floor":7,"gold_loss":35},{"damage_healed":0,"gold_gain":0,"player_choice":"Searched \u00270\u0027 times","damage_taken":0,"max_hp_gain":0,"max_hp_loss":0,"event_name":"Dead Adventurer","floor":10,"gold_loss":0},{"cards_removed":["Noxious Fumes"],"damage_healed":0,"gold_gain":0,"player_choice":"Gave Card","damage_taken":0,"relics_obtained":["CaptainsWheel"],"max_hp_gain":0,"max_hp_loss":0,"event_name":"WeMeetAgain","floor":19,"gold_loss":0}],"is_beta":false,"boss_relics":[{"not_picked":["Philosopher\u0027s Stone","Snecko Eye"],"picked":"Pandora\u0027s Box"}],"items_purged_floors":[],"is_endless":false,"potions_floor_spawned":[4,5,6,8,12,18],"killed_by":"Shell Parasite","ascension_level":3}}