{"host":"gobyjzz6xbwq9f9i","time":1612927050,"event":{"mods":["AchievementEnabler","BaseMod","Bestiary","Colored Map","Minty Spire (QoL Compilation)","Relic Stats"],"gold_per_floor":[118,133,152,165,165,165,195,195,195,207,207,224,249,281,281,382,382,393,409,420,335,335,335,368,35,35,134,134,168,185,210,210,315,315,331,331,344,344,344],"floor_reached":38,"language":"ENG","playtime":1361,"items_purged":[],"score":674,"play_id":"b193aeb5-6db8-432c-82c2-b16bd25fb6c1","local_time":"20210209191730","is_ascension_mode":true,"campfire_choices":[{"data":"Defragment","floor":6,"key":"SMITH"},{"data":"Sweeping Beam","floor":8,"key":"SMITH"},{"data":"Defragment","floor":15,"key":"SMITH"},{"floor":23,"key":"REST"},{"floor":28,"key":"REST"},{"floor":32,"key":"REST"}],"circlet_count":0,"master_deck":["AscendersBane","Strike_B","Strike_B","Defend_B","Defend_B","Defend_B","Defend_B","Zap","Dualcast","Undo","Defragment+1","Rebound","Tempest","Sweeping Beam+1","Reinforced Body","Machine Learning","Static Discharge","Defragment+1","Rainbow","Redo+1","Compile Driver","Turbo","Steam Power","Self Repair","Multi-Cast","Biased Cognition","Go for the Eyes+1","Cold Snap+1"],"relics":["Cracked Core","Tiny Chest","Turnip","Calipers","Bag of Preparation","Mango","Inserter","PreservedInsect","Sundial","Anchor","Chemical X","Bottled Lightning","Lantern","Omamori","Runic Pyramid"],"acts_visited":["Exordium","TheCity","TheBeyond"],"potions_floor_usage":[7,24,29,38],"damage_taken":[{"damage":13,"enemies":"Small Slimes","floor":1,"turns":4},{"damage":2,"enemies":"Jaw Worm","floor":2,"turns":3},{"damage":0,"enemies":"Cultist","floor":3,"turns":3},{"damage":13,"enemies":"Blue Slaver","floor":4,"turns":3},{"damage":25,"enemies":"Gremlin Nob","floor":7,"turns":4},{"damage":9,"enemies":"Red Slaver","floor":10,"turns":3},{"damage":6,"enemies":"Looter","floor":12,"turns":4},{"damage":2,"enemies":"Lagavulin","floor":14,"turns":6},{"damage":19,"enemies":"Hexaghost","floor":16,"turns":9},{"damage":5,"enemies":"Spheric Guardian","floor":18,"turns":4},{"damage":42,"enemies":"3 Byrds","floor":19,"turns":4},{"damage":19,"enemies":"Snecko","floor":20,"turns":5},{"damage":27,"enemies":"Gremlin Leader","floor":24,"turns":4},{"damage":0,"enemies":"Book of Stabbing","floor":29,"turns":3},{"damage":24,"enemies":"Centurion and Healer","floor":30,"turns":7},{"damage":34,"enemies":"Champ","floor":33,"turns":10},{"damage":0,"enemies":"Orb Walker","floor":35,"turns":4},{"damage":9,"enemies":"3 Shapes","floor":37,"turns":5},{"damage":81,"enemies":"Transient","floor":38,"turns":5}],"seed_played":"-4470193384097350655","potions_obtained":[{"floor":2,"key":"SteroidPotion"},{"floor":7,"key":"PotionOfCapacity"},{"floor":14,"key":"Strength Potion"},{"floor":16,"key":"LiquidBronze"},{"floor":18,"key":"Weak Potion"},{"floor":29,"key":"Strength Potion"},{"floor":33,"key":"FocusPotion"}],"is_trial":false,"path_per_floor":["M","M","M","M","?","R","E","R","T","M","?","M","T","E","R","B",null,"M","M","M","?","?","R","E","$","T","?","R","E","M","T","R","B",null,"M","?","M","M"],"character_chosen":"DEFECT","items_purchased":["Anchor","Chemical X","Steam Power"],"campfire_rested":3,"item_purchase_floors":[25,25,25],"current_hp_per_floor":[55,53,53,40,65,65,40,40,40,31,31,25,25,37,37,18,71,66,24,5,5,5,31,4,4,4,4,30,30,13,13,39,12,70,77,77,75,0,0],"gold":344,"neow_bonus":"RANDOM_COMMON_RELIC","is_daily":false,"chose_seed":false,"campfire_upgraded":3,"win_rate":0.0,"timestamp":1612927050,"path_taken":["M","M","M","M","?","R","E","R","T","M","?","?","?","E","R","BOSS","M","M","M","?","?","R","E","$","T","?","R","E","M","?","R","BOSS","M","?","M","M"],"items_purchased_type":["Relic","Relic","Card"],"build_version":"2020-12-22","purchased_purges":0,"victory":false,"max_hp_per_floor":[75,75,75,75,75,75,75,75,75,75,75,75,75,89,89,89,89,89,89,89,89,89,89,89,89,89,89,89,89,89,89,89,89,89,89,89,89,89,89],"relic_stats":{"Inserter":[25],"counters":[19,90],"Sundial":[4],"Tiny Chest":2,"Turnip":[9],"PreservedInsect":92,"Bag of Preparation":[24],"Chemical X":[18],"obtain_stats":[{"Lantern":29,"Calipers":9,"Inserter":17,"Mango":14,"PreservedInsect":21,"Bag of Preparation":13,"Omamori":31,"Anchor":25,"Sundial":24,"Tiny Chest":0,"Turnip":7,"Chemical X":25,"Bottled Lightning":26,"Cracked Core":0,"Runic Pyramid":34},{"Lantern":14,"Calipers":5,"Inserter":9,"Mango":8,"PreservedInsect":12,"Bag of Preparation":7,"Omamori":15,"Anchor":13,"Sundial":13,"Tiny Chest":0,"Turnip":5,"Chemical X":13,"Bottled Lightning":13,"Cracked Core":0,"Runic Pyramid":16},{"Lantern":59,"Calipers":17,"Inserter":39,"Mango":30,"PreservedInsect":52,"Bag of Preparation":24,"Omamori":66,"Anchor":56,"Sundial":56,"Tiny Chest":0,"Turnip":17,"Chemical X":56,"Bottled Lightning":56,"Cracked Core":0,"Runic Pyramid":76}]},"card_choices":[{"not_picked":["Redo","Double Energy"],"picked":"Undo","floor":1},{"not_picked":["Double Energy","Beam Cell"],"picked":"Defragment","floor":2},{"not_picked":["Stack","Scrape"],"picked":"Rebound","floor":3},{"not_picked":["Aggregate","Steam"],"picked":"Tempest","floor":4},{"not_picked":["Hologram","Machine Learning"],"picked":"Sweeping Beam","floor":7},{"not_picked":["Compile Driver","Self Repair"],"picked":"Reinforced Body","floor":10},{"not_picked":["Turbo","Conserve Battery"],"picked":"Static Discharge","floor":12},{"not_picked":["Aggregate","Conserve Battery"],"picked":"Defragment","floor":14},{"not_picked":["Reboot","Core Surge"],"picked":"Rainbow","floor":16},{"not_picked":["Double Energy","Steam+1"],"picked":"Redo+1","floor":18},{"not_picked":["Storm","Ball Lightning"],"picked":"Compile Driver","floor":19},{"not_picked":["Fusion","Streamline+1"],"picked":"Turbo","floor":20},{"not_picked":["Beam Cell","Sweeping Beam","Compile Driver"],"picked":"SKIP","floor":24},{"not_picked":["White Noise+1","BootSequence"],"picked":"Self Repair","floor":29},{"not_picked":["Turbo","Chaos+1"],"picked":"Multi-Cast","floor":30},{"not_picked":["Buffer","Amplify"],"picked":"Biased Cognition","floor":33},{"not_picked":["Ball Lightning+1","Hello World+1"],"picked":"Go for the Eyes+1","floor":35},{"not_picked":["Conserve Battery","Hello World"],"picked":"Cold Snap+1","floor":37}],"player_experience":1321626,"relics_obtained":[{"floor":7,"key":"Turnip"},{"floor":9,"key":"Calipers"},{"floor":13,"key":"Bag of Preparation"},{"floor":14,"key":"Mango"},{"floor":24,"key":"Sundial"},{"floor":26,"key":"Bottled Lightning"},{"floor":29,"key":"Lantern"},{"floor":31,"key":"Omamori"}],"event_choices":[{"damage_healed":25,"gold_gain":0,"player_choice":"Banana","damage_taken":0,"max_hp_gain":0,"max_hp_loss":0,"event_name":"Big Fish","floor":5,"gold_loss":0},{"damage_healed":0,"gold_gain":0,"cards_transformed":["Strike_B"],"player_choice":"Transformed","damage_taken":0,"max_hp_gain":0,"max_hp_loss":0,"event_name":"Transmorgrifier","floor":11,"gold_loss":0,"cards_obtained":["Machine Learning"]},{"damage_healed":0,"gold_gain":0,"player_choice":"Obtained Relic","damage_taken":0,"relics_obtained":["PreservedInsect"],"max_hp_gain":0,"max_hp_loss":0,"event_name":"Addict","floor":21,"gold_loss":85},{"damage_healed":0,"gold_gain":0,"player_choice":"Ignored","damage_taken":0,"max_hp_gain":0,"max_hp_loss":0,"event_name":"Cursed Tome","floor":22,"gold_loss":0},{"damage_healed":0,"gold_gain":99,"player_choice":"Stole From Cult","damage_taken":0,"max_hp_gain":0,"max_hp_loss":0,"event_name":"Nest","floor":27,"gold_loss":0},{"cards_removed":["Strike_B"],"damage_healed":0,"gold_gain":0,"player_choice":"Removed Attack","damage_taken":0,"max_hp_gain":0,"max_hp_loss":0,"event_name":"Falling","floor":36,"gold_loss":0}],"is_beta":false,"boss_relics":[{"not_picked":["Astrolabe","Black Star"],"picked":"Inserter"},{"not_picked":["Tiny House","Sozu"],"picked":"Runic Pyramid"}],"items_purged_floors":[],"is_endless":false,"potions_floor_spawned":[2,7,14,16,18,29,33,37],"killed_by":"Transient","ascension_level":10}}