{"host":"vyjryxuuuxkt43k4","time":1612968881,"event":{"mods":["AchievementEnabler","BaseMod","Colored Map","DeckTracker","Keyboard Shortcuts","Minty Spire (QoL Compilation)","Permanent Neow","Quick Restart","StSLib","SuperFastMode","everything is the same but u backflip on backflip"],"gold_per_floor":[15,25,25,41,41,41,53,53,78,78,78,78,94,123,123,197,197,208,228,228,228,17,17,17,17,17,17,35,45,126,51,51,127,127,141,141,166,5,50,50,0,30,57,72,90,90,118,133,133,133,133,133,133,49,78,78],"floor_reached":57,"language":"KOR","playtime":4128,"items_purged":["Strike_G","Well Laid Plans+1"],"score":2612,"play_id":"d6bd38f5-d901-4d50-8d15-e31a8859f068","local_time":"20210210235441","is_ascension_mode":true,"campfire_choices":[{"data":"Masterful Stab","floor":6.0,"key":"SMITH"},{"data":"Predator","floor":8.0,"key":"SMITH"},{"data":"Neutralize","floor":10.0,"key":"SMITH"},{"data":"Poisoned Stab","floor":12.0,"key":"SMITH"},{"data":"Prepared","floor":15.0,"key":"SMITH"},{"data":"Tactician","floor":23.0,"key":"SMITH"},{"data":"Reflex","floor":25.0,"key":"SMITH"},{"data":"Flechettes","floor":27.0,"key":"SMITH"},{"data":"Well Laid Plans","floor":32.0,"key":"SMITH"},{"data":"Choke","floor":40.0,"key":"SMITH"},{"floor":49.0,"key":"RECALL"},{"data":"Acrobatics","floor":53.0,"key":"SMITH"}],"circlet_count":0,"master_deck":["AscendersBane","Defend_G","Defend_G","Defend_G","Defend_G","Survivor","Neutralize+1","Poisoned Stab+1","Deadly Poison","Masterful Stab+1","Prepared+1","Predator+1","Tactician+1","After Image","Acrobatics+1","Reflex+1","Flechettes+1","Venomology","Calculated Gamble","Choke+1","Tactician","Backflip+1","Prepared+1"],"relics":["Ring of the Snake","CaptainsWheel","Art of War","Bag of Preparation","Smiling Mask","HoveringKite","FaceOfCleric","Happy Flower","Shuriken","Runic Pyramid","Torii","Potion Belt","Du-Vu Doll","Peace Pipe","Toy Ornithopter","Mummified Hand"],"acts_visited":["Exordium","TheCity","TheBeyond","TheEnding"],"potions_floor_usage":[56,56,56,56,56],"damage_taken":[{"damage":0.0,"enemies":"2 Louse","floor":1.0,"turns":3.0},{"damage":0.0,"enemies":"Cultist","floor":2.0,"turns":4.0},{"damage":0.0,"enemies":"Jaw Worm","floor":4.0,"turns":4.0},{"damage":6.0,"enemies":"3 Louse","floor":7.0,"turns":3.0},{"damage":0.0,"enemies":"Blue Slaver","floor":13.0,"turns":3.0},{"damage":12.0,"enemies":"3 Sentries","floor":14.0,"turns":7.0},{"damage":0.0,"enemies":"The Guardian","floor":16.0,"turns":9.0},{"damage":0.0,"enemies":"Spheric Guardian","floor":18.0,"turns":5.0},{"damage":11.0,"enemies":"2 Thieves","floor":19.0,"turns":4.0},{"damage":0.0,"enemies":"Snecko","floor":28.0,"turns":4.0},{"damage":0.0,"enemies":"Centurion and Healer","floor":29.0,"turns":4.0},{"damage":18.0,"enemies":"Automaton","floor":33.0,"turns":5.0},{"damage":0.0,"enemies":"3 Darklings","floor":35.0,"turns":3.0},{"damage":0.0,"enemies":"Mind Bloom Boss Battle","floor":37.0,"turns":4.0},{"damage":2.0,"enemies":"2 Orb Walkers","floor":39.0,"turns":5.0},{"damage":11.0,"enemies":"Reptomancer","floor":42.0,"turns":4.0},{"damage":0.0,"enemies":"Orb Walker","floor":44.0,"turns":2.0},{"damage":0.0,"enemies":"Jaw Worm Horde","floor":45.0,"turns":3.0},{"damage":1.0,"enemies":"Giant Head","floor":47.0,"turns":5.0},{"damage":1.0,"enemies":"4 Shapes","floor":48.0,"turns":2.0},{"damage":12.0,"enemies":"Time Eater","floor":50.0,"turns":7.0},{"damage":2.0,"enemies":"Donu and Deca","floor":51.0,"turns":7.0},{"damage":16.0,"enemies":"Shield and Spear","floor":55.0,"turns":8.0},{"damage":69,"enemies":"The Heart","floor":56,"turns":8}],"seed_played":"-3335803126285280363","potions_obtained":[{"floor":7.0,"key":"SkillPotion"},{"floor":14.0,"key":"LiquidBronze"},{"floor":16.0,"key":"Strength Potion"},{"floor":18.0,"key":"CultistPotion"},{"floor":19.0,"key":"BlessingOfTheForge"},{"floor":29.0,"key":"Strength Potion"},{"floor":37.0,"key":"Weak Potion"},{"floor":42.0,"key":"DuplicationPotion"},{"floor":47.0,"key":"ColorlessPotion"},{"floor":48.0,"key":"GhostInAJar"},{"floor":55.0,"key":"Energy Potion"}],"is_trial":false,"path_per_floor":["M","M","?","M","?","R","M","R","T","R","T","R","M","E","R","B",null,"M","M","?","?","$","R","?","R","T","R","M","M","T","?","R","B",null,"M","?","?","$","?","R","$","E","T","M","M","?","E","M","R","B","B",null,"R","$","E","B",null],"character_chosen":"THE_SILENT","items_purchased":["Reflex","Flechettes","Potion Belt","GamblersBrew"],"campfire_rested":0,"item_purchase_floors":[22,22,38,54],"current_hp_per_floor":[59,59,59,59,59,59,53,53,53,53,53,53,53,41,41,41,60,60,49,49,49,49,49,49,49,49,49,50,51,51,51,51,34,60,61,61,62,62,61,61,61,51,51,52,53,53,53,63,63,62,66,73,73,73,65,34],"gold":78,"neow_bonus":"ONE_RARE_RELIC","is_daily":false,"chose_seed":false,"campfire_upgraded":11,"win_rate":0.0,"timestamp":1612968881,"path_taken":["M","M","?","M","?","R","?","R","T","R","?","R","M","E","R","BOSS","M","M","?","?","$","R","?","R","T","R","?","M","?","?","R","BOSS","M","?","?","$","?","R","$","E","T","M","M","?","E","M","R","BOSS","BOSS","R","$","E","BOSS"],"items_purchased_type":["Card","Card","Relic","Potion"],"build_version":"2020-12-22","purchased_purges":2,"victory":true,"max_hp_per_floor":[66,66,66,66,66,66,66,66,66,66,66,66,66,66,66,66,66,66,66,66,66,66,66,66,66,66,66,67,68,68,68,68,69,69,70,70,71,71,72,72,72,73,73,74,75,71,72,73,73,74,75,75,75,75,76,77],"card_choices":[{"not_picked":["Underhanded Strike","Backflip","Escape Plan"],"picked":"SKIP","floor":1.0},{"not_picked":["Eviscerate","Flechettes"],"picked":"Poisoned Stab","floor":2.0},{"not_picked":["Choke","Setup"],"picked":"Masterful Stab","floor":4.0},{"not_picked":["Prepared","Outmaneuver"],"picked":"Predator","floor":7.0},{"not_picked":["Deadly Poison","Acrobatics"],"picked":"Well Laid Plans","floor":13.0},{"not_picked":["Flying Knee","Outmaneuver"],"picked":"Tactician","floor":14.0},{"not_picked":["Night Terror","Doppelganger"],"picked":"After Image","floor":16.0},{"not_picked":["Outmaneuver","Finisher","Caltrops"],"picked":"SKIP","floor":18.0},{"not_picked":["Slice","Blade Dance"],"picked":"Acrobatics","floor":19.0},{"not_picked":["Skewer","Cloak And Dagger+1","Sucker Punch"],"picked":"SKIP","floor":28.0},{"not_picked":["Backstab","Skewer","Bouncing Flask"],"picked":"SKIP","floor":29.0},{"not_picked":["Unload","Doppelganger"],"picked":"Venomology","floor":33.0},{"not_picked":["Sucker Punch","Accuracy+1"],"picked":"Calculated Gamble","floor":35.0},{"not_picked":["Deadly Poison","Outmaneuver+1"],"picked":"Choke","floor":39.0},{"not_picked":["Storm of Steel","Blade Dance+1"],"picked":"Tactician","floor":42.0},{"not_picked":["Blur","Underhanded Strike"],"picked":"Backflip+1","floor":44.0},{"not_picked":["Dagger Throw","Quick Slash","Masterful Stab"],"picked":"SKIP","floor":45.0},{"not_picked":["Unload","Skewer"],"picked":"Prepared+1","floor":47.0},{"not_picked":["Dodge and Roll+1","Outmaneuver","Dagger Throw"],"picked":"SKIP","floor":48.0},{"not_picked":["Dodge and Roll","Dagger Spray","Poisoned Stab"],"picked":"SKIP","floor":55.0}],"player_experience":903832,"relics_obtained":[{"floor":9.0,"key":"Art of War"},{"floor":11.0,"key":"Bag of Preparation"},{"floor":14.0,"key":"Smiling Mask"},{"floor":26.0,"key":"Happy Flower"},{"floor":30.0,"key":"Shuriken"},{"floor":37.0,"key":"Torii"},{"floor":39.0,"key":"Du-Vu Doll"},{"floor":42.0,"key":"Peace Pipe"},{"floor":47.0,"key":"Toy Ornithopter"},{"floor":55.0,"key":"Mummified Hand"}],"event_choices":[{"damage_healed":0.0,"max_hp_gain":0.0,"max_hp_loss":0.0,"gold_gain":0.0,"cards_transformed":["Strike_G"],"event_name":"Living Wall","player_choice":"Change","floor":3.0,"gold_loss":0.0,"damage_taken":0.0,"cards_obtained":["Deadly Poison"]},{"damage_healed":0.0,"max_hp_gain":0.0,"max_hp_loss":0.0,"gold_gain":0.0,"cards_transformed":["Strike_G"],"event_name":"Transmorgrifier","player_choice":"Transformed","floor":5.0,"gold_loss":0.0,"damage_taken":0.0,"cards_obtained":["Prepared"]},{"damage_healed":0.0,"max_hp_gain":0.0,"max_hp_loss":0.0,"gold_gain":0.0,"event_name":"Vampires","player_choice":"Ignored","floor":20.0,"gold_loss":0.0,"damage_taken":0.0},{"cards_removed":["Strike_G"],"damage_healed":0.0,"max_hp_gain":0.0,"max_hp_loss":0.0,"gold_gain":0.0,"event_name":"Back to Basics","player_choice":"Elegance","floor":21.0,"gold_loss":0.0,"damage_taken":0.0},{"damage_healed":0.0,"max_hp_gain":0.0,"max_hp_loss":0.0,"gold_gain":0.0,"event_name":"FaceTrader","player_choice":"Trade","floor":24.0,"gold_loss":0.0,"damage_taken":0.0,"relics_obtained":["FaceOfCleric"]},{"cards_removed":["Strike_G"],"damage_healed":0.0,"max_hp_gain":0.0,"max_hp_loss":0.0,"gold_gain":0.0,"event_name":"Beggar","player_choice":"Gave Gold","floor":31.0,"gold_loss":75.0,"damage_taken":0.0},{"cards_removed":["Defend_G"],"damage_healed":0.0,"max_hp_gain":0.0,"max_hp_loss":0.0,"gold_gain":0.0,"event_name":"Falling","player_choice":"Removed Skill","floor":36.0,"gold_loss":0.0,"damage_taken":0.0},{"damage_healed":0.0,"max_hp_gain":0.0,"max_hp_loss":0.0,"gold_gain":0.0,"event_name":"MindBloom","player_choice":"Fight","floor":37.0,"gold_loss":0.0,"damage_taken":0.0},{"damage_healed":0.0,"max_hp_gain":0.0,"max_hp_loss":0.0,"gold_gain":0.0,"event_name":"Mysterious Sphere","player_choice":"Fight","floor":39.0,"gold_loss":0.0,"damage_taken":0.0},{"damage_healed":0.0,"max_hp_gain":0.0,"max_hp_loss":4.0,"gold_gain":0.0,"event_name":"Winding Halls","player_choice":"Max HP","floor":46.0,"gold_loss":0.0,"damage_taken":0.0}],"is_beta":false,"boss_relics":[{"not_picked":["Philosopher\u0027s Stone","Ectoplasm"],"picked":"HoveringKite"},{"not_picked":["Ring of the Serpent","Snecko Eye"],"picked":"Runic Pyramid"}],"items_purged_floors":[22,41],"is_endless":false,"potions_floor_spawned":[7,14,16,18,19,29,37,42,47,48,55],"ascension_level":20}}