{"host":"duylzcnusmuc481o","time":1612937723,"event":{"mods":["AchievementEnabler","Aspiration","Astrologer","BaseMod","BetterRewards","Colored Map","Colored Powertips","Downfall","Hero for Fun","Highlight Path","Hubris","Hunter ??","Infinite Spire","Jorbs\u0027s Wanderer Trilogy","Minty Spire (QoL Compilation)","Permanent Neow","Quick Restart","Replay The Spire","StSLib","The Animator","The Cursed","The Forsaken","The Hierophant","The Mystic","The Servant 0.9.4"],"gold_per_floor":[19,34,52,52,66,94,110,74,74,88,88,108,128,161,161,263,263,274,287,287,301,314,345,345,345,345,345,363,383,399,412,412,513,513,525,544,819,845,845,845,860,860,860,870,887,901,920,936,936,936],"floor_reached":51,"language":"ENG","playtime":850,"items_purged":[],"score":1193,"play_id":"f653db7c-6657-4090-9c4c-ea73c9944e48","local_time":"20210210001523","is_ascension_mode":false,"campfire_choices":[{"data":"Consecutive_Normal_Punch","floor":15,"key":"SMITH"},{"data":"Normal_Punch","floor":24,"key":"SMITH"},{"data":"Toss_Stone","floor":32,"key":"SMITH"},{"data":"Serious_Punch","floor":40,"key":"SMITH"},{"floor":49,"key":"RECALL"}],"circlet_count":0,"master_deck":["Strike_Y","Strike_Y","Strike_Y","Strike_Y","Strike_Y","Defend_Y","Defend_Y","Defend_Y","Defend_Y","Defend_Y","Normal_Punch","Toss_Stone+1","Slap","theForsaken:PlagueCurse","Ignore","Toss_Stone","Consecutive_Normal_Punch","Yawn","Yawn","Normal_Punch+1","Consecutive_Normal_Punch+1","Get_Hopes_Up","Consecutive_Normal_Punch","Serious_Side_Hops","Normal_Punch+1","Side_Hop","animator:Curse_Greed","Slap+1","Side_Hop+1","Slap","Decay","Serious_Punch+1","Wear_Disguise","Hop","Normal_Punch","Oh","Ignore","Slap+1","Regret","Slap","Pain","Slap","Toss_Stone","Wear_Disguise+1","Slap+1","Toss_Stone"],"relics":["Cape","aspiration:DSix","theForsaken:PlagueMask","Pen Nib","aspiration:SneckoTail","Coffee Dripper","Tiny Chest","Blue Candle","Honey Jar","aspiration:HiddenCompartment","WarpedTongs","hubris:BottledRain"],"acts_visited":["Exordium","TheCity","TheBeyond"],"potions_floor_usage":[],"damage_taken":[{"damage":0,"enemies":"Jaw Worm","floor":1,"turns":1},{"damage":0,"enemies":"Cultist","floor":2,"turns":1},{"damage":0,"enemies":"2 Louse","floor":3,"turns":1},{"damage":0,"enemies":"Blue Slaver","floor":5,"turns":1},{"damage":0,"enemies":"Replay:BlueRogue","floor":6,"turns":1},{"damage":0,"enemies":"Exordium Thugs","floor":7,"turns":1},{"damage":0,"enemies":"3 Louse","floor":10,"turns":2},{"damage":0,"enemies":"Gremlin Gang","floor":12,"turns":1},{"damage":0,"enemies":"Looter","floor":13,"turns":1},{"damage":0,"enemies":"Gremlin Nob","floor":14,"turns":1},{"damage":0,"enemies":"The Guardian","floor":16,"turns":1},{"damage":0,"enemies":"2 Thieves","floor":18,"turns":1},{"damage":0,"enemies":"Shell Parasite","floor":19,"turns":1},{"damage":0,"enemies":"Snecko","floor":21,"turns":1},{"damage":0,"enemies":"Snake Plant","floor":22,"turns":1},{"damage":0,"enemies":"Slavers","floor":23,"turns":2},{"damage":0,"enemies":"Centurion and Healer","floor":28,"turns":1},{"damage":0,"enemies":"Cultist and Chosen","floor":29,"turns":1},{"damage":0,"enemies":"3 Cultists","floor":30,"turns":1},{"damage":0,"enemies":"Snecko","floor":31,"turns":1},{"damage":0,"enemies":"Champ","floor":33,"turns":1},{"damage":0,"enemies":"3 Darklings","floor":35,"turns":1},{"damage":0,"enemies":"3 Shapes","floor":36,"turns":2},{"damage":0,"enemies":"Transient","floor":41,"turns":1},{"damage":0,"enemies":"Writhing Mass","floor":44,"turns":1},{"damage":0,"enemies":"Jaw Worm Horde","floor":45,"turns":2},{"damage":0,"enemies":"Maw","floor":46,"turns":1},{"damage":0,"enemies":"4 Shapes","floor":47,"turns":2},{"damage":0,"enemies":"Sphere and 2 Shapes","floor":48,"turns":1},{"damage":0,"enemies":"hubris:GrandSnecko","floor":50,"turns":1}],"seed_played":"3349218417067655580","potions_obtained":[{"floor":2,"key":"DuplicationPotion"},{"floor":3,"key":"Dexterity Potion"},{"floor":5,"key":"Regen Potion"},{"floor":7,"key":"champ:CounterPotion"},{"floor":10,"key":"Languid Potion"},{"floor":35,"key":"Flashbang"},{"floor":44,"key":"SkillPotion"},{"floor":46,"key":"Adrenaline Potion"}],"is_trial":false,"path_per_floor":["M","M","M","?","M","E","M","$","T","M","?","M","M","E","R","B",null,"M","M","?","M","M","E","R","?","T","?","M","M","M","M","R","B",null,"M","M","?","T","AVR","R","M","?","T","M","M","M","M","M","R_BF","B",null],"character_chosen":"OPM","items_purchased":["Yawn"],"campfire_rested":0,"item_purchase_floors":[8],"current_hp_per_floor":[999,999,999,999,999,999,999,999,999,999,999,999,999,999,999,999,999,999,999,999,999,999,999,999,999,999,999,999,999,999,999,999,999,999,999,999,999,999,999,999,999,999,999,999,999,999,999,999,999,999],"gold":936,"neow_bonus":"DSIX","is_daily":false,"chose_seed":false,"campfire_upgraded":4,"win_rate":0.0,"timestamp":1612937723,"path_taken":["M","M","M","?","M","E","M","?","T","M","?","?","M","E","R","BOSS","M","M","?","?","M","E","R","?","T","?","M","M","M","M","R","BOSS","M","M","?","?","AVR","R","?","?","T","M","M","M","?","M","R_BF","BOSS"],"items_purchased_type":["Card"],"build_version":"2020-12-22","purchased_purges":0,"victory":true,"max_hp_per_floor":[999,999,999,999,999,999,999,999,999,999,999,999,999,999,999,999,999,999,999,999,999,999,999,999,999,999,999,999,999,999,999,999,999,999,999,999,999,999,999,999,999,999,999,999,999,999,999,999,999,999],"card_choices":[{"not_picked":["Wear_Disguise","Slap"],"picked":"Normal_Punch","floor":1},{"not_picked":["Do_Nothing","Wear_Disguise"],"picked":"Toss_Stone","floor":2},{"not_picked":["Hop","Ignore"],"picked":"Slap","floor":3},{"not_picked":["Hop","Yawn"],"picked":"Ignore","floor":5},{"not_picked":["Ignore","Side_Hop"],"picked":"Toss_Stone","floor":6},{"not_picked":["Slap","Side_Hop"],"picked":"Consecutive_Normal_Punch","floor":7},{"not_picked":["Slap","Side_Hop"],"picked":"Normal_Punch","floor":10},{"not_picked":["Toss_Stone","Ignore"],"picked":"Consecutive_Normal_Punch","floor":12},{"not_picked":["Toss_Stone","Slap"],"picked":"Get_Hopes_Up","floor":13},{"not_picked":["Yawn","Normal_Punch"],"picked":"Consecutive_Normal_Punch","floor":14},{"not_picked":["Terrifying_Presence","Oh"],"picked":"Serious_Side_Hops","floor":16},{"not_picked":["Side_Hop","Ignore"],"picked":"Normal_Punch+1","floor":18},{"not_picked":["Toss_Stone","Wear_Disguise"],"picked":"Side_Hop","floor":19},{"not_picked":["Wear_Disguise","Side_Hop"],"picked":"Slap+1","floor":21},{"not_picked":["Ignore+1","Hop"],"picked":"Side_Hop+1","floor":22},{"not_picked":["Normal_Punch","Consecutive_Normal_Punch"],"picked":"Slap","floor":23},{"not_picked":["Side_Hop","Consecutive_Normal_Punch"],"picked":"Serious_Punch","floor":28},{"not_picked":["Side_Hop","Slap"],"picked":"Wear_Disguise","floor":29},{"not_picked":["Ignore+1","Side_Hop"],"picked":"Hop","floor":30},{"not_picked":["Side_Hop","Consecutive_Normal_Punch"],"picked":"Normal_Punch","floor":31},{"not_picked":["Get_Hopes_Up","Serious_Punch"],"picked":"Oh","floor":33},{"not_picked":["Yawn","Slap","Wear_Disguise"],"picked":"Ignore","floor":35},{"not_picked":["Do_Nothing+1","Side_Hop+1","Wear_Disguise+1"],"picked":"Slap+1","floor":36},{"not_picked":["Yawn","Hop+1","Normal_Punch"],"picked":"Slap","floor":41},{"not_picked":["Ignore","Get_Hopes_Up","Consecutive_Normal_Punch+1"],"picked":"Slap","floor":44},{"not_picked":["Consecutive_Normal_Punch+1","Normal_Punch+1","Hop+1"],"picked":"Toss_Stone","floor":45},{"not_picked":["Side_Hop+1","Consecutive_Normal_Punch","Ignore"],"picked":"Wear_Disguise+1","floor":46},{"not_picked":["Normal_Punch","Side_Hop+1","Ignore+1"],"picked":"Slap+1","floor":47},{"not_picked":["Side_Hop","Yawn+1","Slap"],"picked":"Toss_Stone","floor":48}],"player_experience":83194,"relics_obtained":[{"floor":6,"key":"Pen Nib"},{"floor":14,"key":"aspiration:SneckoTail"},{"floor":23,"key":"Tiny Chest"},{"floor":38,"key":"aspiration:HiddenCompartment"},{"floor":43,"key":"hubris:BottledRain"}],"event_choices":[{"damage_healed":0,"gold_gain":0,"player_choice":"Obtain Plague Curse","damage_taken":0,"max_hp_gain":0,"max_hp_loss":0,"event_name":"Plague Doctor","floor":4,"gold_loss":0,"cards_obtained":["theForsaken:PlagueCurse"]},{"damage_healed":0,"gold_gain":0,"player_choice":"Ignored","damage_taken":0,"max_hp_gain":0,"max_hp_loss":0,"event_name":"Transmorgrifier","floor":11,"gold_loss":0},{"damage_healed":0,"gold_gain":0,"player_choice":"1 cards matched","damage_taken":0,"max_hp_gain":0,"max_hp_loss":0,"event_name":"Match and Keep!","floor":20,"gold_loss":0,"cards_obtained":["animator:Curse_Greed"]},{"damage_healed":0,"gold_gain":0,"player_choice":"Smashed Altar","damage_taken":0,"max_hp_gain":0,"max_hp_loss":0,"event_name":"Forgotten Altar","floor":27,"gold_loss":0,"cards_obtained":["Decay"]},{"damage_healed":0,"gold_gain":275,"player_choice":"Desecrate","damage_taken":0,"max_hp_gain":0,"max_hp_loss":0,"event_name":"Golden Shrine","floor":37,"gold_loss":0,"cards_obtained":["Regret"]},{"damage_healed":0,"gold_gain":0,"player_choice":"Rummage","damage_taken":0,"relics_obtained":["WarpedTongs"],"max_hp_gain":0,"max_hp_loss":0,"event_name":"Accursed Blacksmith","floor":42,"gold_loss":0,"cards_obtained":["Pain"]}],"is_beta":false,"boss_relics":[{"not_picked":["Runic Pyramid","aspiration:RunicSpoon"],"picked":"Coffee Dripper"},{"not_picked":["Snecko Eye","aspiration:SecretTechniqueScroll"],"picked":"Honey Jar"}],"items_purged_floors":[],"is_endless":false,"potions_floor_spawned":[2,3,5,7,10,13,18,21,22,30,31,35,44,46],"ascension_level":0}}