{"host":"zsnmfqgcm92hlreo","time":1612918080,"event":{"mods":["AchievementEnabler","BaseMod","Bestiary","Block Reminder","Colored Map","Colored Powertips","Minty Spire (QoL Compilation)","Permanent Neow","Quick Restart","Relic Stats","StSLib","Weighted Paths"],"gold_per_floor":[116,126,137,156,169,204,204,230,256,268,233,250,277,288,288,288,288],"floor_reached":16,"language":"ENG","playtime":4476,"items_purged":[],"score":302,"play_id":"4e7e648e-2ec7-4731-9239-6a6c247d2e11","local_time":"20210209184800","is_ascension_mode":true,"campfire_choices":[{"floor":7,"key":"REST"},{"data":"Whirlwind","floor":15,"key":"SMITH"}],"circlet_count":0,"master_deck":["AscendersBane","Strike_R","Strike_R","Strike_R","Strike_R","Strike_R","Defend_R","Defend_R","Defend_R","Defend_R","Bash","Pommel Strike","Clothesline","Shrug It Off","Clash","Whirlwind+1","Impervious","Reaper","Armaments","Fiend Fire","Pummel"],"relics":["Velvet Choker","Tiny Chest","Ornamental Fan","PreservedInsect","Blood Vial"],"acts_visited":["Exordium"],"potions_floor_usage":[6,12,16,16],"damage_taken":[{"damage":7,"enemies":"Jaw Worm","floor":1,"turns":3},{"damage":7,"enemies":"Small Slimes","floor":2,"turns":3},{"damage":1,"enemies":"Cultist","floor":3,"turns":3},{"damage":2,"enemies":"3 Louse","floor":4,"turns":4},{"damage":4,"enemies":"Gremlin Gang","floor":5,"turns":4},{"damage":17,"enemies":"3 Sentries","floor":6,"turns":5},{"damage":27,"enemies":"Lagavulin","floor":8,"turns":6},{"damage":9,"enemies":"Blue Slaver","floor":10,"turns":5},{"damage":4,"enemies":"Red Slaver","floor":12,"turns":6},{"damage":0,"enemies":"3 Sentries","floor":13,"turns":4},{"damage":5,"enemies":"Exordium Wildlife","floor":14,"turns":3},{"damage":66,"enemies":"Hexaghost","floor":16,"turns":11}],"seed_played":"3946472892175057406","potions_obtained":[{"floor":2,"key":"Ancient Potion"},{"floor":3,"key":"Fire Potion"},{"floor":5,"key":"PowerPotion"},{"floor":6,"key":"SpeedPotion"},{"floor":12,"key":"Fruit Juice"},{"floor":14,"key":"Block Potion"}],"is_trial":false,"path_per_floor":["M","M","M","M","M","E","R","E","T","M","?","M","E","M","R","B"],"character_chosen":"IRONCLAD","items_purchased":[],"campfire_rested":1,"item_purchase_floors":[],"current_hp_per_floor":[61,54,53,51,47,30,52,25,25,16,34,39,54,55,55,0,0],"gold":288,"neow_bonus":"BOSS_RELIC","is_daily":false,"chose_seed":false,"campfire_upgraded":1,"win_rate":0.0,"timestamp":1612918080,"path_taken":["M","M","M","M","M","E","R","E","T","M","?","M","E","M","R","BOSS"],"items_purchased_type":[],"build_version":"2020-12-22","purchased_purges":0,"victory":false,"max_hp_per_floor":[75,75,75,75,75,75,75,75,75,75,75,80,80,80,80,80,80],"relic_stats":{"Blood Vial":4,"counters":[12,57],"Ornamental Fan":[20],"Tiny Chest":0,"PreservedInsect":33,"obtain_stats":[{"Blood Vial":13,"Ornamental Fan":8,"Velvet Choker":0,"Tiny Chest":6,"PreservedInsect":9,"Burning Blood":0},{"Blood Vial":10,"Ornamental Fan":7,"Velvet Choker":0,"Tiny Chest":6,"PreservedInsect":7,"Burning Blood":0},{"Blood Vial":43,"Ornamental Fan":28,"Velvet Choker":0,"Tiny Chest":22,"PreservedInsect":28,"Burning Blood":0}]},"card_choices":[{"not_picked":["Sword Boomerang","Flex"],"picked":"Pommel Strike","floor":1},{"not_picked":["Dropkick","True Grit"],"picked":"Clothesline","floor":2},{"not_picked":["Entrench","True Grit"],"picked":"Shrug It Off","floor":3},{"not_picked":["Shrug It Off","Perfected Strike"],"picked":"Clash","floor":4},{"not_picked":["Fire Breathing","Shockwave"],"picked":"Whirlwind","floor":5},{"not_picked":["Clash","Carnage"],"picked":"Impervious","floor":6},{"not_picked":["Rampage","Entrench"],"picked":"Reaper","floor":8},{"not_picked":["Thunderclap","Clothesline"],"picked":"Armaments","floor":10},{"not_picked":["Burning Pact","Wild Strike","Iron Wave"],"picked":"SKIP","floor":12},{"not_picked":["Shrug It Off","Carnage"],"picked":"Fiend Fire","floor":13},{"not_picked":["Iron Wave","Sword Boomerang"],"picked":"Pummel","floor":14}],"player_experience":1060733,"relics_obtained":[{"floor":6,"key":"Tiny Chest"},{"floor":8,"key":"Ornamental Fan"},{"floor":9,"key":"PreservedInsect"},{"floor":13,"key":"Blood Vial"}],"event_choices":[{"damage_healed":18,"gold_gain":0,"player_choice":"Healed","damage_taken":0,"max_hp_gain":0,"max_hp_loss":0,"event_name":"The Cleric","floor":11,"gold_loss":35}],"is_beta":false,"boss_relics":[],"items_purged_floors":[],"is_endless":false,"potions_floor_spawned":[2,3,5,6,10,12,14],"killed_by":"Hexaghost","ascension_level":20}}