{"host":"dmtlrev5pkc1867p","time":1612980188,"event":{"mods":["A Magickal Journey","AchievementEnabler","BaseMod","Colored Map","Colored Powertips","DeckTracker","Downfall","Hermit","Highlight Path","Infinite Spire","Marisa¡]Ãú«B¡@Å]²z¨F¡^","Minty Spire (QoL Compilation)","Permanent Neow","Quick Restart","Rare Cards Sparkle","Relic Sorter","Relic Stats","Replay The Spire","StSLib","SuperFastMode","The Construct","The Cursed","The Disciple","The Hierophant","The Necromancer","The Runesmith","The Servant 0.9.4"],"gold_per_floor":[99,99,99,99,84,102,102,118,43,61,161,171,199,213,113,218,218,229,247,247,247],"floor_reached":20,"language":"ZHS","playtime":1542,"items_purged":[],"score":199,"play_id":"b21dbe27-c204-414c-91d8-fe53c73b8c51","local_time":"20210211020308","is_ascension_mode":false,"campfire_choices":[{"floor":15.0,"key":"REST"}],"circlet_count":0,"master_deck":["Allegro","Allegro","Moderato","Moderato","Allegro","Allegro","Strike_Br","Strike_Br","Strike_Br+1","Defend_Br","Defend_Br","Defend_Br","Defend_Br","SecondHand","PatternShift","Recurrance","ExoVibe","BeatsPerMinute","BackFourSeconds+1","LockedPlans","RageCommand","LockedMercury","LockedMedicine","Backlash+1","Stagnate","LockedUrn","LockedFlame","Break","OracleForm","Echoward+1","LockedWhetstone"],"relics":["Chronometer","Snack Pack","downfall:HeartsMalice","downfall:GremlinWheel","Molten Egg 2","Gremlin Food","downfall:HeartBlessingGreen","Philosopher\u0027s Stone"],"acts_visited":["Exordium","TheCity"],"potions_floor_usage":[19],"damage_taken":[{"damage":0.0,"enemies":"Cultist","floor":1.0,"turns":1.0},{"damage":0.0,"enemies":"Jaw Worm","floor":2.0,"turns":1.0},{"damage":0.0,"enemies":"2 Louse","floor":3.0,"turns":1.0},{"damage":0.0,"enemies":"downfall:FleeingMerchant","floor":5.0,"turns":4.0},{"damage":15.0,"enemies":"2 Fungi Beasts","floor":6.0,"turns":6.0},{"damage":8.0,"enemies":"3 Louse","floor":8.0,"turns":3.0},{"damage":5.0,"enemies":"downfall:FleeingMerchant","floor":9.0,"turns":4.0},{"damage":18.0,"enemies":"Blue Slaver","floor":10.0,"turns":5.0},{"damage":15.0,"enemies":"Blue Slaver","floor":11.0,"turns":4.0},{"damage":11.0,"enemies":"Large Slime","floor":12.0,"turns":6.0},{"damage":15.0,"enemies":"Lagavulin","floor":13.0,"turns":7.0},{"damage":11.0,"enemies":"Blue Slaver","floor":14.0,"turns":6.0},{"damage":24.0,"enemies":"IC_STATUS_ARCHETYPE","floor":16.0,"turns":8.0},{"damage":33,"enemies":"Chosen","floor":18,"turns":6},{"damage":29,"enemies":"Chosen and Byrds","floor":19,"turns":6},{"damage":4,"enemies":"Shelled Parasite and Fungi","floor":20,"turns":2}],"seed_played":"7961230031152248409","potions_obtained":[{"floor":6.0,"key":"Adrenaline Potion"},{"floor":8.0,"key":"Adrenaline Potion"},{"floor":10.0,"key":"FearPotion"},{"floor":11.0,"key":"Fruit Juice"},{"floor":12.0,"key":"Fire Potion"},{"floor":13.0,"key":"Weak Potion"}],"is_trial":false,"path_per_floor":["M","M","M","?","$","M","T","M","$","M","?","M","E","M","R","B",null,"M","M","M"],"character_chosen":"CHRONO_CLASS","items_purchased":["Backlash+1"],"campfire_rested":1,"item_purchase_floors":[9],"current_hp_per_floor":[65,65,65,65,65,60,60,52,50,33,29,19,21,21,42,27,70,37,10,6,6],"gold":247,"neow_bonus":"THREE_ENEMY_KILL","is_daily":false,"chose_seed":false,"campfire_upgraded":0,"win_rate":0.0,"timestamp":1612980188,"path_taken":["M","M","M","?","$","M","T","M","$","M","?","M","E","M","R","BOSS","BOSS","M","M","M"],"items_purchased_type":["Card"],"build_version":"2020-12-22","purchased_purges":0,"victory":false,"max_hp_per_floor":[65,65,65,65,65,65,65,65,65,65,70,70,70,70,70,70,70,70,70,70,70],"relic_stats":{"counters":[16,67],"obtain_stats":[{"Gremlin Food":15,"downfall:GremlinWheel":11,"Chronometer":0,"downfall:HeartsMalice":0,"Molten Egg 2":13,"downfall:HeartBlessingGreen":15,"Philosopher\u0027s Stone":17,"Snack Pack":7},{"Gremlin Food":12,"downfall:GremlinWheel":9,"Chronometer":0,"downfall:HeartsMalice":0,"Molten Egg 2":11,"downfall:HeartBlessingGreen":12,"Philosopher\u0027s Stone":13,"Snack Pack":5},{"Gremlin Food":45,"downfall:GremlinWheel":26,"Chronometer":0,"downfall:HeartsMalice":0,"Molten Egg 2":39,"downfall:HeartBlessingGreen":45,"Philosopher\u0027s Stone":53,"Snack Pack":10}]},"card_choices":[{"not_picked":["VestedLegacy","LockedWarPaint"],"picked":"Recurrance","floor":1.0},{"not_picked":["LockedScales","LockedTurtyl"],"picked":"ExoVibe","floor":2.0},{"not_picked":["WindUp","HandsUpC"],"picked":"BeatsPerMinute","floor":3.0},{"not_picked":["AlternateTimeline","CrunchTime"],"picked":"LockedPlans","floor":5.0},{"not_picked":["Echoward","Recurrance"],"picked":"RageCommand","floor":6.0},{"not_picked":["LockedTurtyl","AlternateTimeline"],"picked":"LockedMercury","floor":8.0},{"not_picked":["ExoVibe","Tempo"],"picked":"LockedMedicine","floor":9.0},{"not_picked":["ShortSighted","LockedTurtyl"],"picked":"Stagnate","floor":10.0},{"not_picked":["ExoVibe","WakeUpCall"],"picked":"LockedUrn","floor":12.0},{"not_picked":["LockedScales","BiteCommand+1"],"picked":"LockedFlame","floor":13.0},{"not_picked":["LockedMercury","LockedScales"],"picked":"Break","floor":14.0},{"not_picked":["MasterKey","LockedCalendar"],"picked":"OracleForm","floor":16},{"not_picked":["BiteCommand+1","LockedMedicine+1"],"picked":"Echoward+1","floor":18},{"not_picked":["AlternateTimeline","Cuckoo"],"picked":"LockedWhetstone","floor":19}],"player_experience":687153,"relics_obtained":[{"floor":7.0,"key":"Snack Pack"},{"floor":11.0,"key":"downfall:GremlinWheel"},{"floor":13.0,"key":"Molten Egg 2"},{"floor":15.0,"key":"Gremlin Food"}],"event_choices":[{"damage_healed":0.0,"max_hp_gain":0.0,"max_hp_loss":0.0,"gold_gain":0.0,"event_name":"Wheel of Change","player_choice":"Relic","floor":15.0,"gold_loss":0.0,"damage_taken":0.0}],"is_beta":false,"boss_relics":[{"not_picked":["Replay:Bronze Core","Tiny House"],"picked":"Philosopher\u0027s Stone"}],"items_purged_floors":[],"is_endless":false,"potions_floor_spawned":[6,8,10,11,12,13],"killed_by":"Shelled Parasite and Fungi","ascension_level":0}}