{"host":"3a1ypf1irl30q4k8","time":1612970732,"event":{"mods":["AchievementEnabler","BaseMod","Bestiary","Colored Map","Minty Spire (QoL Compilation)","Relic Stats","ojb\u0027s Info Mod"],"gold_per_floor":[119,138,138,158,174,200,200,200,270,270,300,318,318,318,318,423,423,436,436,450,450,450],"floor_reached":21,"language":"ENG","playtime":822,"items_purged":[],"score":227,"play_id":"79a407ca-e4a1-407f-812d-868186cf4673","local_time":"20210210152532","is_ascension_mode":true,"campfire_choices":[{"floor":8.0,"key":"REST"},{"floor":10.0,"key":"REST"},{"data":"Backstab","floor":13.0,"key":"SMITH"},{"data":"Caltrops","floor":15.0,"key":"SMITH"}],"circlet_count":0,"master_deck":["Strike_G","Strike_G","Strike_G","Strike_G","Defend_G","Defend_G","Defend_G","Defend_G","Survivor","Neutralize","Poisoned Stab","Backstab+1","Flying Knee","Dagger Throw","Night Terror+1","Deflect","Caltrops+1","Adrenaline","CurseOfTheBell","Well Laid Plans+1"],"relics":["Empty Cage","Ginger","Bottled Lightning","MealTicket","Calling Bell","Tiny Chest","Shuriken","Torii","Nilry\u0027s Codex"],"acts_visited":["Exordium","TheCity"],"potions_floor_usage":[],"damage_taken":[{"damage":7.0,"enemies":"Small Slimes","floor":1.0,"turns":5.0},{"damage":0.0,"enemies":"2 Louse","floor":2.0,"turns":2.0},{"damage":0.0,"enemies":"Cultist","floor":4.0,"turns":3.0},{"damage":10.0,"enemies":"Large Slime","floor":5.0,"turns":8.0},{"damage":45.0,"enemies":"Lagavulin","floor":6.0,"turns":6.0},{"damage":6.0,"enemies":"Gremlin Nob","floor":11.0,"turns":3.0},{"damage":5.0,"enemies":"Exordium Wildlife","floor":12.0,"turns":3.0},{"damage":35.0,"enemies":"Hexaghost","floor":16.0,"turns":9.0},{"damage":33.0,"enemies":"2 Thieves","floor":18.0,"turns":3.0},{"damage":0,"enemies":"Spheric Guardian","floor":20,"turns":3},{"damage":26,"enemies":"Snake Plant","floor":21,"turns":3}],"seed_played":"-3889449776761930531","potions_obtained":[{"floor":6.0,"key":"CultistPotion"},{"floor":11.0,"key":"Dexterity Potion"},{"floor":12.0,"key":"Ancient Potion"},{"floor":16.0,"key":"SkillPotion"}],"is_trial":false,"path_per_floor":["M","M","?","M","M","E","?","R","T","R","E","M","R","?","R","B",null,"M","?","M","M"],"character_chosen":"THE_SILENT","items_purchased":[],"campfire_rested":2,"item_purchase_floors":[],"current_hp_per_floor":[63,63,63,63,53,8,8,29,29,50,44,39,39,39,39,4,70,37,21,21,0,0],"gold":450,"neow_bonus":"BOSS_RELIC","is_daily":false,"chose_seed":false,"campfire_upgraded":2,"win_rate":0.0,"timestamp":1612970732,"path_taken":["M","M","?","M","M","E","?","R","T","R","E","?","R","?","R","BOSS","M","?","M","M"],"items_purchased_type":[],"build_version":"2020-12-22","purchased_purges":0,"victory":false,"max_hp_per_floor":[70,70,70,70,70,70,70,70,70,70,70,70,70,70,70,70,70,70,70,70,70,70],"relic_stats":{"Torii":4,"counters":[11,48],"Shuriken":[4],"MealTicket":0,"Tiny Chest":0,"Ginger":[3],"obtain_stats":[{"Calling Bell":17,"Torii":17,"Shuriken":17,"Nilry\u0027s Codex":19,"MealTicket":11,"Tiny Chest":17,"Ginger":6,"Bottled Lightning":9,"Empty Cage":0,"Ring of the Snake":0},{"Calling Bell":8,"Torii":8,"Shuriken":8,"Nilry\u0027s Codex":9,"MealTicket":6,"Tiny Chest":8,"Ginger":5,"Bottled Lightning":5,"Empty Cage":0,"Ring of the Snake":0},{"Calling Bell":39,"Torii":39,"Shuriken":39,"Nilry\u0027s Codex":42,"MealTicket":27,"Tiny Chest":39,"Ginger":24,"Bottled Lightning":24,"Empty Cage":0,"Ring of the Snake":0}]},"card_choices":[{"not_picked":["Sucker Punch","Masterful Stab"],"picked":"Poisoned Stab","floor":1.0},{"not_picked":["PiercingWail","Acrobatics"],"picked":"Backstab","floor":2.0},{"not_picked":["Outmaneuver","Catalyst"],"picked":"Flying Knee","floor":4.0},{"not_picked":["Underhanded Strike","Flying Knee"],"picked":"Dagger Throw","floor":5.0},{"not_picked":["Unload","Concentrate"],"picked":"Night Terror","floor":6.0},{"not_picked":["Eviscerate","Deadly Poison"],"picked":"Deflect","floor":11.0},{"not_picked":["Quick Slash","Prepared"],"picked":"Caltrops","floor":12.0},{"not_picked":["Malaise","After Image"],"picked":"Adrenaline","floor":16.0},{"not_picked":["Dagger Spray","Deadly Poison"],"picked":"Well Laid Plans+1","floor":18},{"not_picked":["Expertise","Outmaneuver","Dagger Throw"],"picked":"SKIP","floor":20}],"player_experience":1384024,"relics_obtained":[{"floor":6.0,"key":"Ginger"},{"floor":9.0,"key":"Bottled Lightning"},{"floor":11.0,"key":"MealTicket"},{"floor":17.0,"key":"Tiny Chest"},{"floor":17.0,"key":"Shuriken"},{"floor":17.0,"key":"Torii"},{"floor":19,"key":"Nilry\u0027s Codex"}],"event_choices":[{"damage_healed":0.0,"max_hp_gain":0.0,"max_hp_loss":0.0,"gold_gain":0.0,"event_name":"Golden Idol","player_choice":"Ignored","floor":3.0,"gold_loss":0.0,"damage_taken":0.0},{"damage_healed":0.0,"max_hp_gain":0.0,"max_hp_loss":0.0,"gold_gain":0.0,"event_name":"Accursed Blacksmith","player_choice":"Forge","floor":7.0,"gold_loss":0.0,"damage_taken":0.0,"cards_upgraded":["Night Terror"]},{"damage_healed":0.0,"max_hp_gain":0.0,"max_hp_loss":0.0,"gold_gain":0.0,"event_name":"Shining Light","player_choice":"Ignored","floor":14.0,"gold_loss":0.0,"damage_taken":0.0},{"damage_healed":0,"gold_gain":0,"player_choice":"Obtained Book","damage_taken":16,"max_hp_gain":0,"max_hp_loss":0,"event_name":"Cursed Tome","floor":19,"gold_loss":0}],"is_beta":false,"boss_relics":[{"not_picked":["Coffee Dripper","Philosopher\u0027s Stone"],"picked":"Calling Bell"}],"items_purged_floors":[],"is_endless":false,"potions_floor_spawned":[6,11,12,16],"killed_by":"Snake Plant","ascension_level":4}}