{"host":"8d3fefv2347kqkpz","time":1612991885,"event":{"mods":["AchievementEnabler","Act Like it!","BaseMod","Better Vampires","Colored Map","Colored Powertips","Downfall","GifTheSpireLib","Highlight Path","Minty Spire (QoL Compilation)","Quick Restart","Rare Cards Sparkle","Relic Stats","Replay The Spire","Spicy Shops","StSLib","Waifu the Spire"],"gold_per_floor":[109,284,296,309,32,62,62,92,116,116,66,86,86,106,106,202,202,214,6,20,20,20,20,20,20],"floor_reached":24,"language":"ZHS","playtime":824,"items_purged":["Doubt","Strike_P","Strike_P","Defend_P"],"score":254,"play_id":"cb617d42-b078-48af-8c63-249e35810354","local_time":"20210211051805","is_ascension_mode":false,"campfire_choices":[{"floor":7.0,"key":"REST"},{"data":"FlyingSleeves","floor":10.0,"key":"SMITH"},{"data":"Eruption","floor":15.0,"key":"SMITH"},{"data":"Study","floor":23,"key":"SMITH"}],"circlet_count":0,"master_deck":["Strike_P","Strike_P","Defend_P","Defend_P","Defend_P","Eruption+1","Vigilance","Evaluate","Establishment","FlyingSleeves+1","Replay:LoomingThreat","Study+1","Meditate+1"],"relics":["PureWater","Smiling Mask","Bag of Preparation","Tiny Chest","Sozu","Eternal Feather"],"acts_visited":["Exordium","TheCity"],"potions_floor_usage":[24],"damage_taken":[{"damage":3.0,"enemies":"2 Louse","floor":1.0,"turns":4.0},{"damage":2.0,"enemies":"Small Slimes","floor":3.0,"turns":5.0},{"damage":3.0,"enemies":"Cultist","floor":4.0,"turns":6.0},{"damage":38.0,"enemies":"3 Sentries","floor":6.0,"turns":14.0},{"damage":10.0,"enemies":"Gremlin Nob","floor":8.0,"turns":3.0},{"damage":8.0,"enemies":"Exordium Wildlife","floor":12.0,"turns":6.0},{"damage":7.0,"enemies":"Looter","floor":14.0,"turns":3.0},{"damage":0.0,"enemies":"Slime Boss","floor":16.0,"turns":5.0},{"damage":9,"enemies":"Chosen","floor":18,"turns":6},{"damage":26,"enemies":"2 Thieves","floor":20,"turns":5},{"damage":60,"enemies":"Gremlin Leader","floor":24,"turns":8}],"seed_played":"884520183734898881","potions_obtained":[{"floor":3.0,"key":"PowerPotion"},{"floor":8.0,"key":"SteroidPotion"},{"floor":16.0,"key":"Weak Potion"}],"is_trial":false,"path_per_floor":["M","?","M","M","$","E","R","E","T","R","$","M","?","M","R","B",null,"M","$","M","?","T","R","E"],"character_chosen":"WATCHER","items_purchased":["Establishment","FlyingSleeves","Study"],"campfire_rested":1,"item_purchase_floors":[5,5,19],"current_hp_per_floor":[76,76,74,71,71,33,56,46,46,46,46,38,79,72,72,72,79,70,70,44,44,44,50,0,0],"gold":20,"neow_bonus":"TEN_PERCENT_HP_BONUS","is_daily":false,"chose_seed":false,"campfire_upgraded":3,"win_rate":0.0,"timestamp":1612991885,"path_taken":["M","?","M","M","$","E","R","E","T","R","$","M","?","M","R","BOSS","M","$","?","?","?","R","E"],"items_purchased_type":["Card","Card","Card"],"build_version":"2020-12-22","purchased_purges":4,"victory":false,"max_hp_per_floor":[79,79,79,79,79,79,79,79,79,79,79,79,79,79,79,79,79,79,79,79,79,79,79,79,79],"relic_stats":{"Sozu":1,"counters":[11,65],"Tiny Chest":1,"Eternal Feather":6,"Bag of Preparation":[12],"Smiling Mask":225,"obtain_stats":[{"Sozu":17,"Tiny Chest":9,"Eternal Feather":22,"Bag of Preparation":8,"PureWater":0,"Smiling Mask":6},{"Sozu":8,"Tiny Chest":5,"Eternal Feather":10,"Bag of Preparation":5,"PureWater":0,"Smiling Mask":4},{"Sozu":46,"Tiny Chest":32,"Eternal Feather":57,"Bag of Preparation":32,"PureWater":0,"Smiling Mask":29}]},"card_choices":[{"not_picked":["SashWhip","Replay:Anticipation","ClearTheMind"],"picked":"SKIP","floor":1.0},{"not_picked":["SashWhip","SignatureMove","JustLucky"],"picked":"SKIP","floor":3.0},{"not_picked":["FollowUp","Swivel"],"picked":"Evaluate","floor":4.0},{"not_picked":["BowlingBash","Swivel","JustLucky"],"picked":"SKIP","floor":6.0},{"not_picked":["InnerPeace","EmptyFist","Replay:ManipulateFuture"],"picked":"SKIP","floor":8.0},{"not_picked":["FollowUp","Study"],"picked":"MentalFortress","floor":12.0},{"not_picked":["Prostrate","ThirdEye","Replay:ManipulateFuture"],"picked":"SKIP","floor":14.0},{"not_picked":["Establishment","Alpha"],"picked":"Replay:LoomingThreat","floor":16.0},{"not_picked":["Consecrate","Replay:Cycle","CrushJoints"],"picked":"SKIP","floor":18},{"not_picked":["SandsOfTime","CutThroughFate"],"picked":"Meditate+1","floor":20}],"player_experience":343883,"relics_obtained":[{"floor":6.0,"key":"Smiling Mask"},{"floor":8.0,"key":"Bag of Preparation"},{"floor":9.0,"key":"Tiny Chest"},{"floor":22,"key":"Eternal Feather"}],"event_choices":[{"damage_healed":0.0,"max_hp_gain":0.0,"max_hp_loss":0.0,"gold_gain":175.0,"event_name":"Liars Game","player_choice":"AGREE","floor":2.0,"gold_loss":0.0,"damage_taken":0.0,"cards_obtained":["Doubt"]},{"cards_removed":["MentalFortress"],"damage_healed":41.0,"max_hp_gain":0.0,"max_hp_loss":0.0,"gold_gain":0.0,"event_name":"Bonfire Elementals","player_choice":"Offered Uncommon","floor":13.0,"gold_loss":0.0,"damage_taken":0.0},{"damage_healed":0,"gold_gain":0,"player_choice":"Ignored","damage_taken":0,"max_hp_gain":0,"max_hp_loss":0,"event_name":"The Mausoleum","floor":21,"gold_loss":0}],"is_beta":false,"boss_relics":[{"not_picked":["SlaversCollar","HolyWater"],"picked":"Sozu"}],"items_purged_floors":[5,11,19,19],"is_endless":false,"potions_floor_spawned":[3,8,12,16,18],"killed_by":"Gremlin Leader","ascension_level":0}}