{"host":"kaame4qwxxqnygv7","time":1612925843,"event":{"mods":["AchievementEnabler","BaseMod","Better Match","Better Skull","Better Third Choice","Block Reminder","DeckTracker","Energized Spire","GungeonMod","Minty Spire (QoL Compilation)","Quick Restart","Red Circlet Mod","StSLib","SuperFastMode","The Blue Laboratory"],"gold_per_floor":[134,134,19,51,101,101,101,132,132,186,361,84,138,237,237,237,237],"floor_reached":16,"language":"KOR","playtime":809,"items_purged":["Doubt"],"score":143,"play_id":"e5d93c9e-9432-42e1-843d-11f141ba7dc5","local_time":"20210210115723","is_ascension_mode":true,"campfire_choices":[{"floor":6.0,"key":"REST"},{"floor":15.0,"key":"REST"}],"circlet_count":0,"master_deck":["Strike_G","Strike_G","Strike_G","Defend_G","Defend_G","Defend_G","Defend_G","Defend_G","Survivor","Neutralize","HandOfGreed","Well Laid Plans","Blade Dance","Cloak And Dagger","Blade Dance","Cloak And Dagger","Footwork"],"relics":["Ring of the Snake","DemoMod:GnawedKey","DemoMod:WhiteGuonStone","Tiny Chest","Smiling Mask"],"acts_visited":["Exordium"],"potions_floor_usage":[16],"damage_taken":[{"damage":17.0,"enemies":"Jaw Worm","floor":1.0,"turns":10.0},{"damage":0.0,"enemies":"Cultist","floor":4.0,"turns":3.0},{"damage":5.0,"enemies":"Small Slimes","floor":5.0,"turns":5.0},{"damage":5.0,"enemies":"Blue Slaver","floor":8.0,"turns":4.0},{"damage":9.0,"enemies":"Exordium Thugs","floor":10.0,"turns":8.0},{"damage":26.0,"enemies":"Lagavulin","floor":13.0,"turns":9.0},{"damage":0.0,"enemies":"Lots of Slimes","floor":14.0,"turns":13.0},{"damage":40,"enemies":"Hexaghost","floor":16,"turns":15}],"seed_played":"-1775249992837034178","potions_obtained":[{"floor":4.0,"key":"DemoMod:LeadSkinPotion"},{"floor":14.0,"key":"DuplicationPotion"}],"is_trial":false,"path_per_floor":["M","?","$","M","M","R","?","M","T","M","?","$","E","M","R","B"],"character_chosen":"THE_SILENT","items_purchased":["DemoMod:GnawedKey","Tiny Chest","blueLaboratory:FruitPunch"],"campfire_rested":2,"item_purchase_floors":[3,12,12],"current_hp_per_floor":[46,46,46,46,41,59,59,54,54,45,45,45,21,21,40,0,0],"gold":237,"neow_bonus":"RANDOM_COLORLESS_2","is_daily":false,"chose_seed":false,"campfire_upgraded":0,"win_rate":0.0,"timestamp":1612925843,"path_taken":["M","?","$","M","?","R","?","M","T","M","?","?","E","?","R","BOSS"],"items_purchased_type":["Relic","Relic","Potion"],"build_version":"2020-12-22","purchased_purges":1,"victory":false,"max_hp_per_floor":[63,63,63,63,63,63,63,63,63,63,63,63,65,65,65,65,65],"card_choices":[{"not_picked":["Mayhem","DemoMod:Invincible"],"picked":"HandOfGreed","floor":0.0},{"not_picked":["Bouncing Flask","Riddle With Holes","Heel Hook"],"picked":"SKIP","floor":1.0},{"not_picked":["Catalyst","Deadly Poison"],"picked":"Blade Dance","floor":4.0},{"not_picked":["Dagger Spray","Bouncing Flask","Reflex"],"picked":"SKIP","floor":5.0},{"not_picked":["Noxious Fumes","Dagger Throw"],"picked":"Cloak And Dagger","floor":8.0},{"not_picked":["Dagger Spray","Caltrops"],"picked":"Blade Dance","floor":10.0},{"not_picked":["Underhanded Strike","Outmaneuver"],"picked":"Cloak And Dagger","floor":13.0},{"not_picked":["Quick Slash","Dodge and Roll"],"picked":"Footwork","floor":14.0}],"player_experience":265692,"relics_obtained":[{"floor":9.0,"key":"DemoMod:WhiteGuonStone"},{"floor":13.0,"key":"Smiling Mask"}],"event_choices":[{"damage_healed":0.0,"max_hp_gain":0.0,"max_hp_loss":0.0,"gold_gain":0.0,"cards_transformed":["Strike_G"],"event_name":"Transmorgrifier","player_choice":"Transformed","floor":2.0,"gold_loss":0.0,"damage_taken":0.0,"cards_obtained":["Well Laid Plans"]},{"cards_removed":["Strike_G"],"damage_healed":0.0,"max_hp_gain":0.0,"max_hp_loss":0.0,"gold_gain":0.0,"event_name":"Living Wall","player_choice":"Forget","floor":7.0,"gold_loss":0.0,"damage_taken":0.0},{"damage_healed":0.0,"max_hp_gain":0.0,"max_hp_loss":0.0,"gold_gain":175.0,"event_name":"betterThird:BetterSerpent","player_choice":"AGREE","floor":11.0,"gold_loss":0.0,"damage_taken":186.0}],"is_beta":false,"boss_relics":[],"items_purged_floors":[12],"is_endless":false,"potions_floor_spawned":[4,14],"killed_by":"Hexaghost","ascension_level":8}}