{"host":"3mt4w4o4jnuk8q1t","time":1612990250,"event":{"mods":["Act Like it!","BaseMod","Colored Map","Colored Powertips","Gensokyo","GungeonMod","Hermit","Jedi Mod","Marisa£¨ìFÓê¡¡Ä§ÀíÉ³£©","Minty Spire (QoL Compilation)","Red Circlet Mod","Reimu£¨²©ÀöÁéÃÎ£©","Remilia£¨ÀÙÃ×ÀòÑÇ£©","Replay The Spire","RumiaBox-Â¶Ã×æ«µÄÉñÃØºÐ×Ó","Shop Mod","Spicy Shops","StSLib","TestMod","The Jungle","Waifu the Spire","Yakumo Yukari mod","Youmu£¨»êÆÇÑýÃÎ£©","[IsaacMod]ÒÔÈö¼âËþ","¡¾¹¦ÄÜMod¡¿»ìãçÖ®»·ÐÞ¸´²¹¶¡","¡¾¹¦ÄÜMod¡¿´ÏÃ÷µÄ×îÖÕBoss"],"gold_per_floor":[109,125,135,135,135,135,164,164,164,164,171,27,41,41,41,139,139,458,558,558,569,230,258,258,258,258,258,258,268,281,297,313,313,513,513],"floor_reached":34,"language":"ZHS","playtime":3592,"items_purged":[],"score":276,"play_id":"02f8309c-fbaa-42c8-a649-dbf594e026f4","local_time":"20210211045050","is_ascension_mode":false,"campfire_choices":[{"data":"SpiderLilyBurial","floor":6.0,"key":"SMITH"},{"floor":15.0,"key":"RECALL"},{"data":"VoidnessSword","floor":24.0,"key":"SMITH"},{"data":"SlashOfAscensionToBuddhahood","floor":27.0,"key":"SMITH"},{"floor":33.0,"key":"REST"}],"circlet_count":0,"master_deck":["Strike_YM","Strike_YM","Strike_YM","Strike_YM","Defend_YM+1","Defend_YM+1","Defend_YM","Defend_YM","SlashOfPresentWorld","WheelOfPainOfLivingAndDead","EpicFetus","CrescentMoonSlash","CrescentMoonSlash","SanzenSekai","ObsessionSword","SpiderLilyBurial+1","Injury","Gensokyo:CrescentMoonSlash","CrescentMoonSlash","HiganSword","VoidnessSword+1","MatsuyoiReflectingSatelliteSlash+1","HellRealmSword+1","ReincarnationSword+1","SwordOfBindingDesires+1","Parasite","Poor:ReiMu","SuddenPhantomFormationSlashOfKarmicWind+1","SlashOfAscensionToBuddhahood+1","HiganSword+1","FiveSignsOfTheDyingDeva+1","TurningAngelCut"],"relics":["HalfPhantom","HushsDoor","testmod-TestBox","YumHeart","testmod-ConstraintPeriapt","Baka2","Hakurouken","DemoMod:LamentConfigurum","DemoMod:RingOfEthereal","Prayer Wheel","HornCleat","Astrolabe","testmod-BlackFramedGlasses","testmod-BalancedPeriapt","testmod-Laevatain","Orrery","testmod-OneHitWonder","Strawberry","UnicornStump","War Paint"],"acts_visited":["Exordium","Gensokyo:Gensokyo","Gensokyo:Gensokyoer"],"potions_floor_usage":[],"damage_taken":[{"damage":6.0,"enemies":"Gensokyo:2_Kodama","floor":1.0,"turns":3.0},{"damage":16.0,"enemies":"Gensokyo:Python","floor":2.0,"turns":3.0},{"damage":0.0,"enemies":"Gensokyo:3_Fairies","floor":3.0,"turns":2.0},{"damage":13.0,"enemies":"Gensokyo:Aya","floor":7.0,"turns":8.0},{"damage":3.0,"enemies":"Gensokyo:Gryphon_and_Rabbit","floor":11.0,"turns":2.0},{"damage":48.0,"enemies":"Gensokyo:Python_and_Kodama","floor":13.0,"turns":6.0},{"damage":12.0,"enemies":"Gensokyo:LivingMonolith","floor":14.0,"turns":2.0},{"damage":1.0,"enemies":"Gensokyo:Reimu","floor":16.0,"turns":5.0},{"damage":65.0,"enemies":"Gensokyo:CosmicMonolith","floor":18.0,"turns":5.0},{"damage":29.0,"enemies":"Gensokyo:Chomper","floor":21.0,"turns":4.0},{"damage":37.0,"enemies":"Gensokyo:Tenshi","floor":23.0,"turns":5.0},{"damage":0.0,"enemies":"DemoMod:Veteran_shot_gun_kin_and_bullet_kin","floor":28.0,"turns":2.0},{"damage":3.0,"enemies":"DemoMod:Red_and_blue_shotgun_kin","floor":29.0,"turns":2.0},{"damage":18.0,"enemies":"DemoMod:Red_and_blue_shotgun_kin_with_gunsinger","floor":30.0,"turns":2.0},{"damage":38.0,"enemies":"DemoMod:Veteran_shot_gun_kin_and_blue_shotgun_kin","floor":31.0,"turns":3.0},{"damage":27.0,"enemies":"DemoMod:Veteran_shot_gun_kin_and_red_shotgun_kin_with_gunsinger","floor":32.0,"turns":3.0},{"damage":113,"enemies":"DemoMod:ResourcefulRat","floor":34,"turns":6}],"seed_played":"3062036354335714567","potions_obtained":[{"floor":1.0,"key":"LiquidMemories"},{"floor":3.0,"key":"SmokeBomb"},{"floor":11.0,"key":"SteroidPotion"},{"floor":14.0,"key":"DemoMod:LeadSkinPotion"},{"floor":18.0,"key":"BlessingOfTheForge"},{"floor":23.0,"key":"ColorlessPotion"},{"floor":28.0,"key":"Fire Potion"},{"floor":30.0,"key":"SteroidPotion"},{"floor":31.0,"key":"Death Potion"}],"is_trial":false,"path_per_floor":["M","M","M","$","?","R","E","?","T","?","M","COS","M","M","R","B",null,"M","?","T","M","COS","E","R","$","T","R","M","M","M","M","M","R","B"],"character_chosen":"YOUMU","items_purchased":["Hakurouken","DemoMod:GnawedKey"],"campfire_rested":1,"item_purchase_floors":[4,4],"current_hp_per_floor":[76,82,82,82,82,82,69,69,69,57,54,54,82,82,82,81,82,82,82,82,55,55,23,23,23,81,81,81,81,64,54,31,55,0,0],"gold":513,"neow_bonus":"TEN_PERCENT_HP_BONUS","is_daily":false,"chose_seed":false,"campfire_upgraded":3,"win_rate":0.0,"timestamp":1612990250,"path_taken":["M","?","M","$","?","R","E","?","T","?","?","COS","M","M","R","BOSS","M","?","?","M","COS","E","R","$","T","R","M","M","M","M","M","R","BOSS"],"items_purchased_type":["Relic","Relic"],"build_version":"2020-12-22","purchased_purges":0,"victory":false,"max_hp_per_floor":[82,82,82,82,82,82,82,82,82,82,82,82,82,82,82,82,82,82,82,82,81,81,81,81,81,81,81,81,81,81,81,81,81,81,81],"card_choices":[{"not_picked":[],"picked":"EpicFetus","floor":0.0},{"not_picked":["FlashingScatteredFlowers","PhosphoricSlash","FourBirthsSword"],"picked":"SKIP","floor":1.0},{"not_picked":["SpiritCuttingSword","LowerRealmReflectionSlash"],"picked":"CrescentMoonSlash","floor":2.0},{"not_picked":["LifeCuttingSword","SlashOfMeditation"],"picked":"ObsessionSword","floor":5.0},{"not_picked":["TwoHundredYojanaInOneSlash","ThreeKonsSevenHakus"],"picked":"SpiderLilyBurial","floor":5.0},{"not_picked":["HumanKnowledgeSword","SpiritCuttingSword","TwoHundredYojanaInOneSlash"],"picked":"SKIP","floor":7.0},{"not_picked":["PhosphoricSlash","SpiritCuttingSword"],"picked":"CrescentMoonSlash","floor":11.0},{"not_picked":["DoubleWheelOfPain","LifeCuttingSword"],"picked":"LotusPostureSlash","floor":13.0},{"not_picked":["FourBirthsSword","ConstancyOfTheConventionalTruth"],"picked":"HiganSword","floor":13.0},{"not_picked":["LifeCuttingSword","LotusPostureSlash"],"picked":"LightFlashOfTheNetherworld","floor":14.0},{"not_picked":["TwoHundredYojanaInOneSlash","SwordOfBindingDesires","CherryBlossomFlashing"],"picked":"SKIP","floor":14.0},{"not_picked":["HellRealmSword","AsuraSword"],"picked":"VoidnessSword","floor":16.0},{"not_picked":["DispleasureOfTheSevenHakus","SpiritCuttingSword","HumanKnowledgeSword"],"picked":"SKIP","floor":18.0},{"not_picked":["FlashingScatteredFlowers","HumanKnowledgeSword","SlashOfMeditation"],"picked":"SKIP","floor":18.0},{"not_picked":["ThreeKonsSevenHakus","SwordExtraction"],"picked":"SwordOfBindingDesires+1","floor":19.0},{"not_picked":["PreachingAvici+1","DispleasureOfTheSevenHakus","TransmigrationSlash"],"picked":"SKIP","floor":21.0},{"not_picked":["TwoHundredYojanaInOneSlash+1","SwordOfBindingDesires","ThreeKonsSevenHakus+1"],"picked":"SKIP","floor":21.0},{"not_picked":["SlashOfDepartureFromHesitation+1","ThreeKonsSevenHakus"],"picked":"SuddenPhantomFormationSlashOfKarmicWind+1","floor":22.0},{"not_picked":["ThreeKonsSevenHakus","SlashOfDepartureFromHesitation+1"],"picked":"SlashOfAscensionToBuddhahood","floor":22.0},{"not_picked":["HellFireSword","HeavenSword","LowerRealmReflectionSlash"],"picked":"SKIP","floor":23.0},{"not_picked":["LowerRealmReflectionSlash+1","SwordExtraction+1","CherryBlossomFlashing"],"picked":"SKIP","floor":28.0},{"not_picked":["HumanKnowledgeSword","LifeCuttingSword","CrescentMoonSlash"],"picked":"SKIP","floor":28.0},{"not_picked":["FourBirthsSword+1","SpiritMediumsBind+1"],"picked":"HiganSword+1","floor":29.0},{"not_picked":["HumanKnowledgeSword+1","SwordExtraction+1","FlashingScatteredFlowers+1"],"picked":"SKIP","floor":29.0},{"not_picked":["SanzenSekai","AsTheSilentNirvana+1","TwoHundredYojanaInOneSlash"],"picked":"SKIP","floor":29.0},{"not_picked":["SlashOfMeditation+1","HeavenSword","ThoughtCuttingSword+1"],"picked":"SKIP","floor":29.0},{"not_picked":["ConstancyOfTheConventionalTruth","HumanKnowledgeSword","LowerRealmReflectionSlash"],"picked":"SKIP","floor":29.0},{"not_picked":["HeartExcerptSlash+1","DispleasureOfTheSevenHakus+1","LowerRealmReflectionSlash"],"picked":"SKIP","floor":29.0},{"not_picked":["LowerRealmReflectionSlash","GhostSword+1","ThreeKonsSevenHakus"],"picked":"SKIP","floor":30.0},{"not_picked":["SlashOfDelusionalInnerEye+1","SlashOfMeditation+1","TwoHundredYojanaInOneSlash"],"picked":"SKIP","floor":30.0},{"not_picked":["RapidSlash","FlashingScatteredFlowers"],"picked":"FiveSignsOfTheDyingDeva+1","floor":31.0},{"not_picked":["SpiritCuttingSword","EchoesOfTheInclemencyOfAllBeings+1","ConstancyOfTheConventionalTruth+1"],"picked":"SKIP","floor":31.0},{"not_picked":["PhosphoricSlash+1","PreachingAvici+1"],"picked":"TurningAngelCut","floor":32.0},{"not_picked":["CherryBlossomFlashing+1","SlashOfMeditation+1","SwordExtraction+1"],"picked":"SKIP","floor":32.0}],"player_experience":145376,"relics_obtained":[{"floor":1.0,"key":"Baka"},{"floor":2.0,"key":"Baka2"},{"floor":7.0,"key":"DemoMod:LamentConfigurum"},{"floor":20.0,"key":"testmod-BalancedPeriapt"},{"floor":23.0,"key":"testmod-OneHitWonder"}],"event_choices":[],"is_beta":false,"boss_relics":[{"not_picked":["Black Star","SacredBark"],"picked":"Astrolabe"},{"not_picked":[]}],"items_purged_floors":[],"is_endless":false,"potions_floor_spawned":[1,3,11,14,18,23,28,30,31],"killed_by":"DemoMod:ResourcefulRat","ascension_level":0}}