{"host":"rmsq46plbpwfbxcc","time":1612935314,"event":{"mods":["AchievementEnabler","BaseMod","Colored Map","Colored Powertips","DeckTracker","KOR Keyword Fix","Minty Spire (QoL Compilation)","Permanent Neow","Quick Restart","SuperFastMode"],"gold_per_floor":[111,121,136,61,61,61,93,93,93,118,118,118,147,147,147,220,220,236,236,246,161,161,161,191,191,191,91,117,156,175,175,175],"floor_reached":31,"language":"KOR","playtime":739,"items_purged":["Strike_G","Expertise"],"score":549,"play_id":"1a7c87ba-0950-4b8f-b4e9-1caff72251c5","local_time":"20210210143514","is_ascension_mode":true,"campfire_choices":[{"data":"Neutralize","floor":6.0,"key":"SMITH"},{"data":"Cloak And Dagger","floor":8.0,"key":"SMITH"},{"data":"Choke","floor":12.0,"key":"SMITH"},{"data":"Bullet Time","floor":15.0,"key":"SMITH"},{"data":"Accuracy","floor":23.0,"key":"SMITH"},{"data":"Phantasmal Killer","floor":25.0,"key":"SMITH"}],"circlet_count":0,"master_deck":["AscendersBane","Survivor","Neutralize+1","Blade Dance+1","Glass Knife+1","Skewer+1","Choke+1","Cloak And Dagger+1","Bullet Time+1","Phantasmal Killer+1","Infinite Blades","Expertise","Cloak And Dagger","Leg Sweep","Blur","Accuracy+1","Finisher","Blur","Acrobatics"],"relics":["Astrolabe","Calipers","Incense Burner","Singing Bowl","StrikeDummy","White Beast Statue","Pandora\u0027s Box","Juzu Bracelet","CeramicFish","Ice Cream","Torii"],"acts_visited":["Exordium","TheCity"],"potions_floor_usage":[31],"damage_taken":[{"damage":2.0,"enemies":"Jaw Worm","floor":1.0,"turns":2.0},{"damage":0.0,"enemies":"2 Louse","floor":2.0,"turns":2.0},{"damage":0.0,"enemies":"Cultist","floor":3.0,"turns":2.0},{"damage":4.0,"enemies":"3 Sentries","floor":7.0,"turns":5.0},{"damage":6.0,"enemies":"Gremlin Nob","floor":10.0,"turns":3.0},{"damage":9.0,"enemies":"3 Sentries","floor":13.0,"turns":4.0},{"damage":30.0,"enemies":"The Guardian","floor":16.0,"turns":13.0},{"damage":18.0,"enemies":"Shell Parasite","floor":18.0,"turns":5.0},{"damage":0.0,"enemies":"3 Byrds","floor":20.0,"turns":3.0},{"damage":3.0,"enemies":"Book of Stabbing","floor":24.0,"turns":3.0},{"damage":15.0,"enemies":"Centurion and Healer","floor":28.0,"turns":4.0},{"damage":7.0,"enemies":"Slavers","floor":29.0,"turns":5.0},{"damage":0.0,"enemies":"Snake Plant","floor":30.0,"turns":4.0},{"damage":13,"enemies":"Snecko","floor":31,"turns":2}],"seed_played":"-6699196453283773449","potions_obtained":[{"floor":2.0,"key":"Fire Potion"},{"floor":7.0,"key":"Weak Potion"},{"floor":16.0,"key":"SpeedPotion"},{"floor":18.0,"key":"LiquidBronze"},{"floor":20.0,"key":"Energy Potion"},{"floor":24.0,"key":"CultistPotion"},{"floor":28.0,"key":"CunningPotion"},{"floor":29.0,"key":"Strength Potion"},{"floor":30.0,"key":"Strength Potion"}],"is_trial":false,"path_per_floor":["M","M","M","$","?","R","E","R","T","E","?","R","E","?","R","B",null,"M","?","M","?","?","R","E","R","T","$","M","E","M","M"],"character_chosen":"THE_SILENT","items_purchased":[],"campfire_rested":0,"item_purchase_floors":[],"current_hp_per_floor":[57,57,57,57,50,50,46,46,46,42,42,42,33,33,33,3,52,34,34,34,34,34,34,33,33,33,33,18,11,13,0,0],"gold":175,"neow_bonus":"BOSS_RELIC","is_daily":false,"chose_seed":false,"campfire_upgraded":6,"win_rate":0.0,"timestamp":1612935314,"path_taken":["M","M","M","$","?","R","E","R","T","E","?","R","E","?","R","BOSS","M","?","M","?","?","R","E","R","T","$","M","E","M","M"],"items_purchased_type":[],"build_version":"2020-12-22","purchased_purges":2,"victory":false,"max_hp_per_floor":[66,66,66,66,66,66,66,66,66,68,68,68,68,68,68,68,68,68,68,68,68,68,68,70,70,70,70,70,70,72,72,72],"card_choices":[{"not_picked":["Deadly Poison","Prepared","Flying Knee"],"picked":"SKIP","floor":1.0},{"not_picked":["Prepared","Outmaneuver"],"picked":"Choke","floor":2.0},{"not_picked":["Riddle With Holes","Bane"],"picked":"Cloak And Dagger","floor":3.0},{"not_picked":["Deadly Poison","Caltrops","Cloak And Dagger"],"picked":"SKIP","floor":7.0},{"not_picked":["Riddle With Holes","Deflect","Quick Slash"],"picked":"Singing Bowl","floor":10.0},{"not_picked":["Choke","Outmaneuver"],"picked":"Bullet Time","floor":13.0},{"not_picked":["Adrenaline","Malaise"],"picked":"Phantasmal Killer","floor":16.0},{"not_picked":["Deflect","Acrobatics"],"picked":"Blur","floor":18.0},{"not_picked":["Riddle With Holes","Blade Dance"],"picked":"Finisher","floor":20.0},{"not_picked":["Poisoned Stab","Finisher","Dagger Throw"],"picked":"Singing Bowl","floor":24.0},{"not_picked":["Flying Knee","Slice"],"picked":"Blur","floor":28.0},{"not_picked":["Dash","Deadly Poison"],"picked":"Acrobatics","floor":29.0},{"not_picked":["Eviscerate","A Thousand Cuts","Setup"],"picked":"Singing Bowl","floor":30.0}],"player_experience":682853,"relics_obtained":[{"floor":7.0,"key":"Calipers"},{"floor":9.0,"key":"Incense Burner"},{"floor":10.0,"key":"Singing Bowl"},{"floor":13.0,"key":"StrikeDummy"},{"floor":24.0,"key":"CeramicFish"},{"floor":26.0,"key":"Ice Cream"},{"floor":29.0,"key":"Torii"}],"event_choices":[{"cards_removed":["Defend_G"],"damage_healed":0.0,"max_hp_gain":0.0,"max_hp_loss":0.0,"gold_gain":0.0,"event_name":"Golden Wing","player_choice":"Card Removal","floor":5.0,"gold_loss":0.0,"damage_taken":7.0},{"damage_healed":0.0,"max_hp_gain":0.0,"max_hp_loss":0.0,"gold_gain":0.0,"event_name":"Liars Game","player_choice":"Ignored","floor":11.0,"gold_loss":0.0,"damage_taken":0.0},{"damage_healed":0.0,"max_hp_gain":0.0,"max_hp_loss":0.0,"gold_gain":0.0,"event_name":"WeMeetAgain","player_choice":"Gave Potion","floor":14.0,"gold_loss":0.0,"damage_taken":0.0,"relics_obtained":["White Beast Statue"]},{"damage_healed":0.0,"max_hp_gain":0.0,"max_hp_loss":0.0,"gold_gain":0.0,"event_name":"The Library","player_choice":"Read","floor":19.0,"gold_loss":0.0,"damage_taken":0.0,"cards_obtained":["Accuracy"]},{"damage_healed":0.0,"max_hp_gain":0.0,"max_hp_loss":0.0,"gold_gain":0.0,"event_name":"Addict","player_choice":"Obtained Relic","floor":21.0,"gold_loss":85.0,"damage_taken":0.0,"relics_obtained":["Juzu Bracelet"]},{"damage_healed":0.0,"max_hp_gain":0.0,"max_hp_loss":0.0,"gold_gain":0.0,"event_name":"Ghosts","player_choice":"Ignored","floor":22.0,"gold_loss":0.0,"damage_taken":0.0}],"is_beta":false,"boss_relics":[{"not_picked":["Runic Pyramid","Snecko Eye"],"picked":"Pandora\u0027s Box"}],"items_purged_floors":[4,27],"is_endless":false,"potions_floor_spawned":[2,7,16,18,20,24,28,29,30],"killed_by":"Snecko","ascension_level":18}}