{"host":"7gewg82ormp6yt4e","time":1612953278,"event":{"mods":["BaseMod","Block Reminder","Colored Map","DeckTracker","Highlight Path","Minty Spire (QoL Compilation)","Relic Stats","StSLib","ojb\u0027s Info Mod"],"gold_per_floor":[110,110,127,127,188,188,215,233,233,260,260,276,276,287,287,361,361,379,52,67,117,92,92,121,121,146,180,230,230,280,339,339,427,427,437,377,1444,1471,967,967,982,1016,1016,47,47,143,143,157,157,157,157,157,157,32,65,65,65],"floor_reached":56,"language":"JPN","playtime":4550,"items_purged":["Normality","Normality","Defend_P"],"score":2013,"play_id":"e3940c1a-ca22-49e6-8d7c-840699e3984b","local_time":"20210210193438","is_ascension_mode":true,"campfire_choices":[{"data":"SandsOfTime","floor":6.0,"key":"SMITH"},{"data":"Alpha","floor":11.0,"key":"SMITH"},{"floor":13.0,"key":"DIG"},{"floor":15.0,"key":"DIG"},{"floor":23.0,"key":"DIG"},{"floor":25.0,"key":"DIG"},{"floor":29.0,"key":"REST"},{"floor":32.0,"key":"DIG"},{"floor":40.0,"key":"RECALL"},{"floor":45.0,"key":"REST"},{"floor":47.0,"key":"DIG"},{"floor":49.0,"key":"REST"},{"floor":53.0,"key":"DIG"}],"circlet_count":0,"master_deck":["AscendersBane","Defend_P+1","Defend_P","Defend_P","Eruption","Vigilance","FollowUp","SandsOfTime+1","EmptyMind","Alpha+1","Evaluate+1","Protect","ClearTheMind","DeusExMachina","Protect+1","FlyingSleeves","Halt","MasterReality","BattleHymn+1","DeusExMachina","SashWhip+1","Apotheosis","Fasting2+1","MentalFortress+1","ThirdEye+1","Evaluate+1","Dark Shackles+1","EmptyBody+1","DeceiveReality+1"],"relics":["PureWater","NeowsBlessing","SsserpentHead","Shovel","Dead Branch","Girya","Tiny Chest","Juzu Bracelet","Fusion Hammer","Lee\u0027s Waffle","Bag of Preparation","Nunchaku","WingedGreaves","Matryoshka","CeramicFish","Lantern","Frozen Egg 2","Darkstone Periapt","Bottled Flame","Sozu","ClockworkSouvenir","Regal Pillow","Toxic Egg 2","Incense Burner","Orrery","Anchor","Toy Ornithopter","Mummified Hand","Gremlin Horn","Pen Nib"],"acts_visited":["Exordium","TheCity","TheBeyond","TheEnding"],"potions_floor_usage":[],"damage_taken":[{"damage":0.0,"enemies":"2 Louse","floor":1.0,"turns":1.0},{"damage":0.0,"enemies":"Cultist","floor":3.0,"turns":1.0},{"damage":0.0,"enemies":"Small Slimes","floor":5.0,"turns":1.0},{"damage":8.0,"enemies":"Gremlin Nob","floor":7.0,"turns":3.0},{"damage":7.0,"enemies":"Gremlin Gang","floor":8.0,"turns":5.0},{"damage":9.0,"enemies":"Lagavulin","floor":10.0,"turns":5.0},{"damage":4.0,"enemies":"2 Fungi Beasts","floor":12.0,"turns":3.0},{"damage":6.0,"enemies":"Looter","floor":14.0,"turns":3.0},{"damage":6.0,"enemies":"Hexaghost","floor":16.0,"turns":8.0},{"damage":24.0,"enemies":"3 Byrds","floor":18.0,"turns":3.0},{"damage":24.0,"enemies":"Shell Parasite","floor":20.0,"turns":6.0},{"damage":3.0,"enemies":"Slavers","floor":24.0,"turns":3.0},{"damage":20.0,"enemies":"Book of Stabbing","floor":27.0,"turns":5.0},{"damage":12.0,"enemies":"Champ","floor":33.0,"turns":7.0},{"damage":0.0,"enemies":"Orb Walker","floor":35.0,"turns":4.0},{"damage":15.0,"enemies":"3 Darklings","floor":38.0,"turns":7.0},{"damage":0.0,"enemies":"Transient","floor":41.0,"turns":6.0},{"damage":54.0,"enemies":"Reptomancer","floor":42.0,"turns":5.0},{"damage":5.0,"enemies":"Maw","floor":48.0,"turns":5.0},{"damage":58.0,"enemies":"Time Eater","floor":50.0,"turns":11.0},{"damage":23.0,"enemies":"Awakened One","floor":51.0,"turns":8.0},{"damage":27.0,"enemies":"Shield and Spear","floor":55.0,"turns":5.0},{"damage":69,"enemies":"The Heart","floor":56,"turns":5}],"seed_played":"7736508166629497047","potions_obtained":[{"floor":2.0,"key":"Fire Potion"},{"floor":2.0,"key":"AttackPotion"},{"floor":10.0,"key":"Energy Potion"},{"floor":12.0,"key":"Swift Potion"},{"floor":16.0,"key":"Energy Potion"},{"floor":27.0,"key":"FairyPotion"}],"is_trial":false,"path_per_floor":["M","?","M","?","M","R","E","M","T","E","R","M","R","M","R","B",null,"M","$","M","?","?","R","E","R","T","E","?","R","T","?","R","B",null,"M","?","?","M","$","R","M","E","T","$","R","T","R","M","R","B","B",null,"R","$","E","B"],"character_chosen":"WATCHER","items_purchased":["Lee\u0027s Waffle","Bag of Preparation","Apotheosis","ClockworkSouvenir","Fasting2+1","Incense Burner","MentalFortress+1","ThirdEye+1","Evaluate+1","Dark Shackles+1","Orrery","Anchor"],"campfire_rested":3,"item_purchase_floors":[19,19,39,39,39,44,44,44,44,44,44,44],"current_hp_per_floor":[61,61,61,61,61,61,53,46,46,37,37,33,33,27,27,21,56,32,75,51,51,51,51,48,48,48,28,28,50,50,50,50,38,66,66,66,78,63,63,63,63,9,9,9,50,50,50,45,86,28,5,67,67,67,40,0,0],"gold":65,"neow_bonus":"THREE_ENEMY_KILL","is_daily":false,"chose_seed":false,"campfire_upgraded":2,"win_rate":0.0,"timestamp":1612953278,"path_taken":["M","?","?","?","?","R","E","M","T","E","R","M","R","M","R","BOSS","M","$","M","?","?","R","E","R","T","E","?","R","?","?","R","BOSS","M","?","?","M","$","R","M","E","T","$","R","?","R","M","R","BOSS","BOSS","R","$","E","BOSS"],"items_purchased_type":["Relic","Relic","Card","Relic","Card","Relic","Card","Card","Card","Card","Relic","Relic"],"build_version":"2020-12-22","purchased_purges":3,"victory":false,"max_hp_per_floor":[68,68,68,68,68,68,68,68,68,68,68,68,68,68,68,68,68,68,75,75,75,75,75,75,75,75,75,75,75,75,75,75,75,75,75,75,87,87,87,87,87,87,87,87,87,87,87,87,87,87,87,87,87,87,87,87,87],"relic_stats":{"Darkstone Periapt":12,"Lee\u0027s Waffle":43,"Regal Pillow":30,"Gremlin Horn":[1,1],"counters":[23,110],"Dead Branch":[241],"CeramicFish":117,"Pen Nib":[0],"Juzu Bracelet":1,"Bag of Preparation":[31],"Sozu":3,"SsserpentHead":450,"Nunchaku":[14],"Shovel":7,"Mummified Hand":[45],"Tiny Chest":2,"obtain_stats":[{"Darkstone Periapt":30,"Lantern":27,"Regal Pillow":42,"Gremlin Horn":53,"CeramicFish":26,"Juzu Bracelet":15,"Bag of Preparation":19,"Incense Burner":44,"ClockworkSouvenir":39,"Sozu":34,"SsserpentHead":4,"Nunchaku":23,"Shovel":7,"Matryoshka":25,"Mummified Hand":47,"Tiny Chest":13,"Fusion Hammer":17,"WingedGreaves":24,"Toxic Egg 2":43,"Girya":10,"Lee\u0027s Waffle":19,"NeowsBlessing":0,"Dead Branch":9,"Pen Nib":55,"Frozen Egg 2":30,"Bottled Flame":32,"Anchor":44,"Orrery":44,"PureWater":0,"Toy Ornithopter":46},{"Darkstone Periapt":13,"Lantern":13,"Regal Pillow":18,"Gremlin Horn":21,"CeramicFish":12,"Juzu Bracelet":8,"Bag of Preparation":10,"Incense Burner":18,"ClockworkSouvenir":16,"Sozu":14,"SsserpentHead":2,"Nunchaku":11,"Shovel":4,"Matryoshka":12,"Mummified Hand":18,"Tiny Chest":7,"Fusion Hammer":9,"WingedGreaves":12,"Toxic Egg 2":18,"Girya":6,"Lee\u0027s Waffle":10,"NeowsBlessing":0,"Dead Branch":5,"Pen Nib":22,"Frozen Egg 2":13,"Bottled Flame":13,"Anchor":18,"Orrery":18,"PureWater":0,"Toy Ornithopter":18},{"Darkstone Periapt":47,"Lantern":47,"Regal Pillow":76,"Gremlin Horn":100,"CeramicFish":42,"Juzu Bracelet":22,"Bag of Preparation":33,"Incense Burner":76,"ClockworkSouvenir":65,"Sozu":54,"SsserpentHead":2,"Nunchaku":39,"Shovel":6,"Matryoshka":42,"Mummified Hand":76,"Tiny Chest":19,"Fusion Hammer":30,"WingedGreaves":42,"Toxic Egg 2":76,"Girya":16,"Lee\u0027s Waffle":33,"NeowsBlessing":0,"Dead Branch":11,"Pen Nib":105,"Frozen Egg 2":47,"Bottled Flame":47,"Anchor":76,"Orrery":76,"PureWater":0,"Toy Ornithopter":76}],"Toy Ornithopter":0},"card_choices":[{"not_picked":["CutThroughFate","FlyingSleeves"],"picked":"FollowUp","floor":1.0},{"not_picked":["ClearTheMind","Meditate"],"picked":"SandsOfTime","floor":3.0},{"not_picked":["Protect","FlurryOfBlows"],"picked":"EmptyMind","floor":5.0},{"not_picked":["Wireheading","Crescendo"],"picked":"Alpha","floor":7.0},{"not_picked":["BowlingBash","SashWhip"],"picked":"Evaluate","floor":8.0},{"not_picked":["WindmillStrike","Devotion","PathToVictory"],"picked":"SKIP","floor":10.0},{"not_picked":["SandsOfTime","Prostrate"],"picked":"Protect","floor":12.0},{"not_picked":["SandsOfTime","Worship"],"picked":"ClearTheMind","floor":14.0},{"not_picked":["Establishment","ConjureBlade"],"picked":"DeusExMachina","floor":16.0},{"not_picked":["Prostrate","Nirvana","CutThroughFate"],"picked":"SKIP","floor":18.0},{"not_picked":["Crescendo","Consecrate"],"picked":"Protect+1","floor":20.0},{"not_picked":["Consecrate","CutThroughFate"],"picked":"MasterReality","floor":24.0},{"not_picked":["BattleHymn","EmptyFist","ThirdEye"],"picked":"SKIP","floor":27.0},{"not_picked":["Judgement","Devotion+1"],"picked":"DeusExMachina","floor":33.0},{"not_picked":["CutThroughFate","FollowUp+1","Nirvana+1"],"picked":"SKIP","floor":35.0},{"not_picked":["FollowUp+1","Adaptation+1"],"picked":"SashWhip+1","floor":38.0},{"not_picked":["Prostrate","EmptyFist+1","ForeignInfluence"],"picked":"SKIP","floor":41.0},{"not_picked":["BowlingBash","FollowUp","EmptyMind"],"picked":"SKIP","floor":42.0},{"not_picked":["CutThroughFate","Fasting2+1"],"picked":"EmptyBody+1","floor":44.0},{"not_picked":["Protect+1","CrushJoints"],"picked":"DeceiveReality+1","floor":44.0},{"not_picked":["SashWhip","JustLucky+1","SignatureMove"],"picked":"SKIP","floor":48.0},{"not_picked":["Consecrate","BowlingBash+1","WheelKick"],"picked":"SKIP","floor":55.0}],"player_experience":2813887,"relics_obtained":[{"floor":7.0,"key":"Shovel"},{"floor":9.0,"key":"Dead Branch"},{"floor":10.0,"key":"Girya"},{"floor":13.0,"key":"Tiny Chest"},{"floor":15.0,"key":"Juzu Bracelet"},{"floor":23.0,"key":"Nunchaku"},{"floor":24.0,"key":"WingedGreaves"},{"floor":25.0,"key":"Matryoshka"},{"floor":26.0,"key":"CeramicFish"},{"floor":27.0,"key":"Lantern"},{"floor":30.0,"key":"Frozen Egg 2"},{"floor":30.0,"key":"Darkstone Periapt"},{"floor":32.0,"key":"Bottled Flame"},{"floor":42.0,"key":"Regal Pillow"},{"floor":43.0,"key":"Toxic Egg 2"},{"floor":46.0,"key":"Toy Ornithopter"},{"floor":47.0,"key":"Mummified Hand"},{"floor":53.0,"key":"Gremlin Horn"},{"floor":55.0,"key":"Pen Nib"}],"event_choices":[{"damage_healed":0.0,"max_hp_gain":0.0,"max_hp_loss":0.0,"gold_gain":0.0,"event_name":"Lab","player_choice":"Got Potions","floor":2.0,"gold_loss":0.0,"damage_taken":0.0},{"damage_healed":0.0,"max_hp_gain":0.0,"max_hp_loss":0.0,"gold_gain":0.0,"event_name":"FaceTrader","player_choice":"Trade","floor":4.0,"gold_loss":0.0,"damage_taken":0.0,"relics_obtained":["SsserpentHead"]},{"damage_healed":0.0,"max_hp_gain":0.0,"max_hp_loss":0.0,"gold_gain":0.0,"cards_transformed":["Strike_P","Strike_P"],"event_name":"Drug Dealer","player_choice":"Became Test Subject","floor":21.0,"gold_loss":0.0,"damage_taken":0.0,"cards_obtained":["FlyingSleeves","Halt"]},{"cards_removed":["Strike_P"],"damage_healed":0.0,"max_hp_gain":0.0,"max_hp_loss":0.0,"gold_gain":0.0,"event_name":"Beggar","player_choice":"Gave Gold","floor":22.0,"gold_loss":75.0,"damage_taken":0.0},{"damage_healed":0.0,"max_hp_gain":0.0,"max_hp_loss":0.0,"gold_gain":0.0,"event_name":"Upgrade Shrine","player_choice":"Upgraded","floor":28.0,"gold_loss":0.0,"damage_taken":0.0,"cards_upgraded":["Evaluate"]},{"damage_healed":0.0,"max_hp_gain":0.0,"max_hp_loss":0.0,"gold_gain":0.0,"event_name":"The Library","player_choice":"Read","floor":31.0,"gold_loss":0.0,"damage_taken":0.0,"cards_obtained":["BattleHymn"]},{"cards_removed":["Strike_P"],"damage_healed":0.0,"max_hp_gain":0.0,"max_hp_loss":0.0,"gold_gain":0.0,"event_name":"Designer","player_choice":"Upgrade and Remove","floor":36.0,"gold_loss":110.0,"damage_taken":0.0,"cards_upgraded":["Defend_P"]},{"damage_healed":0.0,"max_hp_gain":0.0,"max_hp_loss":0.0,"gold_gain":999.0,"event_name":"MindBloom","player_choice":"Gold","floor":37.0,"gold_loss":0.0,"damage_taken":0.0,"cards_obtained":["Normality","Normality"]}],"is_beta":false,"boss_relics":[{"not_picked":["Ectoplasm","Coffee Dripper"],"picked":"Fusion Hammer"},{"not_picked":["Busted Crown","Runic Pyramid"],"picked":"Sozu"}],"items_purged_floors":[39,44,54],"is_endless":false,"potions_floor_spawned":[10,12,16,18,27,35,38,48],"killed_by":"The Heart","ascension_level":20}}