{"host":"sup1rd0ujr5jgopq","time":1612952496,"event":{"mods":["BaseMod","Colored Map","Minty Spire (QoL Compilation)","StSLib"],"gold_per_floor":[114,134,134,149,51,51,67,98,98,173,173,192,218,235,235,336,336,346,359,359,104,104,133,151,151,205,231,266,141,141,141,141,243,243,254,254,269,269,279,279,290,290,315,315,165,177,34,69,69,69,69],"floor_reached":50,"playtime":3769,"items_purged":["Defend_B","Strike_B","Defend_B","Writhe"],"score":568,"play_id":"0bf51e84-f867-438a-b5a6-5aabd34a3cca","local_time":"20210210052136","is_ascension_mode":false,"campfire_choices":[{"data":"Zap","floor":6.0,"key":"SMITH"},{"data":"Chaos","floor":11.0,"key":"SMITH"},{"data":"Hologram","floor":15.0,"key":"SMITH"},{"floor":25.0,"key":"REST"},{"floor":30,"key":"REST"},{"data":"Dualcast","floor":32,"key":"SMITH"},{"data":"Reinforced Body","floor":40,"key":"SMITH"},{"data":"Buffer","floor":42,"key":"SMITH"},{"data":"Hologram","floor":44,"key":"SMITH"},{"data":"Fusion","floor":49,"key":"SMITH"}],"circlet_count":0,"master_deck":["Zap+1","Dualcast+1","Gash","Go for the Eyes","Chaos+1","Gash","Steam","Gash","Scrape","Hologram+1","Seek","Sweeping Beam","Capacitor","Reinforced Body+1","Loop","Hologram+1","Beam Cell","Buffer+1","FTL+1","FTL+1","Cold Snap+1","Flash of Steel","Flash of Steel","Trip","Beam Cell+1","Gash+1","Steam","Fusion+1","Coolheaded"],"relics":["Cracked Core","WingedGreaves","Question Card","Pantograph","Empty Cage","Pen Nib","Blood Vial","Potion Belt","HornCleat","Red Mask","Gremlin Horn","Astrolabe","Matryoshka","Regal Pillow","Strawberry","Bag of Preparation","Vajra"],"acts_visited":["Exordium","TheCity","TheBeyond"],"potions_floor_usage":[27,28,50,50],"damage_taken":[{"damage":1.0,"enemies":"Jaw Worm","floor":1.0,"turns":3.0},{"damage":1.0,"enemies":"Cultist","floor":2.0,"turns":3.0},{"damage":3.0,"enemies":"Small Slimes","floor":4.0,"turns":3.0},{"damage":1.0,"enemies":"Looter","floor":7.0,"turns":3.0},{"damage":24.0,"enemies":"Lagavulin","floor":8.0,"turns":7.0},{"damage":3.0,"enemies":"3 Louse","floor":12.0,"turns":4.0},{"damage":11.0,"enemies":"3 Sentries","floor":13.0,"turns":6.0},{"damage":5.0,"enemies":"Exordium Wildlife","floor":14.0,"turns":4.0},{"damage":13.0,"enemies":"Hexaghost","floor":16.0,"turns":7.0},{"damage":0.0,"enemies":"Shell Parasite","floor":18.0,"turns":3.0},{"damage":0.0,"enemies":"Chosen","floor":19.0,"turns":3.0},{"damage":32.0,"enemies":"Book of Stabbing","floor":23.0,"turns":5.0},{"damage":33.0,"enemies":"Snecko","floor":24.0,"turns":7.0},{"damage":15,"enemies":"Gremlin Leader","floor":27,"turns":7},{"damage":31,"enemies":"Masked Bandits","floor":28,"turns":6},{"damage":25,"enemies":"Automaton","floor":33,"turns":10},{"damage":3,"enemies":"3 Shapes","floor":35,"turns":5},{"damage":0,"enemies":"3 Darklings","floor":37,"turns":5},{"damage":0,"enemies":"Transient","floor":39,"turns":5},{"damage":2,"enemies":"Maw","floor":41,"turns":6},{"damage":0,"enemies":"4 Shapes","floor":46,"turns":2},{"damage":0,"enemies":"Reptomancer","floor":48,"turns":5},{"damage":123,"enemies":"Time Eater","floor":50,"turns":9}],"seed_played":"2541792879778661636","potions_obtained":[{"floor":1.0,"key":"Energy Potion"},{"floor":12.0,"key":"ColorlessPotion"},{"floor":13.0,"key":"EssenceOfSteel"},{"floor":16.0,"key":"SpeedPotion"},{"floor":18.0,"key":"PotionOfCapacity"},{"floor":24.0,"key":"Dexterity Potion"},{"floor":27,"key":"Energy Potion"},{"floor":35,"key":"Regen Potion"}],"is_trial":false,"path_per_floor":["M","M","?","M","$","R","M","E","T","?","R","M","E","M","R","B",null,"M","M","?","$","?","E","M","R","T","E","?","$","R","?","R","B",null,"M","?","M","?","M","R","M","R","T","R","$","M","$","E","R","B"],"character_chosen":"DEFECT","items_purchased":["Steam","Pen Nib","Bag of Preparation"],"campfire_rested":2,"item_purchase_floors":[5,21,47],"current_hp_per_floor":[81,80,80,77,77,77,76,52,52,41,41,38,27,22,22,34,82,82,82,82,82,82,50,19,43,43,30,1,1,25,25,25,27,82,79,69,71,71,73,73,73,73,80,80,80,82,82,84,84,0,0],"gold":69,"neow_bonus":"TEN_PERCENT_HP_BONUS","is_daily":false,"chose_seed":false,"campfire_upgraded":8,"win_rate":0.0,"timestamp":1612952496,"path_taken":["M","M","?","?","?","R","?","E","T","?","R","M","E","M","R","BOSS","M","M","?","$","?","E","M","R","T","E","?","$","R","?","R","BOSS","M","?","M","?","?","R","M","R","T","R","$","M","$","E","R","BOSS"],"items_purchased_type":["Card","Relic","Relic"],"build_version":"2020-12-13","purchased_purges":4,"victory":false,"max_hp_per_floor":[82,82,82,82,82,82,82,82,82,82,82,82,82,82,82,82,82,82,82,82,82,82,82,82,82,82,82,82,82,82,82,82,82,82,82,82,82,82,82,82,82,82,89,89,89,89,89,89,89,89,89],"card_choices":[{"not_picked":["Stack","Go for the Eyes"],"picked":"Gash","floor":1.0},{"not_picked":["Streamline","Cold Snap"],"picked":"Go for the Eyes","floor":2.0},{"not_picked":["Heatsinks","Scrape"],"picked":"Gash","floor":4.0},{"not_picked":["Cold Snap","Streamline"],"picked":"Gash","floor":7.0},{"not_picked":["Static Discharge","Streamline"],"picked":"Stack","floor":8.0},{"not_picked":["Auto Shields","Streamline","Aggregate"],"picked":"FTL","floor":12.0},{"not_picked":["Capacitor","Double Energy","Tempest"],"picked":"Scrape","floor":13.0},{"not_picked":["Machine Learning","Chill","Coolheaded"],"picked":"Hologram","floor":14.0},{"not_picked":["Electrodynamics","Biased Cognition","Buffer"],"picked":"Seek","floor":16.0},{"not_picked":["Stack","Ball Lightning","Rip and Tear"],"picked":"Sweeping Beam","floor":18.0},{"not_picked":["Hello World","Compile Driver+1","Cold Snap"],"picked":"Capacitor","floor":19.0},{"not_picked":["Thunder Strike","Stack","Electrodynamics"],"picked":"Loop","floor":23.0},{"not_picked":["Doom and Gloom","Steam","Stack"],"picked":"Hologram","floor":24.0},{"not_picked":["Cold Snap","Loop","Biased Cognition","Ball Lightning"],"picked":"SKIP","floor":27},{"not_picked":["Reinforced Body","Redo","Streamline"],"picked":"Beam Cell","floor":28},{"not_picked":["Amplify","Creative AI","Biased Cognition"],"picked":"Buffer","floor":33},{"not_picked":["Force Field","Streamline","Capacitor","Ball Lightning+1"],"picked":"SKIP","floor":35},{"not_picked":["Transmutation","Discovery","Swift Strike"],"picked":"Flash of Steel","floor":36},{"not_picked":["HandOfGreed","Dramatic Entrance","Purity"],"picked":"Flash of Steel","floor":36},{"not_picked":["Blind","Swift Strike","Discovery"],"picked":"Trip","floor":36},{"not_picked":["Barrage+1","Darkness+1","Genetic Algorithm+1"],"picked":"Beam Cell+1","floor":37},{"not_picked":["Force Field+1","Stack","Chill"],"picked":"Gash+1","floor":39},{"not_picked":["Stack","Streamline","Biased Cognition"],"picked":"Steam","floor":41},{"not_picked":["Beam Cell","Barrage","Compile Driver"],"picked":"Fusion","floor":46},{"not_picked":["Genetic Algorithm+1","Consume+1","Hologram+1"],"picked":"Coolheaded","floor":48}],"player_experience":12704,"relics_obtained":[{"floor":8.0,"key":"WingedGreaves"},{"floor":9.0,"key":"Question Card"},{"floor":13.0,"key":"Pantograph"},{"floor":23.0,"key":"Blood Vial"},{"floor":26,"key":"Potion Belt"},{"floor":27,"key":"HornCleat"},{"floor":28,"key":"Red Mask"},{"floor":43,"key":"Regal Pillow"},{"floor":43,"key":"Strawberry"},{"floor":48,"key":"Vajra"}],"event_choices":[{"damage_healed":0.0,"max_hp_gain":0.0,"max_hp_loss":0.0,"gold_gain":0.0,"cards_transformed":["Strike_B"],"event_name":"Transmorgrifier","player_choice":"Transformed","floor":3.0,"gold_loss":0.0,"damage_taken":0.0,"cards_obtained":["Chaos"]},{"damage_healed":0.0,"max_hp_gain":0.0,"max_hp_loss":0.0,"gold_gain":75.0,"event_name":"World of Goop","player_choice":"Gather Gold","floor":10.0,"gold_loss":0.0,"damage_taken":11.0},{"damage_healed":0.0,"max_hp_gain":0.0,"max_hp_loss":0.0,"gold_gain":0.0,"event_name":"The Library","player_choice":"Read","floor":20.0,"gold_loss":0.0,"damage_taken":0.0,"cards_obtained":["Reinforced Body"]},{"cards_removed":["Defend_B"],"damage_healed":0.0,"max_hp_gain":0.0,"max_hp_loss":0.0,"gold_gain":0.0,"event_name":"Back to Basics","player_choice":"Elegance","floor":22.0,"gold_loss":0.0,"damage_taken":0.0},{"damage_healed":0,"gold_gain":0,"player_choice":"Fought Bandits","damage_taken":0,"max_hp_gain":0,"max_hp_loss":0,"event_name":"Masked Bandits","floor":28,"gold_loss":0},{"damage_healed":0,"gold_gain":0,"player_choice":"Opened","damage_taken":0,"relics_obtained":["Gremlin Horn"],"max_hp_gain":0,"max_hp_loss":0,"event_name":"The Mausoleum","floor":31,"gold_loss":0,"cards_obtained":["Writhe"]},{"damage_healed":0,"gold_gain":0,"player_choice":"Memory 3","damage_taken":10,"max_hp_gain":0,"max_hp_loss":0,"event_name":"SensoryStone","floor":36,"gold_loss":0},{"damage_healed":0,"gold_gain":0,"player_choice":"Gave Potion","damage_taken":0,"relics_obtained":["Matryoshka"],"max_hp_gain":0,"max_hp_loss":0,"event_name":"WeMeetAgain","floor":38,"gold_loss":0}],"is_beta":false,"boss_relics":[{"not_picked":["Runic Pyramid","Black Star"],"picked":"Empty Cage"},{"not_picked":["SlaversCollar","SacredBark"],"picked":"Astrolabe"}],"items_purged_floors":[5,21,29,45],"is_endless":false,"potions_floor_spawned":[1,12,13,16,18,23,24,27,35],"killed_by":"Time Eater","ascension_level":0}}