{"host":"pgm1p3lvdjflie30","time":1612967264,"event":{"mods":["AchievementEnabler","Alarm Clock","Aspiration","BaseMod","Challenge The Spire","Colored Map","Colored Powertips","Dark Map","Energized Spire","Hermit","HornydragonMod","Minty Spire (QoL Compilation)","Quarter Circle Forward PUNCH!","Quick Restart","Relic Stats","Robot Space Explorer","Spicy Shops","StSLib","The Blackbeard","The IronCluck","Waifu the Spire","【功能Mod】混沌之?修复?丁","篝火指南"],"gold_per_floor":[114,114,13,31,31,31,31,41,94,114,114,339,339,357,357,462,462,479,754,773,723,12,12,24,43,66,77,91,91,91,42,42,42,42,42],"floor_reached":33,"language":"ZHS","playtime":1362,"items_purged":["Regret"],"score":237,"play_id":"05bb5e44-1011-48d6-af63-084a0fc498e2","local_time":"20210210222744","is_ascension_mode":false,"campfire_choices":[{"data":"blackbeard:ChaoticDefense","floor":6.0,"key":"SMITH"},{"data":"blackbeard:WoodenLeg","floor":11.0,"key":"SMITH"},{"data":"blackbeard:GoldenStrike","floor":13.0,"key":"SMITH"},{"data":"blackbeard:DoubleBottom","floor":15.0,"key":"SMITH"},{"data":"blackbeard:PowerHungry","floor":23.0,"key":"SMITH"},{"data":"blackbeard:CaptainsHat","floor":29.0,"key":"SMITH"},{"data":"blackbeard:WoodenLeg","floor":32.0,"key":"SMITH"}],"circlet_count":0,"master_deck":["blackbeard:BlackbeardStrike","blackbeard:BlackbeardStrike","blackbeard:BlackbeardStrike","blackbeard:BlackbeardStrike","blackbeard:IntimidatingStrike","blackbeard:BlackbeardDefend","blackbeard:BlackbeardDefend","blackbeard:BlackbeardDefend","blackbeard:Cutlass","blackbeard:ChaoticDefense+1","blackbeard:Recklessness+1","blackbeard:GoldenStrike+1","blackbeard:DoubleBottom+1","blackbeard:WiseDefense","blackbeard:WoodenLeg+1","blackbeard:DoubleCannonball","blackbeard:CaptainsHat+1","blackbeard:DangerousBlow+1","blackbeard:BeatUp","blackbeard:PowerHungry+1","Bandage Up","blackbeard:CloakAndCannonball","blackbeard:ChaoticDefense","blackbeard:BeatUp+1","blackbeard:PirateHook+1","blackbeard:WoodenLeg+1","blackbeard:RearmingStrike"],"relics":["blackbeard:LoadTheCannons","Happy Flower"],"acts_visited":["Exordium","TheCity"],"potions_floor_usage":[33,33],"damage_taken":[{"damage":2.0,"enemies":"Small Slimes","floor":1.0,"turns":3.0},{"damage":0.0,"enemies":"Cultist","floor":4.0,"turns":3.0},{"damage":0.0,"enemies":"Jaw Worm","floor":8.0,"turns":5.0},{"damage":5.0,"enemies":"3 Louse","floor":10.0,"turns":5.0},{"damage":9.0,"enemies":"2 Fungi Beasts","floor":14.0,"turns":3.0},{"damage":30.0,"enemies":"Hexaghost","floor":16.0,"turns":8.0},{"damage":19.0,"enemies":"3 Byrds","floor":18.0,"turns":8.0},{"damage":0.0,"enemies":"Spheric Guardian","floor":20.0,"turns":2.0},{"damage":2.0,"enemies":"Centurion and Healer","floor":24.0,"turns":4.0},{"damage":15.0,"enemies":"Snake Plant","floor":25.0,"turns":2.0},{"damage":16.0,"enemies":"Cultist and Chosen","floor":27.0,"turns":5.0},{"damage":3.0,"enemies":"Snecko","floor":28.0,"turns":4.0},{"damage":84,"enemies":"Automaton","floor":33,"turns":6}],"seed_played":"-6086836584496739933","potions_obtained":[{"floor":8.0,"key":"Fruit Juice"},{"floor":14.0,"key":"SteroidPotion"},{"floor":18.0,"key":"GamblersBrew"},{"floor":24.0,"key":"GamblersBrew"},{"floor":27.0,"key":"SkillPotion"}],"is_trial":false,"path_per_floor":["M","?","$","M","?","R","?","M","T","M","R","?","R","M","R","B",null,"M","?","M","?","$","R","M","M","T","M","M","R","?","$","R","B"],"character_chosen":"BLACKBEARD_CLASS","items_purchased":["blackbeard:Recklessness","blackbeard:GoldenStrike","blackbeard:PowerHungry","EntropicBrew","Bandage Up","blackbeard:RearmingStrike"],"campfire_rested":0,"item_purchase_floors":[3,3,22,22,22,31],"current_hp_per_floor":[73,73,73,73,73,73,78,83,83,78,78,78,78,69,69,39,85,66,66,66,66,66,66,72,65,65,57,62,62,62,62,62,0,0,0],"gold":42,"neow_bonus":"REMOVE_CARD","is_daily":false,"chose_seed":false,"campfire_upgraded":7,"win_rate":0.0,"timestamp":1612967264,"path_taken":["M","?","$","?","?","R","?","M","T","M","R","?","R","M","R","BOSS","M","?","?","?","$","R","M","M","T","?","M","R","?","$","R","BOSS"],"items_purchased_type":["Card","Card","Card","Potion","Card","Card"],"build_version":"2020-12-22","purchased_purges":1,"victory":false,"max_hp_per_floor":[75,75,75,75,75,75,80,85,85,85,85,85,85,85,85,85,85,85,85,85,85,85,85,85,85,85,85,85,85,85,85,85,85,85,85],"relic_stats":{"Happy Flower":[14],"counters":[13,58],"obtain_stats":[{"Happy Flower":12,"blackbeard:LoadTheCannons":0},{"Happy Flower":4,"blackbeard:LoadTheCannons":0},{"Happy Flower":16,"blackbeard:LoadTheCannons":0}]},"card_choices":[{"not_picked":["blackbeard:DeadlyArsenal","blackbeard:Sharpening"],"picked":"blackbeard:ChaoticDefense","floor":1.0},{"not_picked":["blackbeard:BeatUp","blackbeard:CloakAndCannonball"],"picked":"blackbeard:DoubleBottom","floor":4.0},{"not_picked":["blackbeard:Dagger","blackbeard:Sharpening"],"picked":"blackbeard:WiseDefense","floor":8.0},{"not_picked":["blackbeard:PirateEarring","blackbeard:Upgrade"],"picked":"blackbeard:WoodenLeg","floor":10.0},{"not_picked":["blackbeard:DeadlyArsenal","blackbeard:GoldenDefense"],"picked":"blackbeard:DoubleCannonball","floor":14.0},{"not_picked":["blackbeard:Salvager","blackbeard:Parrot"],"picked":"blackbeard:CaptainsHat","floor":16.0},{"not_picked":["blackbeard:Sharpening","blackbeard:AgileStrike"],"picked":"blackbeard:DangerousBlow+1","floor":18.0},{"not_picked":["blackbeard:Sharpening","blackbeard:SwordDance+1"],"picked":"blackbeard:BeatUp","floor":20.0},{"not_picked":["blackbeard:ChaoticDefense","blackbeard:PiratesWill"],"picked":"blackbeard:CloakAndCannonball","floor":24.0},{"not_picked":["blackbeard:Toast","blackbeard:TacticalRetreat"],"picked":"blackbeard:ChaoticDefense","floor":25.0},{"not_picked":["blackbeard:Parrot","blackbeard:GoldenDefense"],"picked":"blackbeard:BeatUp+1","floor":27.0},{"not_picked":["blackbeard:Anchor","blackbeard:Fencing"],"picked":"blackbeard:PirateHook+1","floor":28.0}],"player_experience":380936,"relics_obtained":[],"event_choices":[{"damage_healed":0.0,"max_hp_gain":0.0,"max_hp_loss":0.0,"gold_gain":0.0,"event_name":"Wheel of Change","player_choice":"Relic","floor":2.0,"gold_loss":0.0,"damage_taken":0.0},{"damage_healed":0.0,"max_hp_gain":0.0,"max_hp_loss":0.0,"gold_gain":0.0,"event_name":"Living Wall","player_choice":"Grow","floor":5.0,"gold_loss":0.0,"damage_taken":0.0,"cards_upgraded":["blackbeard:Recklessness"]},{"damage_healed":0.0,"max_hp_gain":5.0,"max_hp_loss":0.0,"gold_gain":0.0,"event_name":"Big Fish","player_choice":"Donut","floor":7.0,"gold_loss":0.0,"damage_taken":0.0},{"damage_healed":0.0,"max_hp_gain":0.0,"max_hp_loss":0.0,"gold_gain":225.0,"event_name":"blackbeard:Ssssserpent","player_choice":"YARR","floor":12.0,"gold_loss":0.0,"damage_taken":0.0,"relics_obtained":["Happy Flower"]},{"damage_healed":0.0,"max_hp_gain":0.0,"max_hp_loss":0.0,"gold_gain":275.0,"event_name":"Golden Shrine","player_choice":"Desecrate","floor":19.0,"gold_loss":0.0,"damage_taken":0.0,"cards_obtained":["Regret"]},{"damage_healed":0.0,"max_hp_gain":0.0,"max_hp_loss":0.0,"gold_gain":0.0,"event_name":"The Joust","player_choice":"Bet on Murderer","floor":21.0,"gold_loss":50.0,"damage_taken":0.0},{"damage_healed":0.0,"max_hp_gain":0.0,"max_hp_loss":0.0,"gold_gain":0.0,"event_name":"The Library","player_choice":"Read","floor":30.0,"gold_loss":0.0,"damage_taken":0.0,"cards_obtained":["blackbeard:WoodenLeg"]}],"is_beta":false,"boss_relics":[{"not_picked":["Snecko Eye","SlaversCollar","energizedSpire:EnergizedDie"]}],"items_purged_floors":[22],"is_endless":false,"potions_floor_spawned":[8,14,18,24,27],"killed_by":"Automaton","ascension_level":0}}