{"host":"jt4xaqerixsfdsye","time":1612956180,"event":{"mods":["Astrologer","Bard","BaseMod","Clockwork Mod","Downfall","Gremlin Mod","Hermit","Jorbs\u0027s Wanderer Trilogy","Minty Spire (QoL Compilation)","StSLib","The Bug Knight","The Cursed","The Judge","The Mystic"],"gold_per_floor":[119,137,46,46,6,6,306,322,322,349,361,386,398,410,422,531,543,573,75,275,288,0,10,10,110,110,122,156,174,174,174],"floor_reached":30,"language":"ENG","playtime":1985,"items_purged":[],"score":392,"play_id":"f7abf2af-a47f-4c50-9d9a-3ae3d8aae61f","local_time":"20210210122300","is_ascension_mode":false,"campfire_choices":[{"data":"Gremlin:GremlinDance","floor":6.0,"key":"SMITH"},{"data":"Gremlin:SecondVolley","floor":11.0,"key":"SMITH"},{"data":"Gremlin:Dazzle","floor":15.0,"key":"SMITH"}],"circlet_count":0,"master_deck":["Gremlin:TagTeam","Gremlin:GremlinDance+1","Gremlin:CatScratch+1","Gremlin:ToeStub","Gremlin:Enthusiasm","Gremlin:Patsy","Gremlin:MakeshiftArmor","Gremlin:FollowThrough","Gremlin:SecondVolley+1","Gremlin:Changeo","Gremlin:Dazzle+1","Gremlin:Exacerbate","Gremlin:AggressiveDefense","Gremlin:Wizardry+1","Gremlin:Heckle+1","Gremlin:Flurry","Gremlin:EdibleArmor","Gremlin:SecondVolley","Gremlin:CongaLine+1","Gremlin:SecondVolley","Gremlin:Kablamo","Gremlin:InfiniteBlocks+1","Gremlin:PartyStick","Gremlin:ToeStub","Gremlin:Glimmer","Gremlin:GremlinMeal","Sadistic Nature+1","Gremlin:Pretaliation+1","Sadistic Nature+1","Gremlin:CounterStrike","Gremlin:MakeshiftArmor+1","Gremlin:EdibleArmor+1","WordoMod:Infected","Gremlin:Necromancy","WordoMod:FoggyMind","WordoMod:Petrified","Regret","Writhe","Gremlin:Changeo","Gremlin:GremlinMeal","Gremlin:Wizardry+1"],"relics":["Gremlin:GremlinKnob","NeowsBlessing","Frozen Egg 2","MawBank","Pandora\u0027s Box","downfall:ExtraCursedKey","Mercury Hourglass","Gremlin:SupplyScroll"],"acts_visited":["Exordium","TheCity"],"potions_floor_usage":[29,30],"damage_taken":[{"damage":0.0,"enemies":"2 Louse","floor":1.0,"turns":1.0},{"damage":0.0,"enemies":"Small Slimes","floor":2.0,"turns":1.0},{"damage":0.0,"enemies":"Cultist","floor":8.0,"turns":1.0},{"damage":4.0,"enemies":"2 Fungi Beasts","floor":10.0,"turns":4.0},{"damage":3.0,"enemies":"Looter","floor":12.0,"turns":3.0},{"damage":1.0,"enemies":"Lots of Slimes","floor":13.0,"turns":3.0},{"damage":35.0,"enemies":"Slime Boss","floor":16.0,"turns":8.0},{"damage":11.0,"enemies":"Spheric Guardian","floor":18.0,"turns":4.0},{"damage":10.0,"enemies":"Shell Parasite","floor":21.0,"turns":2.0},{"damage":9.0,"enemies":"Centurion and Healer","floor":23.0,"turns":4.0},{"damage":11.0,"enemies":"Chosen and Byrds","floor":27.0,"turns":4.0},{"damage":31,"enemies":"Book of Stabbing","floor":28,"turns":4},{"damage":15,"enemies":"3 Cultists","floor":29,"turns":4},{"damage":8,"enemies":"Centurion and Healer","floor":30,"turns":1}],"seed_played":"-1656804796183465192","potions_obtained":[{"floor":8.0,"key":"GamblersBrew"},{"floor":12.0,"key":"EntropicBrew"},{"floor":16.0,"key":"Dexterity Potion"},{"floor":23.0,"key":"EssenceOfSteel"},{"floor":28,"key":"AttackPotion"},{"floor":29,"key":"SkillPotion"}],"is_trial":false,"path_per_floor":["M","M","$","?","$","R","?","M","T","M","R","M","M","?","R","B",null,"M","$","?","M","$","M","?","?","T","M","E","M","M"],"character_chosen":"GREMLIN","items_purchased":["Gremlin:Enthusiasm","Gremlin:Patsy","Gremlin:MakeshiftArmor","Gremlin:InfiniteBlocks+1","Gremlin:PartyStick","Gremlin:ToeStub","Gremlin:Glimmer","Gremlin:GremlinMeal","Sadistic Nature+1","Fire Potion","Sadistic Nature+1","Gremlin:CounterStrike","Gremlin:MakeshiftArmor+1"],"campfire_rested":0,"item_purchase_floors":[3,3,5,19,19,19,19,19,19,19,22,22,22],"current_hp_per_floor":[20,20,20,20,20,20,20,20,20,20,20,20,20,20,20,19,20,20,20,20,20,20,14,10,11,11,13,22,7,0,0],"gold":174,"neow_bonus":"THREE_ENEMY_KILL","is_daily":false,"chose_seed":false,"campfire_upgraded":3,"win_rate":0.0,"timestamp":1612956180,"path_taken":["M","M","$","?","$","R","?","M","T","M","R","M","?","?","R","BOSS","M","$","?","M","$","?","?","?","T","M","E","M","M"],"items_purchased_type":["Card","Card","Card","Card","Card","Card","Card","Card","Card","Potion","Card","Card","Card"],"build_version":"2020-12-22","purchased_purges":0,"victory":false,"max_hp_per_floor":[20,20,20,20,20,20,20,20,20,20,20,20,20,20,20,20,20,20,20,20,20,20,20,21,22,22,22,22,22,22,22],"card_choices":[{"not_picked":["Gremlin:Tricksy","Gremlin:BulkUp"],"picked":"Gremlin:CatScratch","floor":1.0},{"not_picked":["Gremlin:BulkUp","Gremlin:Polish"],"picked":"Gremlin:ToeStub","floor":2.0},{"not_picked":["Gremlin:BurlyBlow","Gremlin:GremlinOffensive"],"picked":"Gremlin:FollowThrough","floor":8.0},{"not_picked":["Gremlin:GremlinMeal","Gremlin:BubbleBarrier"],"picked":"Gremlin:SecondVolley","floor":10.0},{"not_picked":["Gremlin:MakeshiftArmor+1","Gremlin:Presto"],"picked":"Gremlin:Changeo","floor":12.0},{"not_picked":["Gremlin:Pickpocket","Gremlin:TwistTheKnife"],"picked":"Gremlin:Dazzle","floor":13.0},{"not_picked":["Gremlin:Fury","Gremlin:Necromancy"],"picked":"Gremlin:Exacerbate","floor":16.0},{"not_picked":["Gremlin:BulkUp","Gremlin:PourSalt+1"],"picked":"Gremlin:Kablamo","floor":18.0},{"not_picked":["Gremlin:Duplicate","Gremlin:ArmsTheft"],"picked":"Gremlin:Pretaliation+1","floor":21.0},{"not_picked":["Gremlin:Tricksy","Gremlin:BulkUp"],"picked":"Gremlin:EdibleArmor+1","floor":23.0},{"not_picked":["Gremlin:Patsy","Gremlin:Pickpocket"],"picked":"Gremlin:Changeo","floor":27.0},{"not_picked":["Gremlin:Jeer","Gremlin:MakeshiftArmor+1"],"picked":"Gremlin:GremlinMeal","floor":28},{"not_picked":["Gremlin:Jeer","Gremlin:ToeStub+1"],"picked":"Gremlin:Wizardry+1","floor":29}],"player_experience":208309,"relics_obtained":[{"floor":7.0,"key":"Frozen Egg 2"},{"floor":9.0,"key":"MawBank"},{"floor":26.0,"key":"Mercury Hourglass"},{"floor":28,"key":"Gremlin:SupplyScroll"}],"event_choices":[{"damage_healed":0.0,"max_hp_gain":0.0,"max_hp_loss":0.0,"gold_gain":0.0,"event_name":"The Cleric","player_choice":"Leave","floor":4.0,"gold_loss":0.0,"damage_taken":0.0},{"damage_healed":0.0,"max_hp_gain":0.0,"max_hp_loss":0.0,"gold_gain":0.0,"event_name":"Wheel of Change","player_choice":"Gremlins","floor":7.0,"gold_loss":0.0,"damage_taken":0.0},{"damage_healed":0.0,"max_hp_gain":0.0,"max_hp_loss":0.0,"gold_gain":0.0,"event_name":"Living Wall","player_choice":"Grow","floor":14.0,"gold_loss":0.0,"damage_taken":0.0,"cards_upgraded":["Gremlin:CatScratch"]},{"damage_healed":0.0,"max_hp_gain":0.0,"max_hp_loss":0.0,"gold_gain":200.0,"event_name":"Wheel of Change","player_choice":"Gold","floor":20.0,"gold_loss":0.0,"damage_taken":0.0},{"damage_healed":0.0,"max_hp_gain":5.0,"max_hp_loss":0.0,"gold_gain":0.0,"event_name":"Forgotten Altar","player_choice":"Shed Blood","floor":24.0,"gold_loss":0.0,"damage_taken":5.0}],"is_beta":false,"boss_relics":[{"not_picked":["Runic Pyramid","Sozu"],"picked":"Pandora\u0027s Box"}],"items_purged_floors":[],"is_endless":false,"potions_floor_spawned":[8,12,16,23,28,29],"killed_by":"Centurion and Healer","ascension_level":0}}