{"host":"rqr5ppifgk2pyouj","time":1612922017,"event":{"mods":["AchievementEnabler","Act Like it!","BaseMod","Better Match","Better Note","Better Vampires","Better-Laid Plans","BetterRewards","Block Reminder","Clawfect","Colored Map","Colored Powertips","Curses Come First","Custom Start","Elementarium","Energized Spire","GifTheSpireLib","Minty Spire (QoL Compilation)","Rare Cards Sparkle","Reworked Bosses","Shop Mod","StSLib","Unceasing Turn Reminder","Waifu the Spire"],"gold_per_floor":[116,132,132,207,220,220,246,260,287,301,301,314,266,322,322,427,427,440,451,451,464,464,464,480,499,499,499,499,599,599,613,613,716,716,727,746,390,390,402,402,428,428,428,428,428],"floor_reached":44,"language":"ENG","playtime":3658,"items_purged":[],"score":558,"play_id":"de026db8-16d8-4b32-b36b-43485cf34c2f","local_time":"20210209195337","is_ascension_mode":true,"campfire_choices":[{"floor":6,"key":"REST"},{"floor":15,"key":"REST"},{"floor":23,"key":"RECALL"},{"floor":28,"key":"REST"},{"floor":30,"key":"REST"},{"floor":32,"key":"REST"},{"data":"Defragment","floor":40,"key":"SMITH"}],"circlet_count":0,"master_deck":["Gash","Gash","Gash","Gash","Gash","Defend_B","Defend_B","Coolheaded","Capacitor","Defragment","Defragment","Rainbow","Defragment","Glacier","FTL","Clawfect:ClawSnap","Blizzard","Machine Learning","Gash","FTL","Clawfect:Clawrage","Static Discharge","Glacier+1","Decay","Undo","Defragment+1","Leap","Creative AI","Echo Form","Gash+1","Leap+1"],"relics":["energizedSpire:OldTV","Smiling Mask","DataDisk","MealTicket","Philosopher\u0027s Stone","Lizard Tail","Darkstone Periapt","Runic Pyramid","Membership Card","Potion Belt","Prayer Wheel","Turnip"],"acts_visited":["Exordium","TheCity","TheBeyond"],"potions_floor_usage":[5,16,21,24,27,29,33,39,41,41,41],"damage_taken":[{"damage":13,"enemies":"2 Louse","floor":1,"turns":4},{"damage":2,"enemies":"Jaw Worm","floor":2,"turns":4},{"damage":0,"enemies":"Cultist","floor":5,"turns":5},{"damage":24,"enemies":"3 Sentries","floor":7,"turns":12},{"damage":9,"enemies":"Blue Slaver","floor":8,"turns":6},{"damage":0,"enemies":"Exordium Wildlife","floor":10,"turns":4},{"damage":1,"enemies":"2 Fungi Beasts","floor":12,"turns":5},{"damage":1,"enemies":"Lagavulin Event","floor":14,"turns":6},{"damage":13,"enemies":"Slime Boss","floor":16,"turns":9},{"damage":1,"enemies":"Spheric Guardian","floor":18,"turns":5},{"damage":0,"enemies":"Chosen","floor":19,"turns":6},{"damage":14,"enemies":"Sentry and Sphere","floor":21,"turns":4},{"damage":21,"enemies":"Centurion and Healer","floor":24,"turns":6},{"damage":22,"enemies":"Cultist and Chosen","floor":25,"turns":7},{"damage":0,"enemies":"Snake Plant","floor":27,"turns":1},{"damage":10,"enemies":"Colosseum Slavers","floor":29,"turns":6},{"damage":21,"enemies":"Colosseum Nobs","floor":29,"turns":6},{"damage":0,"enemies":"Centurion and Healer","floor":31,"turns":6},{"damage":38,"enemies":"bossMod:newCollector","floor":33,"turns":8},{"damage":34,"enemies":"3 Shapes","floor":35,"turns":7},{"damage":23,"enemies":"3 Darklings","floor":36,"turns":6},{"damage":9,"enemies":"4 Shapes","floor":39,"turns":6},{"damage":81,"enemies":"Reptomancer","floor":41,"turns":7},{"damage":71,"enemies":"Jaw Worm Horde","floor":44,"turns":3}],"seed_played":"5462094467870160624","potions_obtained":[{"floor":5,"key":"Fruit Juice"},{"floor":8,"key":"AttackPotion"},{"floor":10,"key":"Explosive Potion"},{"floor":14,"key":"Strength Potion"},{"floor":18,"key":"AttackPotion"},{"floor":24,"key":"SmokeBomb"},{"floor":25,"key":"LiquidMemories"},{"floor":29,"key":"Block Potion"},{"floor":41,"key":"Energy Potion"}],"is_trial":false,"path_per_floor":["M","M","?","?","M","R","E","M","T","M","?","M","$","?","R","B",null,"M","M","?","M","?","R","M","M","T","M","R","?","R","M","R","B",null,"M","M","$","?","M","R","E","?","T","M"],"character_chosen":"DEFECT","items_purchased":["Clawfect:ClawSnap","Membership Card","Potion Belt","Fire Potion","FairyPotion","EntropicBrew"],"campfire_rested":5,"item_purchase_floors":[13,37,37,37,37,37],"current_hp_per_floor":[62,60,60,49,54,78,54,45,45,45,45,44,44,43,67,54,80,79,79,79,65,65,65,44,22,22,22,46,15,39,39,63,25,80,46,23,38,70,61,61,21,21,21,0,0],"gold":428,"neow_bonus":"BOSS_RELIC","is_daily":false,"chose_seed":false,"campfire_upgraded":1,"win_rate":0.0,"timestamp":1612922017,"path_taken":["M","M","?","?","M","R","E","M","T","M","?","?","$","?","R","BOSS","M","M","?","M","?","R","M","M","T","M","R","?","R","M","R","BOSS","M","M","$","?","M","R","E","?","T","M"],"items_purchased_type":["Card","Relic","Relic","Potion","Potion","Potion"],"build_version":"2020-12-22","purchased_purges":0,"victory":false,"max_hp_per_floor":[75,75,75,75,80,80,80,80,80,80,80,80,80,80,80,80,80,80,80,80,80,80,80,80,80,80,80,80,80,80,80,80,80,80,80,80,80,70,70,70,70,70,70,70,70],"card_choices":[{"not_picked":["Clawfect:ClawSnap","Defragment"],"picked":"Coolheaded","floor":1},{"not_picked":["Clawfect:Clawrage","Tempest"],"picked":"Capacitor","floor":2},{"not_picked":["Clawfect:ClawingBeam","Clawfect:ClawAndTear"],"picked":"Defragment","floor":5},{"not_picked":["Clawfect:Clawter","Hologram"],"picked":"Defragment","floor":7},{"not_picked":["Rebound","FTL"],"picked":"Rainbow","floor":8},{"not_picked":["Clawfect:ClawLightning","Clawfect:Clawrage"],"picked":"Defragment","floor":10},{"not_picked":["Reinforced Body","Clawfect:ClawCell"],"picked":"FTL","floor":12},{"not_picked":["Consume","Clawfect:ClawCell"],"picked":"Blizzard","floor":14},{"not_picked":["Hyperbeam","Fission"],"picked":"Machine Learning","floor":16},{"not_picked":["Reprogram","Reinforced Body"],"picked":"Gash","floor":18},{"not_picked":["Clawfect:ClawForTheEyes","Clawfect:ClawAndGloom"],"picked":"FTL","floor":19},{"not_picked":["Thunder Strike","Blizzard+1"],"picked":"Glacier+1","floor":21},{"not_picked":["Hologram+1","Clawfect:ClawForTheEyes"],"picked":"Undo","floor":24},{"not_picked":["Conserve Battery","Turbo"],"picked":"Defragment","floor":25},{"not_picked":["Hologram","Double Energy"],"picked":"Leap","floor":29},{"not_picked":["Hologram","Clawfect:ClawSnap"],"picked":"Creative AI","floor":31},{"not_picked":["Amplify","Multi-Cast"],"picked":"Echo Form","floor":33},{"not_picked":["Clawfect:Clawter","Conserve Battery+1"],"picked":"Gash+1","floor":35},{"not_picked":["Gash","Clawfect:Clawline"],"picked":"Clawfect:ClawSnap+1","floor":36},{"not_picked":["Skim+1","FTL"],"picked":"Leap+1","floor":39},{"not_picked":["Clawfect:ClawForTheEyes","FTL","Clawfect:ScrapingClaw"],"picked":"SKIP","floor":41}],"player_experience":676725,"relics_obtained":[{"floor":7,"key":"Smiling Mask"},{"floor":9,"key":"DataDisk"},{"floor":14,"key":"MealTicket"},{"floor":29,"key":"Lizard Tail"},{"floor":29,"key":"Darkstone Periapt"},{"floor":41,"key":"Prayer Wheel"},{"floor":43,"key":"Turnip"}],"event_choices":[{"damage_healed":0,"gold_gain":0,"player_choice":"Leave","damage_taken":0,"max_hp_gain":0,"max_hp_loss":0,"event_name":"The Cleric","floor":3,"gold_loss":0},{"damage_healed":0,"gold_gain":75,"player_choice":"Gather Gold","damage_taken":11,"max_hp_gain":0,"max_hp_loss":0,"event_name":"World of Goop","floor":4,"gold_loss":0},{"damage_healed":0,"gold_gain":0,"cards_transformed":["Defend_B"],"player_choice":"Transformed","damage_taken":0,"max_hp_gain":0,"max_hp_loss":0,"event_name":"Transmorgrifier","floor":11,"gold_loss":0,"cards_obtained":["Glacier"]},{"damage_healed":0,"gold_gain":0,"player_choice":"Searched \u00271\u0027 times","damage_taken":0,"max_hp_gain":0,"max_hp_loss":0,"event_name":"Dead Adventurer","floor":14,"gold_loss":0},{"damage_healed":0,"gold_gain":0,"cards_transformed":["Defend_B","Defend_B"],"player_choice":"Became Test Subject","damage_taken":0,"max_hp_gain":0,"max_hp_loss":0,"event_name":"Drug Dealer","floor":20,"gold_loss":0,"cards_obtained":["Clawfect:Clawrage","Static Discharge"]},{"damage_healed":0,"gold_gain":0,"player_choice":"Smashed Altar","damage_taken":0,"max_hp_gain":0,"max_hp_loss":0,"event_name":"Forgotten Altar","floor":22,"gold_loss":0,"cards_obtained":["Decay"]},{"damage_healed":0,"gold_gain":0,"player_choice":"Fight","damage_taken":0,"max_hp_gain":0,"max_hp_loss":0,"event_name":"Colosseum","floor":29,"gold_loss":0},{"damage_healed":0,"gold_gain":0,"player_choice":"Fought Nobs","damage_taken":0,"max_hp_gain":0,"max_hp_loss":0,"event_name":"Colosseum","floor":29,"gold_loss":0},{"damage_healed":70,"gold_gain":0,"player_choice":"Heal","damage_taken":0,"max_hp_gain":0,"max_hp_loss":10,"event_name":"The Moai Head","floor":38,"gold_loss":0},{"cards_removed":["Clawfect:ClawSnap"],"damage_healed":0,"gold_gain":0,"player_choice":"Removed Attack","damage_taken":0,"max_hp_gain":0,"max_hp_loss":0,"event_name":"Falling","floor":42,"gold_loss":0}],"is_beta":false,"boss_relics":[{"not_picked":["Coffee Dripper","Ectoplasm"],"picked":"Philosopher\u0027s Stone"},{"not_picked":["Nuclear Battery","Velvet Choker"],"picked":"Runic Pyramid"}],"items_purged_floors":[],"is_endless":false,"potions_floor_spawned":[5,8,10,14,18,24,25,29,41],"killed_by":"Jaw Worm Horde","ascension_level":3}}