{"host":"ffqn1azj9urswy62","time":1612962976,"event":{"mods":["BaseMod","Better Third Choice","Conspire","Googly Eyes","Hubris","Minty Spire (QoL Compilation)","Replay The Spire","StSLib","Wandering Minibosses","slay the spire mod where everything is the same but ironclad has a cowboy hat"],"gold_per_floor":[113,12,12,31,31,31,31,59,59,59,59,90,40,40,40,40],"floor_reached":15,"language":"ENG","playtime":459,"items_purged":["Strike_G"],"score":149,"play_id":"21d08306-9d45-489b-a1fa-cf7bd83ae72e","local_time":"20210210081616","is_ascension_mode":true,"campfire_choices":[{"data":"Poisoned Stab","floor":9,"key":"SMITH"},{"data":"Dash","floor":14,"key":"SMITH"}],"circlet_count":0,"master_deck":["conspire:GhostlyStrike","conspire:GhostlyStrike","conspire:GhostlyDefend","conspire:GhostlyDefend","conspire:GhostlyDefend","conspire:GhostlyDefend","conspire:GhostlyDefend","Survivor","Neutralize","Bane","Poisoned Stab+1","Bane","Dash+1","Backstab"],"relics":["Ring of the Snake","hubris:Towel","Replay:Accelerometer","Bottled Flame","hubris:MedicalManual"],"acts_visited":["Exordium"],"potions_floor_usage":[],"damage_taken":[{"damage":2,"enemies":"conspire:RoseBush","floor":1,"turns":6},{"damage":0,"enemies":"Small Slimes","floor":4,"turns":4},{"damage":9,"enemies":"Gremlin Nob","floor":8,"turns":4},{"damage":37,"enemies":"3 Sentries","floor":12,"turns":9},{"damage":22,"enemies":"Lagavulin","floor":15,"turns":3}],"seed_played":"7069260762142345488","potions_obtained":[{"floor":12,"key":"BlessingOfTheForge"}],"is_trial":false,"path_per_floor":["M","$","?","M","?","PTL","PTL","E","R","?","T","E","?","R","E"],"character_chosen":"THE_SILENT","items_purchased":["Poisoned Stab"],"campfire_rested":0,"item_purchase_floors":[2],"current_hp_per_floor":[68,68,68,68,68,68,68,59,59,59,59,22,22,22,0,0],"gold":40,"neow_bonus":"REMOVE_CARD","is_daily":false,"chose_seed":false,"campfire_upgraded":2,"win_rate":0.0,"timestamp":1612962976,"path_taken":["M","$","?","M","?","PTL","PTL","E","R","?","T","E","?","R","E"],"items_purchased_type":["Card"],"build_version":"2020-12-22","purchased_purges":1,"victory":false,"max_hp_per_floor":[70,70,70,70,70,70,70,70,70,70,70,70,70,70,70,70],"card_choices":[{"not_picked":["Dodge and Roll","PiercingWail"],"picked":"Bane","floor":1},{"not_picked":["Flying Knee","Poisoned Stab"],"picked":"Bane","floor":4},{"not_picked":["Caltrops","Quick Slash"],"picked":"Dash","floor":8},{"not_picked":["ReplayTheSpireMod:Scrap Shanks","hubris:Counter"],"picked":"Backstab","floor":12}],"player_experience":660360,"relics_obtained":[{"floor":8,"key":"Replay:Accelerometer"},{"floor":11,"key":"Bottled Flame"},{"floor":12,"key":"hubris:MedicalManual"}],"event_choices":[{"damage_healed":0,"gold_gain":0,"player_choice":"Agree","damage_taken":0,"max_hp_gain":0,"max_hp_loss":0,"event_name":"conspire:LoneGhost","floor":3,"gold_loss":0},{"damage_healed":0,"gold_gain":0,"player_choice":"Leave","damage_taken":0,"max_hp_gain":0,"max_hp_loss":0,"event_name":"conspire:Investor","floor":10,"gold_loss":0},{"cards_removed":["conspire:GhostlyStrike"],"damage_healed":0,"gold_gain":0,"player_choice":"Card Removal","damage_taken":0,"max_hp_gain":0,"max_hp_loss":0,"event_name":"The Cleric","floor":13,"gold_loss":50}],"is_beta":false,"boss_relics":[],"items_purged_floors":[2],"is_endless":false,"potions_floor_spawned":[12],"killed_by":"Lagavulin","ascension_level":5}}