{"host":"rjbqai8ni6dsiu37","time":1612989567,"event":{"mods":["100% Spire Juice","BaseMod","CapriCore","GungeonMod","Marisa£¨Ùöéë¡¡Øª×âÞÞ£©","Minty Spire (QoL Compilation)","Replay The Spire","Shop Mod","StSLib","Td1madao Mod","The Cursed","The Jungle","The Poker Player","WarShipGirlsR/??á´Ò³R mod"],"gold_per_floor":[113,132,147,147,147,181,181,201,201,217,102,119,149,165,165,242,242,255,255,255,305,324,324,339,339,339,339,351,366,380,394,412,412,412,483,483,501,501,516,167,183,183,211,211,281,281,301,301,27,39,39,39],"floor_reached":53,"language":"KOR","playtime":2157,"items_purged":["rmod:defend"],"score":824,"play_id":"05c119b2-c03d-4a68-b4a9-b35b7d8f437f","local_time":"20210211053927","is_ascension_mode":true,"campfire_choices":[{"data":"rmod:basicallowance","floor":7.0,"key":"SMITH"},{"data":"rmod:royalracing","floor":15.0,"key":"SMITH"},{"data":"rmod:fuelsupply","floor":23.0,"key":"SMITH"},{"data":"rmod:circuitoustactics","floor":27.0,"key":"SMITH"},{"data":"rmod:aviationdawn","floor":33.0,"key":"SMITH"},{"data":"rmod:acesubmarine","floor":42.0,"key":"SMITH"},{"data":"1","floor":44.0,"key":"LIFT"},{"data":"2","floor":46.0,"key":"LIFT"},{"floor":51,"key":"DIG"}],"circlet_count":0,"master_deck":["AscendersBane","rmod:strick","rmod:strick+1","rmod:strick","rmod:defend","rmod:defend","rmod:defend","rmod:basicallowance+1","rmod:maingunfire+1","rmod:royalracing+1","rmod:intelligenceanalysis","rmod:royalracing+1","rmod:fuelsupply+1","rmod:circuitoustactics+1","rmod:aviationdawn+1","rmod:acesubmarine+1","rmod:unsinkable"],"relics":["rmod:firstchargereward","NeowsBlessing","DemoMod:WhiteGuonStone","DemoMod:AgedBell","DemoMod:RingOfEthereal","Runic Dome","Gambling Chip","DemoMod:RatBoots","DemoMod:ResourcefulSack","DemoMod:PartiallyEatenCheese","Replay:Drink Me","Oddly Smooth Stone","DemoMod:MeatBun","DemoMod:GlassGuonStoneRelic","Girya","Replay:Accelerometer","Centennial Puzzle","ReplayTheSpireMod:Lightbulb"],"acts_visited":["Exordium","TheCity","TheCity","TheBeyond"],"potions_floor_usage":[],"damage_taken":[{"damage":0.0,"enemies":"Small Slimes","floor":1.0,"turns":1.0},{"damage":0.0,"enemies":"Jaw Worm","floor":2.0,"turns":1.0},{"damage":0.0,"enemies":"Cultist","floor":3.0,"turns":1.0},{"damage":15.0,"enemies":"3 Sentries","floor":6.0,"turns":5.0},{"damage":0.0,"enemies":"Blue Slaver","floor":8.0,"turns":2.0},{"damage":0.0,"enemies":"Red Slaver","floor":10.0,"turns":2.0},{"damage":0.0,"enemies":"Lots of Slimes","floor":12.0,"turns":3.0},{"damage":0.0,"enemies":"Lagavulin","floor":13.0,"turns":4.0},{"damage":0.0,"enemies":"Exordium Thugs","floor":14.0,"turns":2.0},{"damage":25.0,"enemies":"The Guardian","floor":16.0,"turns":7.0},{"damage":1.0,"enemies":"Shell Parasite","floor":18.0,"turns":3.0},{"damage":0.0,"enemies":"Spheric Guardian","floor":22.0,"turns":3.0},{"damage":2.0,"enemies":"Centurion and Healer","floor":24.0,"turns":4.0},{"damage":0.0,"enemies":"DemoMod:Red_and_blue_shotgun_kin","floor":28.0,"turns":2.0},{"damage":0.0,"enemies":"DemoMod:2_Veteran_bullet_kins_and_red_shotgun_kin","floor":29.0,"turns":1.0},{"damage":23.0,"enemies":"DemoMod:Veteran_shot_gun_kin_and_blue_shotgun_kin_with_gunsinger","floor":30.0,"turns":3.0},{"damage":0.0,"enemies":"DemoMod:Red_and_blue_shotgun_kin_with_gunsinger","floor":31.0,"turns":3.0},{"damage":4.0,"enemies":"DemoMod:Veteran_shot_gun_kin_and_red_shotgun_kin_with_gunsinger","floor":32.0,"turns":3.0},{"damage":6.0,"enemies":"DemoMod:ResourcefulRat","floor":35.0,"turns":7.0},{"damage":0.0,"enemies":"3 Darklings","floor":37.0,"turns":3.0},{"damage":0.0,"enemies":"Orb Walker","floor":39.0,"turns":2.0},{"damage":0.0,"enemies":"Maw","floor":41.0,"turns":3.0},{"damage":0.0,"enemies":"Reptomancer","floor":43.0,"turns":2.0},{"damage":0,"enemies":"4 Shapes","floor":47,"turns":2},{"damage":0,"enemies":"Transient","floor":50,"turns":5},{"damage":0,"enemies":"Replay:Hell Engine","floor":52,"turns":3}],"seed_played":"-5831858104552709418","potions_obtained":[{"floor":1.0,"key":"Strength Potion"},{"floor":3.0,"key":"GamblersBrew"},{"floor":8.0,"key":"FearPotion"},{"floor":14.0,"key":"Venom Potion"},{"floor":18.0,"key":"SteroidPotion"},{"floor":28.0,"key":"SkillPotion"},{"floor":35.0,"key":"Adrenaline Potion"},{"floor":37.0,"key":"SteroidPotion"},{"floor":47,"key":"Toxic Potion"}],"is_trial":false,"path_per_floor":["M","M","M","?","?","E","R","M","T","M","$","M","E","M","R","B",null,"M","?","$","?","M","R","M","?","T","R","M","M","M","M","M","R","B","B",null,"M","?","M","$","M","R","E","R","T","R","M","?","$","M","R","B",null],"character_chosen":"PRAEFECT","items_purchased":["DemoMod:GnawedKey","Gambling Chip","Oddly Smooth Stone","DemoMod:MeatBun","Energy Potion","Energy Potion","Centennial Puzzle"],"campfire_rested":0,"item_purchase_floors":[11,20,40,40,40,49,49],"current_hp_per_floor":[63,63,63,63,49,34,34,34,34,34,34,34,34,34,34,9,55,54,54,54,54,54,54,52,70,70,70,70,70,47,47,43,43,31,25,46,46,46,46,53,53,53,53,53,53,53,53,53,53,53,53,53],"gold":39,"neow_bonus":"THREE_ENEMY_KILL","is_daily":false,"chose_seed":false,"campfire_upgraded":6,"win_rate":0.0,"timestamp":1612989567,"path_taken":["M","M","M","?","?","E","R","M","T","M","$","M","E","M","R","BOSS","M","?","$","?","M","R","?","?","T","R","M","M","M","M","M","R","BOSS","BOSS","M","?","?","$","M","R","E","R","T","R","M","?","$","M","R","BOSS"],"items_purchased_type":["Relic","Relic","Relic","Relic","Potion","Potion","Relic"],"build_version":"2020-12-22","purchased_purges":1,"victory":true,"max_hp_per_floor":[70,70,70,70,70,70,70,70,70,70,70,70,70,70,70,70,70,70,70,70,70,70,70,70,70,70,70,70,70,70,70,70,70,70,70,53,53,53,53,53,53,53,53,53,53,53,53,53,53,53,53,53],"card_choices":[{"not_picked":["rmod:ammunitionsupply","rmod:tearstotiara"],"picked":"rmod:royalracing","floor":1.0},{"not_picked":["rmod:fletcherpendant","rmod:luckystar","rmod:steelsupply"],"picked":"SKIP","floor":2.0},{"not_picked":["rmod:supportescort","rmod:overbreakdown","rmod:wolves"],"picked":"SKIP","floor":3.0},{"not_picked":["rmod:ammunitionsupply","rmod:timeschanged"],"picked":"rmod:intelligenceanalysis","floor":6.0},{"not_picked":["rmod:royalracing","rmod:overbreakdown","rmod:ring"],"picked":"SKIP","floor":8.0},{"not_picked":["rmod:wasp","rmod:fuelsupply","rmod:victimresponsibility"],"picked":"SKIP","floor":10.0},{"not_picked":["rmod:wasp","rmod:fuelsupply","rmod:victimresponsibility"],"picked":"SKIP","floor":10.0},{"not_picked":["rmod:highspeedshooting","rmod:wife","rmod:aluminumsupply"],"picked":"SKIP","floor":12.0},{"not_picked":["rmod:victimresponsibility","rmod:aluminumsupply"],"picked":"rmod:royalracing","floor":13.0},{"not_picked":["rmod:supportescort","rmod:intelligenceanalysis"],"picked":"rmod:mineteam","floor":14.0},{"not_picked":["rmod:salvage","rmod:ammunitionsupply"],"picked":"rmod:fuelsupply","floor":18.0},{"not_picked":["rmod:combined","rmod:heivgo"],"picked":"rmod:circuitoustactics","floor":22.0},{"not_picked":["rmod:firesupport","rmod:intelligenceanalysis","rmod:diamondstrike"],"picked":"SKIP","floor":24.0},{"not_picked":["rmod:circuitoustactics","rmod:luckystar"],"picked":"rmod:aviationdawn","floor":28.0},{"not_picked":["rmod:firesupport","rmod:slowdown"],"picked":"rmod:acesubmarine","floor":29.0},{"not_picked":["rmod:aluminumsupply","rmod:luckystar+1","rmod:fletcherpendant"],"picked":"SKIP","floor":30.0},{"not_picked":["rmod:intelligenceanalysis","rmod:fletcherpendant"],"picked":"rmod:desperatesituation","floor":31.0},{"not_picked":["rmod:punchline","rmod:unsinkable","rmod:circuitoustactics"],"picked":"SKIP","floor":32.0},{"not_picked":["rmod:luckystar+1","rmod:wolves+1"],"picked":"rmod:slowdown","floor":36.0},{"not_picked":["rmod:tearstotiara","rmod:ammunitionsupply","rmod:aviationdawn"],"picked":"SKIP","floor":37.0},{"not_picked":["rmod:highspeedshooting","rmod:aviationdawn","rmod:fletcherpendant"],"picked":"SKIP","floor":39.0},{"not_picked":["rmod:heivgo","rmod:aluminumsupply","rmod:acesubmarine"],"picked":"SKIP","floor":41.0},{"not_picked":["rmod:goodfighter","rmod:firesupport","rmod:shuttlebombing"],"picked":"SKIP","floor":43.0},{"not_picked":["rmod:wolves","rmod:guardianhero"],"picked":"rmod:unsinkable","floor":47},{"not_picked":["rmod:intelligenceanalysis","rmod:highspeedshooting","rmod:timeschanged"],"picked":"SKIP","floor":50}],"player_experience":255974,"relics_obtained":[{"floor":6.0,"key":"DemoMod:WhiteGuonStone"},{"floor":9.0,"key":"DemoMod:AgedBell"},{"floor":13.0,"key":"DemoMod:RingOfEthereal"},{"floor":36.0,"key":"DemoMod:RatBoots"},{"floor":36.0,"key":"DemoMod:ResourcefulSack"},{"floor":36.0,"key":"DemoMod:PartiallyEatenCheese"},{"floor":36.0,"key":"Replay:Drink Me"},{"floor":43.0,"key":"Girya"},{"floor":45.0,"key":"Replay:Accelerometer"},{"floor":51,"key":"ReplayTheSpireMod:Lightbulb"}],"event_choices":[{"damage_healed":0.0,"max_hp_gain":0.0,"max_hp_loss":0.0,"gold_gain":0.0,"event_name":"Living Wall","player_choice":"Grow","floor":4.0,"gold_loss":0.0,"damage_taken":0.0,"cards_upgraded":["rmod:royalracing"]},{"damage_healed":0.0,"max_hp_gain":0.0,"max_hp_loss":0.0,"gold_gain":0.0,"event_name":"Shining Light","player_choice":"Entered Light","floor":5.0,"gold_loss":0.0,"damage_taken":14.0,"cards_upgraded":["rmod:maingunfire","rmod:strick"]},{"damage_healed":0.0,"max_hp_gain":0.0,"max_hp_loss":0.0,"gold_gain":0.0,"event_name":"Cursed Tome","player_choice":"Ignored","floor":19.0,"gold_loss":0.0,"damage_taken":0.0},{"damage_healed":0.0,"max_hp_gain":0.0,"max_hp_loss":0.0,"gold_gain":100.0,"event_name":"The Joust","player_choice":"Bet on Murderer","floor":21.0,"gold_loss":50.0,"damage_taken":0.0},{"cards_removed":["rmod:mineteam"],"damage_healed":18.0,"max_hp_gain":0.0,"max_hp_loss":0.0,"gold_gain":0.0,"event_name":"Bonfire Elementals","player_choice":"Offered Uncommon","floor":25.0,"gold_loss":0.0,"damage_taken":0.0},{"damage_healed":0.0,"max_hp_gain":0.0,"max_hp_loss":0.0,"gold_gain":0.0,"event_name":"Transmorgrifier","player_choice":"Ignored","floor":38.0,"gold_loss":0.0,"damage_taken":0.0},{"damage_healed":0,"gold_gain":0,"player_choice":"Ignored","damage_taken":0,"max_hp_gain":0,"max_hp_loss":0,"event_name":"Tomb of Lord Red Mask","floor":48,"gold_loss":0}],"is_beta":false,"boss_relics":[{"not_picked":["Fusion Hammer","Ring of Chaos"],"picked":"Runic Dome"},{"not_picked":[]}],"items_purged_floors":[49],"is_endless":false,"potions_floor_spawned":[1,3,8,14,18,22,28,29,31,35,37,47,50],"ascension_level":14}}