{"host":"it04jaz8eul1eh3d","time":1612946639,"event":{"mods":["AchievementEnabler","BaseMod","Colored Map","DeckTracker","Keyboard Shortcuts","Minty Spire (QoL Compilation)","SuperFastMode"],"gold_per_floor":[117,117,135,60,70,100,114,114,165,165,340,340,353,367,367,367,367],"floor_reached":16,"language":"KOR","playtime":509,"items_purged":["Pain"],"score":102,"play_id":"de37ae3b-a4a3-4dab-8c50-d08be8564411","local_time":"20210210174359","is_ascension_mode":false,"campfire_choices":[{"data":"Bash","floor":10,"key":"SMITH"},{"floor":15,"key":"REST"}],"circlet_count":0,"master_deck":["Strike_R","Strike_R","Strike_R","Strike_R","Defend_R","Defend_R","Defend_R","Bash+1","Heavy Blade","Sever Soul","Exhume","Impervious"],"relics":["Burning Blood","NeowsBlessing","WarpedTongs","Matryoshka","Regal Pillow","Omamori"],"acts_visited":["Exordium"],"potions_floor_usage":[],"damage_taken":[{"damage":0,"enemies":"Jaw Worm","floor":1,"turns":1},{"damage":0,"enemies":"Cultist","floor":3,"turns":1},{"damage":0,"enemies":"2 Louse","floor":5,"turns":1},{"damage":34,"enemies":"Gremlin Nob","floor":6,"turns":5},{"damage":11,"enemies":"2 Fungi Beasts","floor":7,"turns":4},{"damage":12,"enemies":"Looter","floor":13,"turns":3},{"damage":33,"enemies":"Gremlin Gang","floor":14,"turns":5},{"damage":48,"enemies":"The Guardian","floor":16,"turns":5}],"seed_played":"-954597856849632460","potions_obtained":[{"floor":3,"key":"Ancient Potion"},{"floor":13,"key":"SpeedPotion"},{"floor":14,"key":"Strength Potion"}],"is_trial":false,"path_per_floor":["M","?","M","$","M","E","M","?","T","R","?","?","M","M","R","B"],"character_chosen":"IRONCLAD","items_purchased":[],"campfire_rested":1,"item_purchase_floors":[],"current_hp_per_floor":[80,80,80,80,80,52,47,40,40,40,40,40,34,7,46,0,0],"gold":367,"neow_bonus":"THREE_ENEMY_KILL","is_daily":false,"chose_seed":false,"campfire_upgraded":1,"win_rate":0.0,"timestamp":1612946639,"path_taken":["M","?","M","$","?","E","M","?","T","R","?","?","M","M","R","BOSS"],"items_purchased_type":[],"build_version":"2020-12-22","purchased_purges":1,"victory":false,"max_hp_per_floor":[80,80,80,80,80,80,80,80,80,80,80,80,80,80,80,80,80],"card_choices":[{"not_picked":["Clash","Clothesline","Headbutt"],"picked":"SKIP","floor":1},{"not_picked":["Pummel","Second Wind","Clash"],"picked":"SKIP","floor":3},{"not_picked":["Iron Wave","Disarm"],"picked":"Heavy Blade","floor":5},{"not_picked":["Flex","Feel No Pain"],"picked":"Sever Soul","floor":6},{"not_picked":["Second Wind","Seeing Red","Headbutt"],"picked":"SKIP","floor":7},{"not_picked":["Twin Strike","Pummel","Havoc"],"picked":"SKIP","floor":13},{"not_picked":["Body Slam","Pommel Strike"],"picked":"Impervious","floor":14}],"player_experience":156744,"relics_obtained":[{"floor":6,"key":"Matryoshka"},{"floor":9,"key":"Regal Pillow"},{"floor":9,"key":"Omamori"}],"event_choices":[{"damage_healed":0,"gold_gain":0,"player_choice":"Rummage","damage_taken":0,"relics_obtained":["WarpedTongs"],"max_hp_gain":0,"max_hp_loss":0,"event_name":"Accursed Blacksmith","floor":2,"gold_loss":0,"cards_obtained":["Pain"]},{"cards_removed":["Strike_R"],"damage_healed":0,"gold_gain":0,"player_choice":"Card Removal","damage_taken":7,"max_hp_gain":0,"max_hp_loss":0,"event_name":"Golden Wing","floor":8,"gold_loss":0},{"damage_healed":0,"gold_gain":175,"player_choice":"AGREE","damage_taken":0,"max_hp_gain":0,"max_hp_loss":0,"event_name":"Liars Game","floor":11,"gold_loss":0,"cards_obtained":["Doubt"]},{"damage_healed":0,"gold_gain":0,"cards_transformed":["Defend_R"],"player_choice":"Change","damage_taken":0,"max_hp_gain":0,"max_hp_loss":0,"event_name":"Living Wall","floor":12,"gold_loss":0,"cards_obtained":["Exhume"]}],"is_beta":false,"boss_relics":[],"items_purged_floors":[4],"is_endless":false,"potions_floor_spawned":[3,13,14],"killed_by":"The Guardian","ascension_level":0}}