{"host":"aelxjre69umlx7r4","time":1612972139,"event":{"mods":["AchievementEnabler","BaseMod","Colored Map","DeckTracker","Highlight Path","Keyboard Shortcuts","Minty Spire (QoL Compilation)","Permanent Neow","SuperFastMode"],"gold_per_floor":[114,126,226,239,256,284,284,312,365,409,440,452,479,501,513,623,635,662,674,596,608,639,686,479,479,479,496,516,516,516,516,516],"floor_reached":31,"language":"KOR","playtime":751,"items_purged":["Strike_R"],"score":277,"play_id":"b6ecdc11-df66-4c30-a55c-850c27995ec9","local_time":"20210211004859","is_ascension_mode":false,"campfire_choices":[{"data":"Battle Trance","floor":7.0,"key":"SMITH"},{"data":"Whirlwind","floor":12.0,"key":"SMITH"},{"data":"Uppercut","floor":15.0,"key":"SMITH"},{"data":"Armaments","floor":25.0,"key":"SMITH"},{"data":"Inflame","floor":30,"key":"SMITH"}],"circlet_count":0,"master_deck":["Strike_R","Defend_R+1","Defend_R","Defend_R+1","Bash","Flex+1","Battle Trance+1","Uppercut+1","Whirlwind+1","Flex","Feed","Iron Wave+1","Rage+1","Feel No Pain+1","Inflame+1","Armaments+1","Reaper","Whirlwind+1","Whirlwind+1"],"relics":["Burning Blood","PreservedInsect","MealTicket","White Beast Statue","MawBank","War Paint","Astrolabe","Eternal Feather","OrangePellets","Matryoshka"],"acts_visited":["Exordium","TheCity"],"potions_floor_usage":[31],"damage_taken":[{"damage":6.0,"enemies":"Jaw Worm","floor":1.0,"turns":3.0},{"damage":6.0,"enemies":"Cultist","floor":2.0,"turns":3.0},{"damage":10.0,"enemies":"Small Slimes","floor":4.0,"turns":3.0},{"damage":15.0,"enemies":"Looter","floor":5.0,"turns":4.0},{"damage":31.0,"enemies":"Lagavulin","floor":6.0,"turns":5.0},{"damage":14.0,"enemies":"Gremlin Nob","floor":8.0,"turns":3.0},{"damage":27.0,"enemies":"3 Sentries","floor":10.0,"turns":4.0},{"damage":4.0,"enemies":"Exordium Thugs","floor":11.0,"turns":3.0},{"damage":0.0,"enemies":"2 Fungi Beasts","floor":13.0,"turns":2.0},{"damage":0.0,"enemies":"3 Louse","floor":14.0,"turns":1.0},{"damage":37.0,"enemies":"The Guardian","floor":16.0,"turns":9.0},{"damage":22.0,"enemies":"Spheric Guardian","floor":18.0,"turns":4.0},{"damage":31.0,"enemies":"Shell Parasite","floor":22.0,"turns":6.0},{"damage":39.0,"enemies":"Book of Stabbing","floor":23.0,"turns":5.0},{"damage":36.0,"enemies":"Sentry and Sphere","floor":27.0,"turns":8.0},{"damage":8.0,"enemies":"Centurion and Healer","floor":28.0,"turns":5.0},{"damage":38,"enemies":"Snake Plant","floor":31,"turns":4}],"seed_played":"1815526235802720013","potions_obtained":[{"floor":4.0,"key":"SneckoOil"},{"floor":5.0,"key":"BloodPotion"},{"floor":10.0,"key":"Ancient Potion"},{"floor":11.0,"key":"LiquidMemories"},{"floor":13.0,"key":"DistilledChaos"},{"floor":16.0,"key":"SneckoOil"},{"floor":18.0,"key":"Dexterity Potion"},{"floor":27.0,"key":"Explosive Potion"}],"is_trial":false,"path_per_floor":["M","M","?","M","M","E","R","E","T","E","M","R","M","M","R","B",null,"M","$","?","$","M","E","$","R","T","M","M","?","R","M"],"character_chosen":"IRONCLAD","items_purchased":["OrangePellets"],"campfire_rested":0,"item_purchase_floors":[24],"current_hp_per_floor":[80,80,80,76,80,55,55,47,47,26,28,28,34,40,40,9,80,64,79,79,80,55,22,37,46,46,23,21,21,30,0,0],"gold":516,"neow_bonus":"RANDOM_COMMON_RELIC","is_daily":false,"chose_seed":false,"campfire_upgraded":5,"win_rate":0.0,"timestamp":1612972139,"path_taken":["M","M","?","?","M","E","R","E","T","E","?","R","M","M","R","BOSS","M","$","?","?","?","E","$","R","T","?","M","?","R","M"],"items_purchased_type":["Relic"],"build_version":"2020-12-22","purchased_purges":1,"victory":false,"max_hp_per_floor":[80,80,80,80,80,80,80,80,80,80,80,80,80,80,80,80,80,80,80,80,80,80,80,80,80,80,83,83,83,83,83,83],"card_choices":[{"not_picked":["Wild Strike","Dark Embrace"],"picked":"Flex","floor":1.0},{"not_picked":["Infernal Blade","Wild Strike"],"picked":"Battle Trance","floor":2.0},{"not_picked":["Perfected Strike","Metallicize","Headbutt"],"picked":"SKIP","floor":4.0},{"not_picked":["Wild Strike","Clothesline"],"picked":"Uppercut","floor":5.0},{"not_picked":["Dual Wield","Anger","Bloodletting"],"picked":"SKIP","floor":6.0},{"not_picked":["Seeing Red","Disarm"],"picked":"Whirlwind","floor":8.0},{"not_picked":["Perfected Strike","Uppercut"],"picked":"Flex","floor":10.0},{"not_picked":["Searing Blow","Shockwave","Headbutt"],"picked":"SKIP","floor":11.0},{"not_picked":["Anger","Rage","Shrug It Off"],"picked":"SKIP","floor":13.0},{"not_picked":["Immolate","Havoc","Clothesline"],"picked":"SKIP","floor":14.0},{"not_picked":["Brutality","Exhume"],"picked":"Feed","floor":16.0},{"not_picked":["Perfected Strike","Flame Barrier"],"picked":"Inflame","floor":18.0},{"not_picked":["Clothesline","Twin Strike+1"],"picked":"Armaments","floor":22.0},{"not_picked":["Combust+1","Berserk"],"picked":"Reaper","floor":23.0},{"not_picked":["Entrench","Warcry"],"picked":"Whirlwind+1","floor":27.0},{"not_picked":["Cleave","Heavy Blade"],"picked":"Whirlwind+1","floor":28.0}],"player_experience":442852,"relics_obtained":[{"floor":6.0,"key":"MealTicket"},{"floor":8.0,"key":"White Beast Statue"},{"floor":9.0,"key":"MawBank"},{"floor":10.0,"key":"War Paint"},{"floor":23.0,"key":"Eternal Feather"},{"floor":26.0,"key":"Matryoshka"}],"event_choices":[{"damage_healed":0.0,"max_hp_gain":0.0,"max_hp_loss":0.0,"gold_gain":100.0,"event_name":"Golden Shrine","player_choice":"Pray","floor":3.0,"gold_loss":0.0,"damage_taken":0.0},{"cards_removed":["Strike_R"],"damage_healed":0.0,"max_hp_gain":0.0,"max_hp_loss":0.0,"gold_gain":0.0,"event_name":"Designer","player_choice":"Upgrade and Remove","floor":20.0,"gold_loss":90.0,"damage_taken":0.0,"cards_upgraded":["Defend_R"]},{"damage_healed":0,"gold_gain":0,"player_choice":"Ignored","damage_taken":0,"max_hp_gain":0,"max_hp_loss":0,"event_name":"Cursed Tome","floor":29,"gold_loss":0}],"is_beta":false,"boss_relics":[{"not_picked":["Pandora\u0027s Box","Snecko Eye"],"picked":"Astrolabe"}],"items_purged_floors":[24],"is_endless":false,"potions_floor_spawned":[4,5,10,11,13,14,16,18,22,23,27,28],"killed_by":"Snake Plant","ascension_level":0}}