{"host":"474oh00kq6ni8dn3","time":1612961745,"event":{"mods":["AchievementEnabler","Aspiration","BaseMod","Better Note","Better Third Choice","Colored Map","Colored Powertips","Conspire","Custom Start","Defuse TimeMaze Blight","GifTheSpireLib","Googly Eyes","Halation","Hubris","Infinite Spire","Jedi Mod","Minty Spire (QoL Compilation)","Permanent Neow","Quick Restart","Rare Cards Sparkle","Reliquary","Replay The Spire","Shop Mod","StSLib","Stuff the Spire","The IronCluck","The Jungle","Trackpad","Unceasing Turn Reminder","slay the spire mod where everything is the same but ironclad has a cowboy hat"],"gold_per_floor":[116,134,153,153,33,33,45,74,74,93,110,136,148,175,187,296,308,332,344,356,380,332,344,383,408,420,452,490,502,514,581,593,701,713,738,227,339,351,363,375,428,466,502,529,271,301,301,301,44,73,73,73],"floor_reached":53,"language":"ENG","playtime":4523,"items_purged":["Writhe","StuffTheSpire:CuriosityCurse","Strike_G"],"score":1068,"play_id":"5b89fdd4-a415-4dd0-b2d8-3def98ff9875","local_time":"20210210125545","is_ascension_mode":false,"campfire_choices":[{"data":"Noxious Fumes","floor":6.0,"key":"SMITH"},{"data":"Terror","floor":15.0,"key":"SMITH"},{"data":"Burst","floor":23.0,"key":"SMITH"},{"data":"Fluid Movement","floor":29.0,"key":"SMITH"},{"data":"Replay:Bag of Tricks","floor":32.0,"key":"SMITH"},{"data":"hubris:Fate","floor":40.0,"key":"SMITH"},{"data":"Replay:Dark Deal","floor":51,"key":"SMITH"}],"circlet_count":0,"master_deck":["Strike_G","Strike_G","Strike_G","Strike_G","Defend_G","Defend_G","Defend_G","Defend_G","Defend_G","Survivor","Neutralize+1","Blur","Dagger Throw+1","Noxious Fumes+1","Backstab","All Out Attack","Terror+1","Cloak And Dagger","Burst+1","Backflip","Replay:Bag of Tricks+1","jedi:harder+1","Fluid Movement+1","Catalyst+1","Bane","Blade Dance+1","hubris:Fate+1","ReplayTheSpireMod:Chaos Vortex","Replay:Dark Deal+1"],"relics":["Ring of the Snake","Blood Vial","trackpad:WindUpAutoDealer","MawBank","aspiration:FutureDiary","trackpad:Mousetrap","Oddly Smooth Stone","aspiration:TomeofQuesting","Quantum Egg","hubris:Icosahedron","StuffTheSpire:HeavyRock","hubris:TerracottaHorce","trackpad:HandOfMidas","BargainBundle","Pear","infinitespire:WardingShard","Nunchaku","aspiration:VileToxins","hubris:MysteriousPyramids"],"acts_visited":["Exordium","TheCity","TheBeyond"],"potions_floor_usage":[50],"damage_taken":[{"damage":0.0,"enemies":"Cultist","floor":1.0,"turns":4.0},{"damage":0.0,"enemies":"Jaw Worm","floor":2.0,"turns":5.0},{"damage":0.0,"enemies":"2 Louse","floor":3.0,"turns":2.0},{"damage":0.0,"enemies":"2 Fungi Beasts","floor":7.0,"turns":4.0},{"damage":26.0,"enemies":"Lagavulin","floor":8.0,"turns":9.0},{"damage":0.0,"enemies":"Exordium Wildlife","floor":10.0,"turns":3.0},{"damage":2.0,"enemies":"Large Slime","floor":11.0,"turns":4.0},{"damage":7.0,"enemies":"3 Sentries","floor":12.0,"turns":5.0},{"damage":0.0,"enemies":"Blue Slaver","floor":14.0,"turns":2.0},{"damage":15.0,"enemies":"The Guardian","floor":16.0,"turns":11.0},{"damage":10.0,"enemies":"3 Byrds","floor":18.0,"turns":5.0},{"damage":0.0,"enemies":"Shell Parasite","floor":21.0,"turns":2.0},{"damage":3.0,"enemies":"conspire:SneckoGhost","floor":24.0,"turns":6.0},{"damage":2.0,"enemies":"Centurion and Healer","floor":25.0,"turns":6.0},{"damage":0.0,"enemies":"Cultist and Chosen","floor":27.0,"turns":7.0},{"damage":0.0,"enemies":"conspire:Head Lice","floor":28.0,"turns":7.0},{"damage":17.0,"enemies":"hubris:MusketHawk","floor":33.0,"turns":7.0},{"damage":19.0,"enemies":"3 Darklings","floor":35.0,"turns":9.0},{"damage":0.0,"enemies":"infinitespire:Three Voidlings","floor":37.0,"turns":3.0},{"damage":0.0,"enemies":"Nightmare_Alpha","floor":37.0,"turns":9.0},{"damage":0.0,"enemies":"3 Shapes","floor":41.0,"turns":2.0},{"damage":0.0,"enemies":"Giant Head","floor":42.0,"turns":7.0},{"damage":0.0,"enemies":"Transient","floor":44.0,"turns":5.0},{"damage":0,"enemies":"Reptomancer","floor":46,"turns":2},{"damage":0,"enemies":"R_Hoarder","floor":50,"turns":4},{"damage":0,"enemies":"infinitespire:MassOfShapes","floor":52,"turns":8}],"seed_played":"-4380862546193309477","potions_obtained":[{"floor":1.0,"key":"Elixir"},{"floor":7.0,"key":"LifebloodPotion"},{"floor":10.0,"key":"ColorlessPotion"},{"floor":12.0,"key":"Weak Potion"},{"floor":16.0,"key":"Block Potion"},{"floor":18.0,"key":"jedi:mysterypotion"},{"floor":28.0,"key":"Ancient Potion"},{"floor":33.0,"key":"FearPotion"},{"floor":35.0,"key":"LifebloodPotion"},{"floor":46,"key":"Block Potion"}],"is_trial":false,"path_per_floor":["M","M","M","?","$","R","M","E","T","M","M","E","?","M","R_BF","B",null,"M","?","?","M","?","R","E","M","T","M","E","R","?","?","R","B",null,"M","?","?","AVR","?","R","M","E","T","M","$","E","PTL","PTL","$","E","R","B",null],"character_chosen":"THE_SILENT","items_purchased":["Noxious Fumes","Backstab","Replay:Dark Deal","aspiration:VileToxins"],"campfire_rested":0,"item_purchase_floors":[5,5,45,49],"current_hp_per_floor":[70,70,70,70,70,70,70,44,44,46,46,41,64,66,66,53,70,60,60,60,62,62,62,61,61,61,63,65,65,65,65,65,50,65,48,48,52,52,62,62,64,66,66,68,68,70,70,70,70,72,72,74],"gold":73,"neow_bonus":"RANDOM_EVENT","is_daily":false,"chose_seed":false,"campfire_upgraded":7,"win_rate":0.0,"timestamp":1612961745,"path_taken":["M","?","M","?","$","R","M","E","T","M","?","E","?","M","R_BF","BOSS","M","?","?","M","?","R","E","?","T","?","E","R","?","?","R","BOSS","M","?","?","AVR","?","R","M","E","T","M","$","E","PTL","PTL","?","E","R","BOSS"],"items_purchased_type":["Card","Card","Card","Relic"],"build_version":"2020-12-22","purchased_purges":3,"victory":true,"max_hp_per_floor":[70,70,70,70,70,70,70,70,70,70,70,70,70,70,70,70,70,70,70,70,70,70,70,70,70,70,70,70,70,70,70,70,70,70,70,70,70,70,80,80,80,80,80,80,80,80,80,80,80,80,80,80],"card_choices":[{"not_picked":["Dagger Throw","StuffTheSpire:Python"],"picked":"Blur","floor":1.0},{"not_picked":["PiercingWail","Underhanded Strike"],"picked":"Dagger Throw","floor":2.0},{"not_picked":["Hidden Blade","StuffTheSpire:BumpUp","Escape Plan"],"picked":"SKIP","floor":3.0},{"not_picked":["PiercingWail","Prepared","StuffTheSpire:BumpUp"],"picked":"SKIP","floor":7.0},{"not_picked":["Underhanded Strike","Atom Bomb"],"picked":"All Out Attack","floor":8.0},{"not_picked":["Bane","hubris:Sniper"],"picked":"Terror","floor":10.0},{"not_picked":["Deflect","PiercingWail"],"picked":"Cloak And Dagger","floor":11.0},{"not_picked":["Acrobatics","Well Laid Plans"],"picked":"Burst","floor":12.0},{"not_picked":["ReplayTheSpireMod:Exploit Weakness","jedi:unstablefumes"],"picked":"Backflip","floor":14.0},{"not_picked":["Poison Darts","After Image"],"picked":"Replay:Bag of Tricks","floor":16.0},{"not_picked":["Flying Knee","StuffTheSpire:ClusterCrunch+1","Acrobatics"],"picked":"SKIP","floor":18.0},{"not_picked":["Well Laid Plans","Quick Slash","Underhanded Strike"],"picked":"SKIP","floor":21.0},{"not_picked":["Tactician","Deadly Poison","StuffTheSpire:Shiver"],"picked":"SKIP","floor":24.0},{"not_picked":["Tactician","Deadly Poison","StuffTheSpire:Shiver"],"picked":"SKIP","floor":24.0},{"not_picked":["jedi:brewingpoison","StuffTheSpire:BumpUp+1"],"picked":"Fluid Movement","floor":25.0},{"not_picked":["Draining Mist+1","Deflect","Dagger Spray"],"picked":"SKIP","floor":27.0},{"not_picked":["Slice","jedi:pocketpoison"],"picked":"Catalyst+1","floor":28.0},{"not_picked":["Backflip","Predator"],"picked":"Bane","floor":31.0},{"not_picked":["Quick Slash","Bane"],"picked":"Blade Dance+1","floor":31.0},{"not_picked":["Endless Agony+1","StuffTheSpire:Python","Dagger Throw"],"picked":"SKIP","floor":35.0},{"not_picked":["infinitespire:DeathsTouch","infinitespire:Oblivion"],"picked":"hubris:Fate","floor":36.0},{"not_picked":["infinitespire:FutureSight","ReplayTheSpireMod:Echoes of Time"],"picked":"ReplayTheSpireMod:Chaos Vortex","floor":37.0},{"not_picked":["Quick Slash","Poison Darts","Dagger Throw+1"],"picked":"SKIP","floor":41.0},{"not_picked":["Flying Knee","StuffTheSpire:DoubleShiv+1","Eviscerate+1"],"picked":"SKIP","floor":42.0},{"not_picked":["Bane","hubris:SlightOfHand+1","Sneak Up"],"picked":"SKIP","floor":44.0},{"not_picked":["Hidden Blade","jedi:unstablefumes","Underhanded Strike+1"],"picked":"SKIP","floor":46},{"not_picked":["Flying Knee+1","Masterful Stab","StuffTheSpire:DoubleShiv+1"],"picked":"SKIP","floor":50}],"player_experience":58089,"relics_obtained":[{"floor":8.0,"key":"Blood Vial"},{"floor":9.0,"key":"trackpad:WindUpAutoDealer"},{"floor":12.0,"key":"MawBank"},{"floor":24.0,"key":"Oddly Smooth Stone"},{"floor":26.0,"key":"aspiration:TomeofQuesting"},{"floor":28.0,"key":"Quantum Egg"},{"floor":31.0,"key":"StuffTheSpire:HeavyRock"},{"floor":37.0,"key":"trackpad:HandOfMidas"},{"floor":42.0,"key":"infinitespire:WardingShard"},{"floor":46,"key":"Nunchaku"},{"floor":50,"key":"hubris:MysteriousPyramids"}],"event_choices":[{"damage_healed":0.0,"max_hp_gain":0.0,"max_hp_loss":0.0,"gold_gain":0.0,"event_name":"Living Wall","player_choice":"Grow","floor":0.0,"gold_loss":0.0,"damage_taken":0.0,"cards_upgraded":["Neutralize"]},{"damage_healed":0.0,"max_hp_gain":0.0,"max_hp_loss":0.0,"gold_gain":0.0,"event_name":"Upgrade Shrine","player_choice":"Upgraded","floor":4.0,"gold_loss":0.0,"damage_taken":0.0,"cards_upgraded":["Dagger Throw"]},{"damage_healed":23.0,"max_hp_gain":0.0,"max_hp_loss":0.0,"gold_gain":0.0,"event_name":"Big Fish","player_choice":"Banana","floor":13.0,"gold_loss":0.0,"damage_taken":0.0},{"damage_healed":0.0,"max_hp_gain":0.0,"max_hp_loss":0.0,"gold_gain":0.0,"event_name":"betterNote:BetterNote","player_choice":"Take","floor":19.0,"gold_loss":0.0,"damage_taken":0.0,"cards_obtained":["jedi:harder"]},{"damage_healed":0.0,"max_hp_gain":0.0,"max_hp_loss":0.0,"gold_gain":0.0,"event_name":"The Mausoleum","player_choice":"Opened","floor":20.0,"gold_loss":0.0,"damage_taken":0.0,"relics_obtained":["trackpad:Mousetrap"],"cards_obtained":["Writhe"]}],"is_beta":false,"boss_relics":[{"not_picked":["hubris:GrandSneckoEye","StuffTheSpire:RunicConfusion"],"picked":"aspiration:FutureDiary"},{"not_picked":["Replay:Bronze Core","Replay:Drink Me"],"picked":"hubris:TerracottaHorce"}],"items_purged_floors":[38,45,49],"is_endless":false,"potions_floor_spawned":[1,7,10,12,14,16,18,28,33,35,37,41,46],"ascension_level":0}}