{"host":"uv5ws9rdk87e8i5k","time":1612921090,"event":{"mods":["AchievementEnabler","BaseMod","Colored Map","Minty Spire (QoL Compilation)","Permanent Neow","Quick Restart","StSLib","SuperFastMode","The Necromancer"],"gold_per_floor":[116,116,170,183,199,199,228,287,334,64,95,95,114,148,148,244,244,262,262,262,281,293,293,321,341,341,29,29,45,73,73,73,171,171,190,190,190,190,190,190,225,225,225,225,242,260,5,54,54,54],"floor_reached":51,"language":"ENG","playtime":1290,"items_purged":["Doubt","Strike_R+1"],"score":1181,"play_id":"ca5fd949-3142-4359-b606-72e90bfbbc4d","local_time":"20210209193810","is_ascension_mode":true,"campfire_choices":[{"floor":6.0,"key":"DIG"},{"floor":12.0,"key":"DIG"},{"floor":15.0,"key":"DIG"},{"floor":23.0,"key":"DIG"},{"floor":28.0,"key":"DIG"},{"floor":32.0,"key":"DIG"},{"floor":40,"key":"DIG"},{"floor":42,"key":"DIG"},{"floor":44,"key":"DIG"},{"floor":49,"key":"DIG"}],"circlet_count":0,"master_deck":["AscendersBane","Strike_R+1","Strike_R+1","Strike_R+1","Strike_R+1","Defend_R+1","Defend_R+1","Defend_R+1","Defend_R+1","Bash","Perfected Strike","Headbutt","Clash","Seeing Red","Anger","Shrug It Off","Impervious","Rampage","Burning Pact","Reaper","Clothesline","Seeing Red","Sever Soul+1","Infernal Blade","Fiend Fire","Battle Trance+1","Seeing Red","Seeing Red","Headbutt","Rage+1","Burning Pact+1","Combust","Exhume+1"],"relics":["Burning Blood","Shovel","Lizard Tail","Juzu Bracelet","Omamori","Question Card","MealTicket","Oddly Smooth Stone","Thread and Needle","Matryoshka","Ice Cream","Busted Crown","White Beast Statue","Bag of Marbles","Art of War","CaptainsWheel","Eternal Feather","Toy Ornithopter","Dream Catcher","MutagenicStrength","Self Forming Clay","Cursed Key","Paper Frog","Prayer Wheel","Centennial Puzzle","Lantern","Toxic Egg 2","Happy Flower","FossilizedHelix","Mummified Hand"],"acts_visited":["Exordium","TheCity","TheBeyond"],"potions_floor_usage":[33,33,41,45,46,48,50,50],"damage_taken":[{"damage":5.0,"enemies":"Small Slimes","floor":1.0,"turns":4.0},{"damage":12.0,"enemies":"Jaw Worm","floor":4.0,"turns":3.0},{"damage":1.0,"enemies":"2 Louse","floor":5.0,"turns":3.0},{"damage":41.0,"enemies":"Lagavulin","floor":7.0,"turns":6.0},{"damage":14.0,"enemies":"Gremlin Nob","floor":11.0,"turns":4.0},{"damage":0.0,"enemies":"2 Fungi Beasts","floor":13.0,"turns":3.0},{"damage":0.0,"enemies":"3 Sentries","floor":14.0,"turns":5.0},{"damage":17.0,"enemies":"Slime Boss","floor":16.0,"turns":12.0},{"damage":20.0,"enemies":"Chosen","floor":18.0,"turns":5.0},{"damage":20.0,"enemies":"2 Thieves","floor":21.0,"turns":4.0},{"damage":37.0,"enemies":"Snake Plant","floor":22.0,"turns":5.0},{"damage":25.0,"enemies":"Slavers","floor":24.0,"turns":6.0},{"damage":23.0,"enemies":"Cultist and Chosen","floor":25.0,"turns":6.0},{"damage":0.0,"enemies":"Centurion and Healer","floor":29.0,"turns":6.0},{"damage":20.0,"enemies":"Book of Stabbing","floor":30.0,"turns":5.0},{"damage":62,"enemies":"Champ","floor":33,"turns":11},{"damage":0,"enemies":"Orb Walker","floor":35,"turns":3},{"damage":47,"enemies":"Reptomancer","floor":41,"turns":4},{"damage":14,"enemies":"3 Darklings","floor":45,"turns":6},{"damage":3,"enemies":"Sphere and 2 Shapes","floor":46,"turns":3},{"damage":29,"enemies":"2 Orb Walkers","floor":48,"turns":5},{"damage":131,"enemies":"Time Eater","floor":50,"turns":13}],"seed_played":"4239002900398278712","potions_obtained":[{"floor":1.0,"key":"Fire Potion"},{"floor":5.0,"key":"LiquidMemories"},{"floor":14.0,"key":"FairyPotion"},{"floor":16.0,"key":"SpeedPotion"},{"floor":22.0,"key":"BlessingOfTheForge"},{"floor":24.0,"key":"FearPotion"},{"floor":25.0,"key":"EssenceOfSteel"},{"floor":29.0,"key":"AttackPotion"},{"floor":30.0,"key":"PowerPotion"},{"floor":33,"key":"Ancient Potion"},{"floor":35,"key":"FearPotion"},{"floor":36,"key":"FairyPotion"},{"floor":36,"key":"EssenceOfSteel"},{"floor":41,"key":"Explosive Potion"},{"floor":45,"key":"PowerPotion"},{"floor":46,"key":"Swift Potion"},{"floor":48,"key":"Strength Potion"}],"is_trial":false,"path_per_floor":["M","?","T","M","M","R","E","?","T","$","E","R","M","E","R","B",null,"M","?","?","M","M","R","E","M","T","$","R","M","E","?","R","B",null,"M","?","?","?","?","R","E","R","T","R","M","M","$","?","R","B",null],"character_chosen":"IRONCLAD","items_purchased":["Anger","Shrug It Off","Weak Potion","SpeedPotion","Seeing Red","Eternal Feather","Burning Pact+1","Combust"],"campfire_rested":0,"item_purchase_floors":[10,10,10,10,27,27,47,47],"current_hp_per_floor":[73,55,55,49,54,54,19,19,19,34,26,26,32,38,38,27,67,57,57,42,36,8,8,31,26,26,41,53,67,58,58,73,31,72,78,78,78,78,78,81,48,63,63,78,73,81,81,62,80,46],"gold":54,"neow_bonus":"ONE_RARE_RELIC","is_daily":false,"chose_seed":false,"campfire_upgraded":0,"win_rate":0.0,"timestamp":1612921090,"path_taken":["M","?","?","M","M","R","E","?","T","$","E","R","M","E","R","BOSS","M","?","?","M","M","R","E","M","T","$","R","M","E","?","R","BOSS","M","?","?","?","?","R","E","R","T","R","M","M","$","?","R","BOSS"],"items_purchased_type":["Card","Card","Potion","Potion","Card","Relic","Card","Card"],"build_version":"2020-12-22","purchased_purges":2,"victory":true,"max_hp_per_floor":[80,80,80,80,80,80,80,80,80,80,80,80,80,80,80,80,80,80,80,85,85,85,85,85,85,85,85,85,85,85,85,85,85,85,85,85,85,85,81,81,81,81,81,81,81,81,81,81,81,81],"card_choices":[{"not_picked":["Warcry","Clash"],"picked":"Perfected Strike","floor":1.0},{"not_picked":["Heavy Blade","Cleave"],"picked":"Headbutt","floor":4.0},{"not_picked":["Metallicize","Inflame"],"picked":"Clash","floor":5.0},{"not_picked":["Feel No Pain","Heavy Blade"],"picked":"Seeing Red","floor":7.0},{"not_picked":["Wild Strike","Iron Wave","Combust"],"picked":"Impervious","floor":11.0},{"not_picked":["Cleave","Clothesline","Rupture"],"picked":"Rampage","floor":13.0},{"not_picked":["Perfected Strike","Seeing Red","Flex"],"picked":"Burning Pact","floor":14.0},{"not_picked":["Double Tap","Impervious","Offering"],"picked":"Reaper","floor":16.0},{"not_picked":["True Grit"],"picked":"Clothesline","floor":18.0},{"not_picked":["Fire Breathing","Power Through"],"picked":"SKIP","floor":21.0},{"not_picked":["Dual Wield","Wild Strike+1"],"picked":"SKIP","floor":22.0},{"not_picked":["Carnage","Cleave"],"picked":"SKIP","floor":24.0},{"not_picked":["Wild Strike","Flex"],"picked":"SKIP","floor":25.0},{"not_picked":["Clothesline"],"picked":"Sever Soul+1","floor":29.0},{"not_picked":["Hemokinesis"],"picked":"Infernal Blade","floor":30.0},{"not_picked":["Barricade"],"picked":"Fiend Fire","floor":33},{"not_picked":["Headbutt"],"picked":"Battle Trance+1","floor":35},{"not_picked":["Twin Strike"],"picked":"Seeing Red","floor":41},{"not_picked":["Combust"],"picked":"Headbutt","floor":45},{"not_picked":["Anger+1","Cleave+1"],"picked":"SKIP","floor":45},{"not_picked":["Headbutt+1"],"picked":"Rage+1","floor":46},{"not_picked":["Cleave","Sword Boomerang+1"],"picked":"SKIP","floor":46},{"not_picked":["Uppercut"],"picked":"Exhume+1","floor":48}],"player_experience":148055,"relics_obtained":[{"floor":3.0,"key":"Juzu Bracelet"},{"floor":6.0,"key":"Omamori"},{"floor":7.0,"key":"Question Card"},{"floor":9.0,"key":"MealTicket"},{"floor":11.0,"key":"Oddly Smooth Stone"},{"floor":12.0,"key":"Thread and Needle"},{"floor":14.0,"key":"Matryoshka"},{"floor":15.0,"key":"Ice Cream"},{"floor":23.0,"key":"White Beast Statue"},{"floor":24.0,"key":"Bag of Marbles"},{"floor":26.0,"key":"Art of War"},{"floor":26.0,"key":"CaptainsWheel"},{"floor":28.0,"key":"Toy Ornithopter"},{"floor":30.0,"key":"Dream Catcher"},{"floor":32.0,"key":"Self Forming Clay"},{"floor":40,"key":"Paper Frog"},{"floor":41,"key":"Prayer Wheel"},{"floor":42,"key":"Centennial Puzzle"},{"floor":43,"key":"Lantern"},{"floor":43,"key":"Toxic Egg 2"},{"floor":44,"key":"Happy Flower"},{"floor":48,"key":"FossilizedHelix"},{"floor":49,"key":"Mummified Hand"}],"event_choices":[{"damage_healed":0.0,"max_hp_gain":0.0,"max_hp_loss":0.0,"gold_gain":0.0,"event_name":"Scrap Ooze","player_choice":"Success","floor":2.0,"gold_loss":0.0,"damage_taken":18.0,"relics_obtained":["Lizard Tail"]},{"damage_healed":0.0,"max_hp_gain":0.0,"max_hp_loss":0.0,"gold_gain":59.0,"event_name":"Golden Wing","player_choice":"Gained Gold","floor":8.0,"gold_loss":0.0,"damage_taken":0.0},{"damage_healed":0.0,"max_hp_gain":0.0,"max_hp_loss":0.0,"gold_gain":0.0,"event_name":"Back to Basics","player_choice":"Simplicity","floor":19.0,"gold_loss":0.0,"damage_taken":0.0,"cards_upgraded":["Strike_R","Strike_R","Strike_R","Strike_R","Strike_R","Defend_R","Defend_R","Defend_R","Defend_R"]},{"damage_healed":0.0,"max_hp_gain":5.0,"max_hp_loss":0.0,"gold_gain":0.0,"event_name":"Forgotten Altar","player_choice":"Shed Blood","floor":20.0,"gold_loss":0.0,"damage_taken":20.0},{"damage_healed":0.0,"max_hp_gain":0.0,"max_hp_loss":0.0,"gold_gain":0.0,"event_name":"Drug Dealer","player_choice":"Inject Mutagens","floor":31.0,"gold_loss":0.0,"damage_taken":0.0,"relics_obtained":["MutagenicStrength"]},{"damage_healed":0,"gold_gain":0,"player_choice":"Got Potions","damage_taken":0,"max_hp_gain":0,"max_hp_loss":0,"event_name":"Lab","floor":36,"gold_loss":0},{"damage_healed":0,"gold_gain":0,"player_choice":"Ignored","damage_taken":0,"max_hp_gain":0,"max_hp_loss":0,"event_name":"Tomb of Lord Red Mask","floor":37,"gold_loss":0},{"damage_healed":0,"gold_gain":0,"player_choice":"Copied","damage_taken":0,"max_hp_gain":0,"max_hp_loss":0,"event_name":"Duplicator","floor":38,"gold_loss":0,"cards_obtained":["Seeing Red"]},{"damage_healed":0,"gold_gain":0,"player_choice":"Max HP","damage_taken":0,"max_hp_gain":0,"max_hp_loss":4,"event_name":"Winding Halls","floor":39,"gold_loss":0},{"damage_healed":0,"gold_gain":0,"player_choice":"Fight","damage_taken":0,"max_hp_gain":0,"max_hp_loss":0,"event_name":"Mysterious Sphere","floor":48,"gold_loss":0}],"is_beta":false,"boss_relics":[{"not_picked":["Runic Dome","Runic Cube"],"picked":"Busted Crown"},{"not_picked":["Velvet Choker","Mark of Pain"],"picked":"Cursed Key"}],"items_purged_floors":[10,47],"is_endless":false,"potions_floor_spawned":[1,5,14,16,18,22,24,25,29,30,33,35,41,45,46,48],"ascension_level":10}}