{"host":"684z1xpuwaoqmmh1","time":1612958946,"event":{"mods":["A Magickal Journey","BaseMod","Downfall","Hermit","Jorbs\u0027s Wanderer Trilogy","Marisa????????","Minty Spire (QoL Compilation)","Robot Space Explorer","Shade Mod","StSLib","The Bug Knight","The Dragon Tamer","The Elementalist","The Hayseed","The Hierophant","The Marked","The Mystic","The Runesmith","The Saiyan","The Senshi","The Spell Scribe","The Vixen","TheBandit","TheFirefly"],"gold_per_floor":[111,124,124,141,40,40,68,79,79,79,108,118,153,164,164,264,264,283,283,297,297,317,317,342,356,379,395,421,299,632,657,657,657,657],"floor_reached":33,"language":"ENG","playtime":1638,"items_purged":["TheSimpletonMod:Defend_TheSimpleton","TheSimpletonMod:Strike_TheSimpleton"],"score":491,"play_id":"08db7fe1-4364-4ad8-bd7c-2af40b9fce1b","local_time":"20210210140906","is_ascension_mode":true,"campfire_choices":[{"data":"TheSimpletonMod:Pruning","floor":6.0,"key":"SMITH"},{"floor":10.0,"key":"REST"},{"data":"TheSimpletonMod:Strawberries","floor":15.0,"key":"SMITH"},{"data":"TheSimpletonMod:CrackOfDawn","floor":23.0,"key":"SMITH"},{"data":"TheSimpletonMod:Photosynthesis","floor":32,"key":"SMITH"}],"circlet_count":0,"master_deck":["AscendersBane","TheSimpletonMod:Strike_TheSimpleton","TheSimpletonMod:Strike_TheSimpleton","TheSimpletonMod:Strike_TheSimpleton","TheSimpletonMod:Defend_TheSimpleton","TheSimpletonMod:Defend_TheSimpleton","TheSimpletonMod:Defend_TheSimpleton","TheSimpletonMod:Haymaker","TheSimpletonMod:ReapAndSow","TheSimpletonMod:StockTheCellar","TheSimpletonMod:Pruning+1","TheSimpletonMod:Potatoes","TheSimpletonMod:Rake","TheSimpletonMod:Germinate","TheSimpletonMod:BumperCrop","TheSimpletonMod:SeedCoat","TheSimpletonMod:Strawberries+1","TheSimpletonMod:CrackOfDawn+1","TheSimpletonMod:Swelter","TheSimpletonMod:Sunseed","TheSimpletonMod:OnionBloom+1","TheSimpletonMod:RootDown","TheSimpletonMod:Sunseed","TheSimpletonMod:Photosynthesis+1","TheSimpletonMod:Pruning","TheSimpletonMod:Aerate"],"relics":["TheSimpletonMod:SpudOfTheInnocent","TheSimpletonMod:NightSoil","TheSimpletonMod:TheHarvester","sneckomod:BlankCard","Ice Cream","hexamod:Sixitude","TheSimpletonMod:HornOfPlenty","Bronze Scales","Anchor","TheSimpletonMod:GourdCharm","Runesmith:AutoHammer","Regal Pillow","TheSimpletonMod:SpudOfTheMartyr","Old Coin"],"acts_visited":["Exordium","TheCity"],"potions_floor_usage":[30],"damage_taken":[{"damage":7.0,"enemies":"2 Louse","floor":1.0,"turns":3.0},{"damage":9.0,"enemies":"Cultist","floor":2.0,"turns":6.0},{"damage":7.0,"enemies":"Small Slimes","floor":4.0,"turns":6.0},{"damage":21.0,"enemies":"Lagavulin","floor":7.0,"turns":6.0},{"damage":21.0,"enemies":"Exordium Thugs","floor":8.0,"turns":5.0},{"damage":35.0,"enemies":"3 Sentries","floor":11.0,"turns":6.0},{"damage":0.0,"enemies":"3 Louse","floor":12.0,"turns":2.0},{"damage":6.0,"enemies":"Gremlin Nob","floor":13.0,"turns":3.0},{"damage":0.0,"enemies":"Large Slime","floor":14.0,"turns":4.0},{"damage":14.0,"enemies":"Hexaghost","floor":16.0,"turns":9.0},{"damage":11.0,"enemies":"Shell Parasite","floor":18.0,"turns":6.0},{"damage":0.0,"enemies":"Chosen","floor":20.0,"turns":3.0},{"damage":6.0,"enemies":"Snake Plant","floor":22.0,"turns":4.0},{"damage":13.0,"enemies":"Slavers","floor":24.0,"turns":4.0},{"damage":7,"enemies":"Centurion and Healer","floor":25,"turns":5},{"damage":0,"enemies":"Chosen and Byrds","floor":27,"turns":4},{"damage":31,"enemies":"Gremlin Leader","floor":28,"turns":5},{"damage":17,"enemies":"Slavers","floor":30,"turns":6},{"damage":53,"enemies":"Collector","floor":33,"turns":5}],"seed_played":"-6192324096717400019","potions_obtained":[{"floor":1.0,"key":"SkillPotion"},{"floor":11.0,"key":"BlessingOfTheForge"},{"floor":12.0,"key":"SneckoOil"},{"floor":14.0,"key":"FearPotion"},{"floor":18.0,"key":"Fruit Juice"},{"floor":22.0,"key":"BlessingOfTheForge"},{"floor":24,"key":"Weak Potion"}],"is_trial":false,"path_per_floor":["M","M","?","M","$","R","E","M","T","R","E","M","E","M","R","B",null,"M","?","M","?","M","R","E","M","T","M","E","$","E","T","R","B"],"character_chosen":"THE_SIMPLETON","items_purchased":["TheSimpletonMod:Potatoes","TheSimpletonMod:Pruning"],"campfire_rested":1,"item_purchase_floors":[5,29],"current_hp_per_floor":[65,60,60,57,57,57,40,23,23,45,14,18,12,20,20,16,60,55,55,59,52,54,54,51,60,60,66,51,51,40,40,40,0,0],"gold":657,"neow_bonus":"RANDOM_COMMON_RELIC","is_daily":false,"chose_seed":false,"campfire_upgraded":4,"win_rate":0.0,"timestamp":1612958946,"path_taken":["M","M","?","M","?","R","E","M","T","R","E","M","E","M","R","BOSS","M","?","?","?","M","R","E","M","T","M","E","$","E","?","R","BOSS"],"items_purchased_type":["Card","Card"],"build_version":"2020-12-22","purchased_purges":2,"victory":false,"max_hp_per_floor":[75,75,75,75,75,75,75,75,75,75,75,75,75,75,75,75,75,75,75,75,80,80,80,80,80,80,80,80,80,80,80,80,80,80],"card_choices":[{"not_picked":["TheSimpletonMod:SoilSample","TheSimpletonMod:ToughenUp"],"picked":"TheSimpletonMod:StockTheCellar","floor":1.0},{"not_picked":["TheSimpletonMod:Polyculture","TheSimpletonMod:SaladShooter","TheSimpletonMod:ControlledBurn"],"picked":"SKIP","floor":2.0},{"not_picked":["TheSimpletonMod:Aerate","TheSimpletonMod:StockTheCellar"],"picked":"TheSimpletonMod:Pruning","floor":4.0},{"not_picked":["TheSimpletonMod:Polyculture","TheSimpletonMod:Fertilaser"],"picked":"TheSimpletonMod:Rake","floor":7.0},{"not_picked":["TheSimpletonMod:Mulch","TheSimpletonMod:Fertilaser"],"picked":"TheSimpletonMod:Germinate","floor":8.0},{"not_picked":["TheSimpletonMod:Rototilling","TheSimpletonMod:Polyculture"],"picked":"TheSimpletonMod:BumperCrop","floor":11.0},{"not_picked":["TheSimpletonMod:Pruning","TheSimpletonMod:ToughenUp"],"picked":"TheSimpletonMod:SeedCoat","floor":12.0},{"not_picked":["TheSimpletonMod:StockTheCellar","TheSimpletonMod:ControlledBurn","TheSimpletonMod:Mulch"],"picked":"SKIP","floor":13.0},{"not_picked":["TheSimpletonMod:Artichokes","TheSimpletonMod:Polyculture"],"picked":"TheSimpletonMod:Strawberries","floor":14.0},{"not_picked":["TheSimpletonMod:FlashPasteurize","TheSimpletonMod:Surplus"],"picked":"TheSimpletonMod:CrackOfDawn","floor":16.0},{"not_picked":["TheSimpletonMod:BumperCrop","TheSimpletonMod:SlashAndBurn+1"],"picked":"TheSimpletonMod:Swelter","floor":18.0},{"not_picked":["TheSimpletonMod:GoToMarket","TheSimpletonMod:CullingStrike"],"picked":"TheSimpletonMod:Sunseed","floor":20.0},{"not_picked":["TheSimpletonMod:StockTheCellar+1","TheSimpletonMod:Ferment"],"picked":"TheSimpletonMod:OnionBloom+1","floor":22.0},{"not_picked":["TheSimpletonMod:PestManagement+1","TheSimpletonMod:StockTheCellar"],"picked":"TheSimpletonMod:RootDown","floor":24},{"not_picked":["TheSimpletonMod:DoubleBarrel","TheSimpletonMod:Germinate","TheSimpletonMod:VineRipen"],"picked":"SKIP","floor":25},{"not_picked":["TheSimpletonMod:KeenEdge+1","TheSimpletonMod:Potatoes"],"picked":"TheSimpletonMod:Sunseed","floor":27},{"not_picked":["TheSimpletonMod:Thresh","TheSimpletonMod:ControlledBurn"],"picked":"TheSimpletonMod:Photosynthesis","floor":28},{"not_picked":["TheSimpletonMod:PestManagement","TheSimpletonMod:Artichokes"],"picked":"TheSimpletonMod:Aerate","floor":30}],"player_experience":3230734,"relics_obtained":[{"floor":7.0,"key":"hexamod:Sixitude"},{"floor":9.0,"key":"TheSimpletonMod:HornOfPlenty"},{"floor":11.0,"key":"Bronze Scales"},{"floor":13.0,"key":"Anchor"},{"floor":24,"key":"Runesmith:AutoHammer"},{"floor":26,"key":"Regal Pillow"},{"floor":28,"key":"TheSimpletonMod:SpudOfTheMartyr"},{"floor":30,"key":"Old Coin"}],"event_choices":[{"damage_healed":0.0,"max_hp_gain":0.0,"max_hp_loss":0.0,"gold_gain":0.0,"event_name":"WeMeetAgain","player_choice":"Gave Potion","floor":3.0,"gold_loss":0.0,"damage_taken":0.0,"relics_obtained":["Ice Cream"]},{"damage_healed":0.0,"max_hp_gain":0.0,"max_hp_loss":0.0,"gold_gain":0.0,"event_name":"N\u0027loth","player_choice":"Ignored","floor":19.0,"gold_loss":0.0,"damage_taken":0.0},{"damage_healed":0.0,"max_hp_gain":0.0,"max_hp_loss":0.0,"gold_gain":0.0,"event_name":"Knowing Skull","player_choice":"POTION ","floor":21.0,"potions_obtained":["LiquidMemories"],"gold_loss":0.0,"damage_taken":12.0,"cards_obtained":[]}],"is_beta":false,"boss_relics":[{"not_picked":["bronze:MakeshiftBattery","Runic Dome"],"picked":"TheSimpletonMod:GourdCharm"}],"items_purged_floors":[5,29],"is_endless":false,"potions_floor_spawned":[1,11,12,14,18,22,24],"killed_by":"Collector","ascension_level":10}}