{"host":"8fuipfsvjht9cgcs","time":1612924589,"event":{"mods":["AchievementEnabler","BaseMod","Colored Map","Colored Powertips","DeckTracker","Friendly Minions","Kiyohime£¨?ýï£©","Marisa£¨Ùöéë¡¡Øª×âÞÞ£©","Minty Spire (QoL Compilation)","Prisma Mod","StSLib","SuperFastMode","The Cursed","The Gatherer"],"gold_per_floor":[117,14,34,44,61,61,61,61,143,177,196,211,211,228,228,228,228],"floor_reached":16,"language":"KOR","playtime":773,"items_purged":[],"score":135,"play_id":"56678e5d-1e3a-475f-b0fc-e10e169972d6","local_time":"20210210153629","is_ascension_mode":true,"campfire_choices":[{"data":"Dualcast","floor":6,"key":"SMITH"},{"data":"Zap","floor":8,"key":"SMITH"},{"data":"Chaos","floor":13,"key":"SMITH"},{"data":"Seek","floor":15,"key":"SMITH"}],"circlet_count":0,"master_deck":["Strike_B","Strike_B","Strike_B","Strike_B","Defend_B","Defend_B","Defend_B","Defend_B","Zap+1","Dualcast+1","Seek+1","Conserve Battery","BootSequence","Glacier","Ball Lightning","Chaos+1","Conserve Battery","Cold Snap"],"relics":["Cracked Core","Lantern","Pantograph","Boot"],"acts_visited":["Exordium"],"potions_floor_usage":[],"damage_taken":[{"damage":7,"enemies":"Jaw Worm","floor":1,"turns":3},{"damage":1,"enemies":"Cultist","floor":3,"turns":3},{"damage":2,"enemies":"Small Slimes","floor":4,"turns":3},{"damage":0,"enemies":"2 Fungi Beasts","floor":5,"turns":3},{"damage":7,"enemies":"Lagavulin","floor":10,"turns":7},{"damage":3,"enemies":"Blue Slaver","floor":11,"turns":2},{"damage":0,"enemies":"Looter","floor":12,"turns":2},{"damage":12,"enemies":"Exordium Wildlife","floor":14,"turns":4},{"damage":66,"enemies":"Hexaghost","floor":16,"turns":15}],"seed_played":"4416749926740648170","potions_obtained":[{"floor":3,"key":"Ancient Potion"},{"floor":4,"key":"SteroidPotion"},{"floor":5,"key":"Energy Potion"}],"is_trial":false,"path_per_floor":["M","?","M","M","M","R","$","R","T","E","M","M","R","M","R","B"],"character_chosen":"DEFECT","items_purchased":[],"campfire_rested":0,"item_purchase_floors":[],"current_hp_per_floor":[61,61,60,58,58,58,58,58,58,51,48,48,48,36,36,0,0],"gold":228,"neow_bonus":"ONE_RANDOM_RARE_CARD","is_daily":false,"chose_seed":false,"campfire_upgraded":4,"win_rate":0.0,"timestamp":1612924589,"path_taken":["M","?","M","M","M","R","$","R","T","E","M","M","R","M","R","BOSS"],"items_purchased_type":[],"build_version":"2020-12-22","purchased_purges":0,"victory":false,"max_hp_per_floor":[75,75,75,75,75,75,75,75,75,75,75,75,75,75,75,75,75],"card_choices":[{"not_picked":["Gash","Go for the Eyes"],"picked":"Conserve Battery","floor":1},{"not_picked":["Sweeping Beam","Fusion"],"picked":"BootSequence","floor":3},{"not_picked":["Cold Snap","Static Discharge"],"picked":"Glacier","floor":4},{"not_picked":["Chaos","Gash"],"picked":"Ball Lightning","floor":5},{"not_picked":["Rip and Tear","Static Discharge"],"picked":"Chaos","floor":10},{"not_picked":["Skim","Streamline"],"picked":"Conserve Battery","floor":11},{"not_picked":["Gash","Ball Lightning","Rainbow"],"picked":"SKIP","floor":12},{"not_picked":["Tempest","Reprogram"],"picked":"Cold Snap","floor":14}],"player_experience":486330,"relics_obtained":[{"floor":9,"key":"Pantograph"},{"floor":10,"key":"Boot"}],"event_choices":[{"damage_healed":0,"gold_gain":0,"player_choice":"Paid Gold","damage_taken":0,"relics_obtained":["Lantern"],"max_hp_gain":0,"max_hp_loss":0,"event_name":"WeMeetAgain","floor":2,"gold_loss":103}],"is_beta":false,"boss_relics":[],"items_purged_floors":[],"is_endless":false,"potions_floor_spawned":[3,4,5,10],"killed_by":"Hexaghost","ascension_level":6}}