{"host":"fvfv74rwxn7g5wli","time":1612929478,"event":{"mods":["BaseMod","Better Third Choice","Colored Powertips","DeckTracker","Downfall","GifTheSpireLib","Minty Spire (QoL Compilation)","Potionbrewer","Quick Restart","Reliquary","StSLib"],"gold_per_floor":[116,116,191,191,207,207,207,207,207,132,132,132,32,50,50,124,124,140,190,1,14,24,24,24,24,24,24,37,51,51,61,61,138,138,148,148,85,100,100,100,100,100,100,100,152,65,65,76,76,76,76],"floor_reached":52,"language":"ENG","playtime":1097,"items_purged":["Carnage","Rage","Juggernaut+1"],"score":2168,"play_id":"8ce7fb83-99cf-4bde-9fb0-345bdb4f44a6","local_time":"20210209195758","daily_mods":["SealedDeck","Specialized","Vintage","Heirloom","Time Dilation","Flight"],"is_ascension_mode":true,"campfire_choices":[{"data":"Searing Blow","floor":6,"key":"SMITH"},{"data":"Searing Blow+1","floor":7,"key":"SMITH"},{"data":"Searing Blow+2","floor":8,"key":"SMITH"},{"data":"Searing Blow+3","floor":12,"key":"SMITH"},{"data":"Searing Blow+4","floor":15,"key":"SMITH"},{"data":"Searing Blow+5","floor":23,"key":"SMITH"},{"data":"Searing Blow+6","floor":25,"key":"SMITH"},{"data":"Searing Blow+7","floor":30,"key":"SMITH"},{"data":"Searing Blow+8","floor":32,"key":"SMITH"},{"data":"Searing Blow+10","floor":40,"key":"SMITH"},{"data":"Searing Blow+11","floor":41,"key":"SMITH"},{"data":"Searing Blow+12","floor":42,"key":"SMITH"},{"data":"Searing Blow+13","floor":47,"key":"SMITH"},{"data":"Searing Blow+14","floor":49,"key":"SMITH"}],"circlet_count":0,"master_deck":["AscendersBane","Seeing Red+1","Seeing Red+1","Seeing Red+1","Seeing Red+1","Seeing Red+1","Pommel Strike+1","Rage+1","Pommel Strike+1","Searing Blow+15","Thunderclap+1","Sword Boomerang+1","Finesse","Searing Blow+13"],"relics":["Unceasing Top","Dead Branch","reliquary:PrincelyHelmet","reliquary:ExpiredCoupon","Nunchaku","Sundial","Mango","Cursed Key","hexamod:CandleOfCauterizing","Membership Card","Omamori","reliquary:TridentHead","Self Forming Clay","Guardian:GemstoneGun","StrikeDummy","Busted Crown","reliquary:PartyBalloon","Mark of the Bloom","Dream Catcher","Bottled Lightning","champ:DeflectingBracers","DollysMirror","InkBottle"],"acts_visited":["Exordium","TheCity","TheBeyond"],"potions_floor_usage":[18,33,33,50],"damage_taken":[{"damage":0,"enemies":"2 Louse","floor":1,"turns":2},{"damage":12,"enemies":"Small Slimes","floor":5,"turns":2},{"damage":0,"enemies":"Cultist","floor":14,"turns":1},{"damage":6,"enemies":"Slime Boss","floor":16,"turns":1},{"damage":0,"enemies":"Shell Parasite","floor":18,"turns":2},{"damage":0,"enemies":"3 Byrds","floor":21,"turns":2},{"damage":0,"enemies":"Snecko","floor":22,"turns":2},{"damage":0,"enemies":"Centurion and Healer","floor":28,"turns":2},{"damage":0,"enemies":"Snake Plant","floor":29,"turns":2},{"damage":0,"enemies":"3 Cultists","floor":31,"turns":1},{"damage":0,"enemies":"Champ","floor":33,"turns":3},{"damage":0,"enemies":"3 Darklings","floor":35,"turns":1},{"damage":0,"enemies":"3 Shapes","floor":38,"turns":1},{"damage":0,"enemies":"2 Orb Walkers","floor":45,"turns":1},{"damage":0,"enemies":"Jaw Worm Horde","floor":48,"turns":1},{"damage":0,"enemies":"Time Eater","floor":50,"turns":2},{"damage":2,"enemies":"Awakened One","floor":51,"turns":3}],"seed_played":"-3401400845823224725","potions_obtained":[{"floor":1,"key":"potionbrewer:QuicksilverPotion"},{"floor":22,"key":"Energy Potion"},{"floor":35,"key":"champ:CounterPotion"}],"is_trial":true,"path_per_floor":["M","?","?","?","M","R","R","R","T","$","?","R","$","M","R","B",null,"M","?","$","M","M","R","T","R","T","?","M","M","R","M","R","B",null,"M","?","$","M","?","R","R","R","T","?","?","$","R","M","R","B","B",null],"character_chosen":"IRONCLAD","items_purchased":["Membership Card","Swift Potion","DollysMirror"],"campfire_rested":0,"item_purchase_floors":[20,20,46],"current_hp_per_floor":[68,68,57,57,45,45,45,45,45,45,45,45,45,59,59,53,80,80,80,80,80,80,80,80,80,80,80,80,80,80,80,80,80,87,87,87,87,87,85,85,85,85,85,85,85,85,85,85,85,85,83],"gold":76,"neow_bonus":"","is_daily":false,"chose_seed":false,"campfire_upgraded":14,"win_rate":0.0,"timestamp":1612929478,"path_taken":["M","?","?","?","?","R","R","R","T","$","?","R","$","?","R","BOSS","M","?","?","?","M","R","?","R","T","?","M","?","R","?","R","BOSS","M","?","$","M","?","R","R","R","T","?","?","$","R","?","R","BOSS","BOSS"],"items_purchased_type":["Relic","Potion","Relic"],"build_version":"2020-12-22","purchased_purges":3,"victory":true,"max_hp_per_floor":[75,75,75,75,75,75,75,75,75,75,75,75,75,89,89,89,89,89,89,89,89,89,89,89,89,89,89,89,89,89,89,89,89,89,89,89,89,89,85,85,85,85,85,85,85,85,85,85,85,85,85],"card_choices":[{"not_picked":[],"picked":"Finesse","floor":44}],"player_experience":102861,"relics_obtained":[{"floor":1,"key":"reliquary:PrincelyHelmet"},{"floor":4,"key":"reliquary:ExpiredCoupon"},{"floor":5,"key":"Nunchaku"},{"floor":9,"key":"Sundial"},{"floor":14,"key":"Mango"},{"floor":18,"key":"hexamod:CandleOfCauterizing"},{"floor":21,"key":"Omamori"},{"floor":22,"key":"reliquary:TridentHead"},{"floor":28,"key":"Self Forming Clay"},{"floor":29,"key":"Guardian:GemstoneGun"},{"floor":31,"key":"StrikeDummy"},{"floor":35,"key":"reliquary:PartyBalloon"},{"floor":38,"key":"Dream Catcher"},{"floor":43,"key":"Bottled Lightning"},{"floor":45,"key":"champ:DeflectingBracers"},{"floor":48,"key":"InkBottle"}],"event_choices":[{"damage_healed":0,"gold_gain":0,"player_choice":"Leave","damage_taken":0,"max_hp_gain":0,"max_hp_loss":0,"event_name":"The Cleric","floor":2,"gold_loss":0},{"damage_healed":0,"gold_gain":75,"player_choice":"Gold","damage_taken":11,"max_hp_gain":0,"max_hp_loss":0,"event_name":"betterThird:BetterGoop","floor":3,"gold_loss":0},{"damage_healed":0,"gold_gain":0,"player_choice":"Relic","damage_taken":0,"max_hp_gain":0,"max_hp_loss":0,"event_name":"Wheel of Change","floor":4,"gold_loss":0},{"cards_removed":["Sword Boomerang"],"damage_healed":0,"gold_gain":0,"player_choice":"Purged","damage_taken":0,"max_hp_gain":0,"max_hp_loss":0,"event_name":"Purifier","floor":11,"gold_loss":0},{"damage_healed":0,"gold_gain":100,"player_choice":"Bet on Murderer","damage_taken":0,"max_hp_gain":0,"max_hp_loss":0,"event_name":"The Joust","floor":19,"gold_loss":50},{"damage_healed":0,"gold_gain":0,"cards_transformed":["Clash"],"player_choice":"Transformed","damage_taken":0,"max_hp_gain":0,"max_hp_loss":0,"event_name":"Transmorgrifier","floor":27,"gold_loss":0,"cards_obtained":["Juggernaut"]},{"damage_healed":0,"gold_gain":0,"player_choice":"Upgrade","damage_taken":0,"relics_obtained":["Mark of the Bloom"],"max_hp_gain":0,"max_hp_loss":0,"event_name":"MindBloom","floor":36,"gold_loss":0,"cards_upgraded":["Seeing Red","Seeing Red","Seeing Red","Seeing Red","Seeing Red","Pommel Strike","Rage","Pommel Strike","Searing Blow","Thunderclap","Sword Boomerang","Juggernaut"]},{"damage_healed":0,"gold_gain":0,"player_choice":"Max HP","damage_taken":0,"max_hp_gain":0,"max_hp_loss":4,"event_name":"Winding Halls","floor":39,"gold_loss":0},{"damage_healed":0,"gold_gain":0,"player_choice":"Memory 1","damage_taken":0,"max_hp_gain":0,"max_hp_loss":0,"event_name":"SensoryStone","floor":44,"gold_loss":0},{"damage_healed":0,"gold_gain":0,"player_choice":"Fight","damage_taken":0,"max_hp_gain":0,"max_hp_loss":0,"event_name":"Mysterious Sphere","floor":45,"gold_loss":0}],"is_beta":false,"boss_relics":[{"not_picked":["Calling Bell","potionbrewer:BhaskarasWheel"],"picked":"Cursed Key"},{"not_picked":["reliquary:KinkedSpring","Velvet Choker"],"picked":"Busted Crown"}],"items_purged_floors":[10,13,37],"is_endless":false,"potions_floor_spawned":[1,22,28,35],"ascension_level":20}}