{"host":"at5b10nm0iti0w4x","time":1612919831,"event":{"mods":["2.2 Compatiblity","AchievementEnabler","BaseMod","Bestiary","Block Reminder","Colored Map","Colored Powertips","Highlight Path","Keyboard Shortcuts","Minty Spire (QoL Compilation)","Quick Restart","Relic Stats","Slay the Relics Exporter","StSLib","SuperFastMode","Unknown Chances"],"gold_per_floor":[109,122,82,102,114,114,133,148,148,148,148,148,163,177,177,272,272,245,255,159,159,174,174,174,174,174],"floor_reached":25,"language":"ENG","playtime":878,"items_purged":[],"score":222,"play_id":"37c970df-21b4-4361-95fa-3d793afefec6","local_time":"20210209201711","is_ascension_mode":false,"campfire_choices":[{"data":"Bash","floor":6,"key":"SMITH"},{"data":"Clothesline","floor":11,"key":"SMITH"},{"data":"Dropkick","floor":15,"key":"SMITH"},{"data":"Limit Break","floor":23,"key":"SMITH"}],"circlet_count":0,"master_deck":["Strike_R","Strike_R","Strike_R","Strike_R","Strike_R+1","Defend_R","Defend_R+1","Defend_R","Defend_R","Bash+1","Iron Wave","Headbutt","Shrug It Off","Battle Trance","Clothesline+1","Limit Break+1","Ghostly Armor","Dropkick+1","Brutality","Armaments+1","Inflame","Ghostly","Ghostly","Ghostly","Ghostly","Ghostly"],"relics":["Burning Blood"],"acts_visited":["Exordium","TheCity"],"potions_floor_usage":[19,19,22,25],"damage_taken":[{"damage":5,"enemies":"2 Louse","floor":1,"turns":3},{"damage":1,"enemies":"Cultist","floor":2,"turns":3},{"damage":3,"enemies":"Small Slimes","floor":4,"turns":3},{"damage":11,"enemies":"Exordium Wildlife","floor":5,"turns":6},{"damage":5,"enemies":"Looter","floor":7,"turns":3},{"damage":3,"enemies":"2 Fungi Beasts","floor":8,"turns":3},{"damage":2,"enemies":"Red Slaver","floor":13,"turns":4},{"damage":2,"enemies":"Looter","floor":14,"turns":4},{"damage":71,"enemies":"The Guardian","floor":16,"turns":17},{"damage":35,"enemies":"2 Thieves","floor":18,"turns":5},{"damage":50,"enemies":"Spheric Guardian","floor":19,"turns":9},{"damage":16,"enemies":"Centurion and Healer","floor":22,"turns":6},{"damage":56,"enemies":"3 Cultists","floor":25,"turns":8}],"seed_played":"-3716818110564263764","potions_obtained":[{"floor":1,"key":"SteroidPotion"},{"floor":2,"key":"ColorlessPotion"},{"floor":3,"key":"Regen Potion"},{"floor":3,"key":"Energy Potion"},{"floor":3,"key":"FearPotion"},{"floor":5,"key":"Regen Potion"}],"is_trial":false,"path_per_floor":["M","M","?","M","M","R","M","M","T","?","R","?","M","M","R","B",null,"M","M","$","?","M","R","?","M"],"character_chosen":"IRONCLAD","items_purchased":["Strength Potion","Strength Potion"],"campfire_rested":0,"item_purchase_floors":[20,20],"current_hp_per_floor":[88,88,88,88,83,83,84,87,87,87,87,69,73,77,77,12,88,59,52,52,52,42,42,42,0,0],"gold":174,"neow_bonus":"TEN_PERCENT_HP_BONUS","is_daily":false,"chose_seed":false,"campfire_upgraded":4,"win_rate":0.0,"timestamp":1612919831,"path_taken":["M","M","?","M","M","R","?","M","T","?","R","?","M","?","R","BOSS","M","M","$","?","M","R","?","M"],"items_purchased_type":["Potion","Potion"],"build_version":"2020-12-22","purchased_purges":0,"victory":false,"max_hp_per_floor":[88,88,88,88,88,88,88,88,88,88,88,88,88,88,88,88,88,88,88,88,88,88,88,44,44,44],"relic_stats":{"counters":[13,74],"obtain_stats":[{"Burning Blood":0},{"Burning Blood":0},{"Burning Blood":0}],"Burning Blood":63},"card_choices":[{"not_picked":["Twin Strike","Sword Boomerang"],"picked":"Iron Wave","floor":1},{"not_picked":["Twin Strike","Dark Embrace"],"picked":"Headbutt","floor":2},{"not_picked":["Spot Weakness","Havoc"],"picked":"Shrug It Off","floor":4},{"not_picked":["Burning Pact","Iron Wave"],"picked":"Battle Trance","floor":5},{"not_picked":["Carnage","Sever Soul"],"picked":"Clothesline","floor":7},{"not_picked":["Body Slam","Disarm"],"picked":"Limit Break","floor":8},{"not_picked":["Bloodletting","Clothesline"],"picked":"Ghostly Armor","floor":13},{"not_picked":["True Grit","Twin Strike"],"picked":"Dropkick","floor":14},{"not_picked":["Corruption","Double Tap"],"picked":"Brutality","floor":16},{"not_picked":["Pommel Strike","True Grit","Flame Barrier"],"picked":"SKIP","floor":18},{"not_picked":["Perfected Strike+1","Body Slam"],"picked":"Armaments+1","floor":19},{"not_picked":["Pommel Strike","Twin Strike"],"picked":"Inflame","floor":22}],"player_experience":89142,"relics_obtained":[],"event_choices":[{"damage_healed":0,"gold_gain":0,"player_choice":"Bought 3 Potions","damage_taken":0,"max_hp_gain":0,"max_hp_loss":0,"event_name":"The Woman in Blue","floor":3,"gold_loss":0},{"damage_healed":0,"gold_gain":0,"player_choice":"Fled","damage_taken":0,"max_hp_gain":0,"max_hp_loss":0,"event_name":"Scrap Ooze","floor":10,"gold_loss":0},{"damage_healed":0,"gold_gain":0,"player_choice":"Entered Light","damage_taken":18,"max_hp_gain":0,"max_hp_loss":0,"event_name":"Shining Light","floor":12,"gold_loss":0,"cards_upgraded":["Strike_R","Defend_R"]},{"damage_healed":0,"gold_gain":0,"player_choice":"Ignored","damage_taken":0,"max_hp_gain":0,"max_hp_loss":0,"event_name":"Cursed Tome","floor":21,"gold_loss":0},{"damage_healed":0,"gold_gain":0,"player_choice":"Became a Ghost","damage_taken":0,"max_hp_gain":0,"max_hp_loss":44,"event_name":"Ghosts","floor":24,"gold_loss":0,"cards_obtained":["Ghostly","Ghostly","Ghostly","Ghostly","Ghostly"]}],"is_beta":false,"boss_relics":[{"not_picked":[]}],"items_purged_floors":[],"is_endless":false,"potions_floor_spawned":[1,2,4,5],"killed_by":"3 Cultists","ascension_level":0}}