{"host":"vlqejv0notyktumz","time":1612917849,"event":{"mods":["AchievementEnabler","BaseMod","Colored Map","Colored Powertips","Downfall","Googly Eyes","Minty Spire (QoL Compilation)","StSLib"],"gold_per_floor":[112,130,305,580,180,180,207,36,60,60,75,75,86,105,105,208,208,148,162,37,37,37,37,56,56,56,56,56,72,72,92,92,192,192,210,11,22,22,41,41,73,73,100,100,100],"floor_reached":44,"language":"ENG","playtime":1473,"items_purged":["Regret","Strike_B","Strike_B"],"score":711,"play_id":"ec8f1175-3bac-46ca-855a-6d2d8bdd6b3d","local_time":"20210209184409","is_ascension_mode":true,"campfire_choices":[{"data":"Glacier","floor":6,"key":"SMITH"},{"data":"Capacitor","floor":10,"key":"SMITH"},{"data":"Blizzard","floor":12,"key":"SMITH"},{"data":"Hologram","floor":15,"key":"SMITH"},{"data":"Coolheaded","floor":23,"key":"SMITH"},{"data":"Glacier","floor":25,"key":"SMITH"},{"data":"Coolheaded","floor":27,"key":"SMITH"},{"data":"Chill","floor":32,"key":"SMITH"},{"data":"Redo","floor":40,"key":"SMITH"},{"floor":42,"key":"REST"}],"circlet_count":0,"master_deck":["AscendersBane","Defend_B+1","Defend_B+1","Defend_B+1","Defend_B+1","Zap","Dualcast","Leap","Glacier+1","Doubt","Tempest","Auto Shields","Blizzard+1","Redo+1","Capacitor+1","Hologram+1","Coolheaded+1","Seek","Glacier+1","Coolheaded+1","Blizzard+1","Chill+1","Machine Learning","Rebound+1","Coolheaded","Redo+1","Double Energy","Loop+1"],"relics":["Cracked Core","NeowsBlessing","Boot","MealTicket","Velvet Choker","Singing Bowl","Nloth\u0027s Gift","Empty Cage","Runic Capacitor","Bottled Lightning","Oddly Smooth Stone"],"acts_visited":["Exordium","TheCity","TheBeyond"],"potions_floor_usage":[11,16,16,24,29,33,41,44],"damage_taken":[{"damage":0,"enemies":"2 Louse","floor":1,"turns":1},{"damage":0,"enemies":"Jaw Worm","floor":2,"turns":1},{"damage":0,"enemies":"3 Sentries","floor":7,"turns":2},{"damage":0,"enemies":"Cultist","floor":11,"turns":4},{"damage":15,"enemies":"3 Louse","floor":13,"turns":6},{"damage":0,"enemies":"Blue Slaver","floor":14,"turns":5},{"damage":23,"enemies":"Hexaghost","floor":16,"turns":15},{"damage":6,"enemies":"2 Thieves","floor":18,"turns":4},{"damage":15,"enemies":"3 Byrds","floor":19,"turns":8},{"damage":4,"enemies":"Centurion and Healer","floor":24,"turns":6},{"damage":8,"enemies":"Snake Plant","floor":29,"turns":7},{"damage":11,"enemies":"Snecko","floor":31,"turns":8},{"damage":32,"enemies":"Champ","floor":33,"turns":17},{"damage":10,"enemies":"Orb Walker","floor":35,"turns":6},{"damage":10,"enemies":"3 Shapes","floor":37,"turns":6},{"damage":20,"enemies":"Spire Growth","floor":39,"turns":8},{"damage":44,"enemies":"Nemesis","floor":41,"turns":17},{"damage":45,"enemies":"Giant Head","floor":44,"turns":10}],"seed_played":"-6129628130670412411","potions_obtained":[{"floor":2,"key":"Energy Potion"},{"floor":11,"key":"Fruit Juice"},{"floor":13,"key":"Explosive Potion"},{"floor":22,"key":"Slimebound:ThreeZeroPotion"},{"floor":22,"key":"SpeedPotion"},{"floor":24,"key":"sneckomod:MuddlingPotion"},{"floor":29,"key":"champ:CounterPotion"},{"floor":33,"key":"LiquidBronze"}],"is_trial":false,"path_per_floor":["M","M","?","?","$","R","E","$","T","R","M","R","M","M","R","B",null,"M","M","$","?","?","R","M","R","T","R","$","M","?","M","R","B",null,"M","$","M","$","M","R","E","R","T","E"],"character_chosen":"DEFECT","items_purchased":["Whetstone","Tempest","Auto Shields","Blizzard","Capacitor","Runic Capacitor","Coolheaded"],"campfire_rested":1,"item_purchase_floors":[5,5,5,5,8,36,36],"current_hp_per_floor":[68,68,68,68,68,68,68,68,68,68,73,73,58,58,58,35,69,63,48,63,63,63,63,59,59,59,59,74,66,66,55,55,23,66,56,71,61,76,56,56,12,36,36,0,0],"gold":100,"neow_bonus":"THREE_ENEMY_KILL","is_daily":false,"chose_seed":false,"campfire_upgraded":9,"win_rate":0.0,"timestamp":1612917849,"path_taken":["M","M","?","?","$","R","E","$","T","R","?","R","M","M","R","BOSS","M","M","$","?","?","R","M","R","T","R","$","?","?","M","R","BOSS","M","$","M","$","M","R","E","R","T","E"],"items_purchased_type":["Relic","Card","Card","Card","Card","Relic","Card"],"build_version":"2020-12-22","purchased_purges":3,"victory":false,"max_hp_per_floor":[75,75,75,75,75,75,75,75,75,75,80,80,80,80,80,80,80,80,80,80,80,80,80,80,80,80,80,80,80,80,80,80,80,80,80,80,80,80,80,80,80,80,80,80,80],"card_choices":[{"not_picked":["Redo","Fusion"],"picked":"Leap","floor":1},{"not_picked":["BootSequence","Sweeping Beam"],"picked":"Glacier","floor":2},{"not_picked":["Streamline","All For One"],"picked":"Redo","floor":7},{"not_picked":["Steam","Sweeping Beam"],"picked":"Hologram","floor":11},{"not_picked":["Leap","Barrage","Streamline"],"picked":"SKIP","floor":13},{"not_picked":["Static Discharge","Conserve Battery"],"picked":"Coolheaded","floor":14},{"not_picked":["All For One","Machine Learning"],"picked":"Seek","floor":16},{"not_picked":["Steam","Heatsinks+1"],"picked":"Glacier","floor":18},{"not_picked":["Capacitor","Go for the Eyes"],"picked":"Coolheaded","floor":19},{"not_picked":["Steam","Compile Driver","Ball Lightning"],"picked":"SKIP","floor":24},{"not_picked":["Barrage","Self Repair"],"picked":"Blizzard+1","floor":29},{"not_picked":["Double Energy","Electrodynamics"],"picked":"Chill","floor":31},{"not_picked":["Core Surge","Creative AI"],"picked":"Machine Learning","floor":33},{"not_picked":["Steam Power","Go for the Eyes+1"],"picked":"Rebound+1","floor":35},{"not_picked":["Chaos+1","Gash+1"],"picked":"Redo+1","floor":37},{"not_picked":["Beam Cell","Stack+1"],"picked":"Double Energy","floor":39},{"not_picked":["Loop+1","Storm","Gash+1"],"picked":"SKIP","floor":41},{"not_picked":["Storm","Gash+1"],"picked":"Loop+1","floor":41}],"player_experience":409201,"relics_obtained":[{"floor":7,"key":"Boot"},{"floor":9,"key":"MealTicket"},{"floor":26,"key":"Singing Bowl"},{"floor":41,"key":"Bottled Lightning"},{"floor":43,"key":"Oddly Smooth Stone"}],"event_choices":[{"damage_healed":0,"gold_gain":175,"player_choice":"AGREE","damage_taken":0,"max_hp_gain":0,"max_hp_loss":0,"event_name":"Liars Game","floor":3,"gold_loss":0,"cards_obtained":["Doubt"]},{"damage_healed":0,"gold_gain":275,"player_choice":"Desecrate","damage_taken":0,"max_hp_gain":0,"max_hp_loss":0,"event_name":"Golden Shrine","floor":4,"gold_loss":0,"cards_obtained":["Regret"]},{"damage_healed":0,"gold_gain":0,"player_choice":"Simplicity","damage_taken":0,"max_hp_gain":0,"max_hp_loss":0,"event_name":"Back to Basics","floor":21,"gold_loss":0,"cards_upgraded":["Defend_B","Defend_B","Defend_B","Defend_B"]},{"damage_healed":0,"gold_gain":0,"player_choice":"Got Potions","damage_taken":0,"max_hp_gain":0,"max_hp_loss":0,"event_name":"Lab","floor":22,"gold_loss":0},{"damage_healed":0,"gold_gain":0,"player_choice":"Traded Relic","damage_taken":0,"relics_obtained":["Nloth\u0027s Gift"],"max_hp_gain":0,"max_hp_loss":0,"event_name":"N\u0027loth","floor":30,"relics_lost":["Whetstone"],"gold_loss":0}],"is_beta":false,"boss_relics":[{"not_picked":["Ectoplasm","bronze:MakeshiftBattery"],"picked":"Velvet Choker"},{"not_picked":["Black Star","Cursed Key"],"picked":"Empty Cage"}],"items_purged_floors":[5,8,20],"is_endless":false,"potions_floor_spawned":[2,11,13,14,24,29,31,33,35,37],"killed_by":"Giant Head","ascension_level":11}}