{"host":"ty2cix8xj6r3ad26","time":1612965724,"event":{"mods":["AchievementEnabler","BaseMod","BetterRewards","Marisa????????","Minty Spire (QoL Compilation)","Quick Restart","StSLib","SuperFastMode"],"gold_per_floor":[119,135,135,35,35,35,56,72,72,72,72,72,122,150,150,289,289,308,2,29,44,44,82,82,49,118,118,68,112,141,160,160,160,160],"floor_reached":33,"language":"ENG","playtime":2596,"items_purged":["Strike_MRS","Strike_MRS","Strike_MRS","Defend_MRS"],"score":377,"play_id":"70e4642d-fef9-4846-b7fd-054fd8caed80","local_time":"20210210160204","is_ascension_mode":true,"campfire_choices":[{"data":"FairyDestructionRay","floor":6,"key":"SMITH"},{"data":"UpSweep","floor":12,"key":"SMITH"},{"data":"StarlightTyphoon","floor":15,"key":"SMITH"},{"data":"BinaryStars","floor":24,"key":"SMITH"},{"data":"DarkMatter","floor":27,"key":"SMITH"},{"data":"ChargeUpSpray","floor":32,"key":"SMITH"}],"circlet_count":0,"master_deck":["Defend_MRS+1","Defend_MRS+1","MasterSpark","UpSweep+1","FairyDestructionRay+1","ChargeUpSpray+1","EventHorizon","StarlightTyphoon+1","MagicAbsorber","DarkMatter+1","BinaryStars+1","EnergyRecoil+1","Parasite","Parasite","GrandCross+1"],"relics":["MiniHakkero","Mango","Orichalcum","Gambling Chip","Matryoshka","Golden Idol","Smiling Mask","Pear","CeramicFish","Runic Dome","Sundial","Ice Cream","ShroomBag","Blue Candle","War Paint","Bag of Preparation"],"acts_visited":["Exordium","TheCity"],"potions_floor_usage":[13,16,16,18,23,23,29,30],"damage_taken":[{"damage":0,"enemies":"Cultist","floor":1,"turns":2},{"damage":0,"enemies":"Small Slimes","floor":2,"turns":2},{"damage":1,"enemies":"Jaw Worm","floor":7,"turns":3},{"damage":0,"enemies":"Large Slime","floor":8,"turns":3},{"damage":15,"enemies":"Lagavulin","floor":13,"turns":5},{"damage":0,"enemies":"2 Fungi Beasts","floor":14,"turns":1},{"damage":0,"enemies":"Slime Boss","floor":16,"turns":6},{"damage":10,"enemies":"2 Thieves","floor":18,"turns":2},{"damage":0,"enemies":"Spheric Guardian","floor":20,"turns":2},{"damage":15,"enemies":"Shelled Parasite and Fungi","floor":21,"turns":4},{"damage":28,"enemies":"Slavers","floor":23,"turns":5},{"damage":21,"enemies":"Gremlin Leader","floor":29,"turns":5},{"damage":4,"enemies":"Centurion and Healer","floor":30,"turns":3},{"damage":2,"enemies":"3 Cultists","floor":31,"turns":2},{"damage":45,"enemies":"Automaton","floor":33,"turns":6}],"seed_played":"-4700584943070153085","potions_obtained":[{"floor":2,"key":"Swift Potion"},{"floor":13,"key":"EssenceOfSteel"},{"floor":16,"key":"LiquidBronze"},{"floor":18,"key":"CultistPotion"},{"floor":21,"key":"FearPotion"},{"floor":23,"key":"DistilledChaos"},{"floor":29,"key":"Dexterity Potion"},{"floor":31,"key":"FearPotion"}],"is_trial":false,"path_per_floor":["M","M","?","$","?","R","M","M","T","?","?","R","E","M","R","B",null,"M","$","M","M","?","E","R","?","T","R","$","E","M","M","R","B"],"character_chosen":"MARISA","items_purchased":["FairyDestructionRay","Orichalcum","Gambling Chip","Regen Potion","Sundial"],"campfire_rested":0,"item_purchase_floors":[0,0,0,0,19],"current_hp_per_floor":[54,54,51,51,29,29,28,28,38,38,38,38,37,37,37,37,99,89,89,89,74,74,46,46,46,46,46,46,29,29,31,31,0,0],"gold":160,"neow_bonus":"","is_daily":false,"chose_seed":false,"campfire_upgraded":6,"win_rate":0.0,"timestamp":1612965724,"path_taken":["M","M","?","$","?","R","?","M","T","?","?","R","E","M","R","BOSS","M","$","M","?","?","E","R","?","T","R","$","E","?","M","R","BOSS"],"items_purchased_type":["Card","Relic","Relic","Potion","Relic"],"build_version":"2020-12-22","purchased_purges":4,"victory":false,"max_hp_per_floor":[89,89,89,89,89,89,89,89,99,99,99,99,99,99,99,99,99,99,99,99,99,99,99,99,99,99,99,99,99,99,99,99,99,99],"card_choices":[{"not_picked":["MysteriousBeam","GrandCross"],"picked":"ChargeUpSpray","floor":1},{"not_picked":["DoubleSpark","WitchLeyline"],"picked":"EventHorizon","floor":2},{"not_picked":["DoubleSpark","MysteriousBeam","NonDirectionalLaser"],"picked":"SKIP","floor":7},{"not_picked":["Robbery","GravityBeat","StarlightTyphoon"],"picked":"SKIP","floor":8},{"not_picked":["StarBarrage","BlazeAway"],"picked":"MagicAbsorber","floor":13},{"not_picked":["AsteroidBelt","FairyDestructionRay"],"picked":"DarkMatter","floor":14},{"not_picked":["FinalSpark","SuperNova"],"picked":"BinaryStars","floor":16},{"not_picked":["FairyDestructionRay","SporeBomb","Occultation"],"picked":"SKIP","floor":18},{"not_picked":["DC","GrandCross"],"picked":"EnergyRecoil+1","floor":20},{"not_picked":["UnstableBomb","DoubleSpark","MysteriousBeam"],"picked":"SKIP","floor":21},{"not_picked":["6A+1","StarlightTyphoon","DC"],"picked":"SKIP","floor":23},{"not_picked":["MagicAbsorber","WitchOfGreed","SporeBomb+1"],"picked":"SKIP","floor":29},{"not_picked":["OpenUniverse+1","EscapeVelocity"],"picked":"GrandCross+1","floor":30},{"not_picked":["LuminesStrike","ShootingEcho","StarlightTyphoon"],"picked":"SKIP","floor":31}],"player_experience":564628,"relics_obtained":[{"floor":9,"key":"Smiling Mask"},{"floor":9,"key":"Pear"},{"floor":13,"key":"CeramicFish"},{"floor":23,"key":"Ice Cream"},{"floor":26,"key":"Blue Candle"},{"floor":26,"key":"War Paint"},{"floor":29,"key":"Bag of Preparation"}],"event_choices":[{"damage_healed":0,"gold_gain":0,"player_choice":"Success","damage_taken":3,"relics_obtained":["Matryoshka"],"max_hp_gain":0,"max_hp_loss":0,"event_name":"Scrap Ooze","floor":3,"gold_loss":0},{"damage_healed":0,"gold_gain":0,"player_choice":"Take Damage","damage_taken":22,"relics_obtained":["Golden Idol"],"max_hp_gain":0,"max_hp_loss":0,"event_name":"Golden Idol","floor":5,"gold_loss":0},{"damage_healed":0,"gold_gain":0,"cards_transformed":["Strike_MRS"],"player_choice":"Change","damage_taken":0,"max_hp_gain":0,"max_hp_loss":0,"event_name":"Living Wall","floor":10,"gold_loss":0,"cards_obtained":["StarlightTyphoon"]},{"cards_removed":["Defend_MRS"],"damage_healed":0,"gold_gain":0,"player_choice":"Purged","damage_taken":0,"max_hp_gain":0,"max_hp_loss":0,"event_name":"Purifier","floor":11,"gold_loss":0},{"damage_healed":0,"gold_gain":0,"player_choice":"Ignored","damage_taken":0,"max_hp_gain":0,"max_hp_loss":0,"event_name":"Ghosts","floor":22,"gold_loss":0},{"damage_healed":0,"gold_gain":0,"player_choice":"Paid Gold","damage_taken":0,"relics_obtained":["ShroomBag"],"max_hp_gain":0,"max_hp_loss":0,"event_name":"WeMeetAgain","floor":25,"gold_loss":51}],"is_beta":false,"boss_relics":[{"not_picked":["SacredBark","BewitchedHakkero"],"picked":"Runic Dome"}],"items_purged_floors":[0,4,19,28],"is_endless":false,"potions_floor_spawned":[2,13,16,18,21,23,29,31],"killed_by":"Automaton","ascension_level":1}}