{"host":"mal0jdk4f6ubgyb8","time":1612928989,"event":{"mods":["100% Spire Juice","Act Like it!","Aspiration","BaseMod","Gensokyo","KinomotoSakuraMod(木之本樱)","Luminous","Marisa（F雨　魔理沙）","Minty Spire (QoL Compilation)","Quick Restart","Relic Stats","Reliquary","Remilia（蕾米莉亚）","Replay The Spire","StSLib","WarShipGirlsR/战舰少女R mod","Yakumo Yukari mod"],"gold_per_floor":[112,112,112,112,24,57,57,84,133,161,173,193,228,25,25,130,130,141,156,176,187,206,241,241,270,345,345,345,362,372,397,397,397,397],"floor_reached":33,"language":"ZHS","playtime":1318,"items_purged":[],"score":488,"play_id":"2675e9cc-1292-475a-a90a-5c8a4c6f87d5","local_time":"20210210114949","is_ascension_mode":true,"campfire_choices":[{"data":"Armaments","floor":15.0,"key":"SMITH"},{"data":"Demon Form","floor":24.0,"key":"SMITH"},{"data":"Heatsinks","floor":27.0,"key":"SMITH"},{"data":"Berserk","floor":32.0,"key":"SMITH"}],"circlet_count":0,"master_deck":["Strike_R","Strike_R","Strike_R","Strike_R","Defend_R","Defend_R","Defend_R+1","Defend_R+1","Bash+1","Anger","Flash of Steel","Bloodletting","Infernal Blade","Double Tap","Flex","Headbutt","Pot Of Greed","Pot Of Greed","Armaments+1","Demon Form+1","Rage","Loop","Chill+1","Panic Button","Beam Cell+1","Heatsinks+1","Pot Of Greed","Berserk+1","True Grit+1","Panic Button+1"],"relics":["Burning Blood","NeowsBlessing","Matryoshka","Replay:Ringing Soul","Toy Ornithopter","reliquary:Stiletto","Akabeko","reliquary:JackalopeAntler","Grinning Jar","Replay:Grab Bag","Ooze Armor","Coffee Dripper","aspiration:DefectSkillbook","Replay:Bottled Flurry","Pet Ghost","MealTicket","Red Mask"],"acts_visited":["Exordium","TheCity"],"potions_floor_usage":[33],"damage_taken":[{"damage":0.0,"enemies":"2 Louse","floor":1.0,"turns":1.0},{"damage":0.0,"enemies":"Lagavulin","floor":6.0,"turns":1.0},{"damage":0.0,"enemies":"3 Sentries","floor":8.0,"turns":2.0},{"damage":16.0,"enemies":"Gremlin Nob","floor":10.0,"turns":4.0},{"damage":10.0,"enemies":"Jaw Worm","floor":11.0,"turns":2.0},{"damage":0.0,"enemies":"Cultist","floor":12.0,"turns":2.0},{"damage":10.0,"enemies":"Lagavulin","floor":13.0,"turns":5.0},{"damage":70.0,"enemies":"Fading Forest","floor":16.0,"turns":11.0},{"damage":15.0,"enemies":"Spheric Guardian","floor":18.0,"turns":4.0},{"damage":7.0,"enemies":"2 Thieves","floor":19.0,"turns":3.0},{"damage":9.0,"enemies":"Snake Plant","floor":20.0,"turns":2.0},{"damage":20.0,"enemies":"Chosen and Byrds","floor":21.0,"turns":7.0},{"damage":0.0,"enemies":"Shelled Parasite and Fungi","floor":22.0,"turns":1.0},{"damage":29.0,"enemies":"Slavers","floor":23.0,"turns":4.0},{"damage":44.0,"enemies":"Book of Stabbing","floor":25.0,"turns":5.0},{"damage":3.0,"enemies":"Centurion and Healer","floor":29.0,"turns":5.0},{"damage":6.0,"enemies":"Snake Plant","floor":30.0,"turns":3.0},{"damage":13.0,"enemies":"Masked Bandits","floor":31.0,"turns":5.0},{"damage":65,"enemies":"Collector","floor":33,"turns":5}],"seed_played":"4897090297404471394","potions_obtained":[{"floor":8.0,"key":"Energy Potion"},{"floor":10.0,"key":"Block Potion"},{"floor":12.0,"key":"Explosive Potion"},{"floor":19.0,"key":"AttackPotion"},{"floor":21.0,"key":"LiquidBronze"},{"floor":23.0,"key":"Energy Potion"},{"floor":25.0,"key":"Reflective Coating"},{"floor":30.0,"key":"Regen Potion"}],"is_trial":false,"path_per_floor":["M","?","?","?","$","E","?","E","T","E","M","M","E","$","R","B",null,"M","M","M","M","M","E","R","E","T","R","?","M","M","?","R","B"],"character_chosen":"IRONCLAD","items_purchased":["Flash of Steel","Grinning Jar","Armaments"],"campfire_rested":0,"item_purchase_floors":[5,14,14],"current_hp_per_floor":[80,85,68,68,68,74,74,83,83,76,75,84,88,91,91,39,106,100,102,99,93,107,92,92,57,57,57,31,37,40,55,55,0,0],"gold":397,"neow_bonus":"THREE_ENEMY_KILL","is_daily":false,"chose_seed":false,"campfire_upgraded":4,"win_rate":0.0,"timestamp":1612928989,"path_taken":["M","?","?","?","$","E","?","E","T","E","M","M","E","$","R","BOSS","M","M","?","M","M","E","R","E","T","R","?","M","M","?","R","BOSS"],"items_purchased_type":["Card","Relic","Card"],"build_version":"2020-12-22","purchased_purges":0,"victory":false,"max_hp_per_floor":[80,85,85,85,85,85,85,88,88,91,94,97,100,103,103,106,106,109,112,112,115,118,121,121,124,124,124,129,132,135,138,138,138,138],"relic_stats":{"counters":[19,72],"MealTicket":0,"obtain_stats":[{"NeowsBlessing":0,"Replay:Grab Bag":17,"Burning Blood":0,"Akabeko":10,"Pet Ghost":25,"reliquary:JackalopeAntler":13,"Replay:Ringing Soul":8,"Matryoshka":6,"aspiration:DefectSkillbook":17,"Ooze Armor":17,"MealTicket":26,"reliquary:Stiletto":9,"Coffee Dripper":17,"Replay:Bottled Flurry":23,"Red Mask":31,"Grinning Jar":14,"Toy Ornithopter":9},{"NeowsBlessing":0,"Replay:Grab Bag":8,"Burning Blood":0,"Akabeko":4,"Pet Ghost":15,"reliquary:JackalopeAntler":7,"Replay:Ringing Soul":3,"Matryoshka":2,"aspiration:DefectSkillbook":8,"Ooze Armor":8,"MealTicket":15,"reliquary:Stiletto":3,"Coffee Dripper":8,"Replay:Bottled Flurry":14,"Red Mask":18,"Grinning Jar":7,"Toy Ornithopter":3},{"NeowsBlessing":0,"Replay:Grab Bag":28,"Burning Blood":0,"Akabeko":8,"Pet Ghost":54,"reliquary:JackalopeAntler":17,"Replay:Ringing Soul":4,"Matryoshka":2,"aspiration:DefectSkillbook":28,"Ooze Armor":28,"MealTicket":54,"reliquary:Stiletto":4,"Coffee Dripper":28,"Replay:Bottled Flurry":49,"Red Mask":67,"Grinning Jar":17,"Toy Ornithopter":4}],"Burning Blood":102,"Toy Ornithopter":30},"card_choices":[{"not_picked":["ReplayTheSpireMod:Strike From Hell","Dark Embrace"],"picked":"Anger","floor":1.0},{"not_picked":["Havoc","Life Link","Intimidate"],"picked":"SKIP","floor":6.0},{"not_picked":["Metallicize","Clothesline"],"picked":"Bloodletting","floor":8.0},{"not_picked":["Warcry","Havoc"],"picked":"Infernal Blade","floor":10.0},{"not_picked":["Iron Wave","Whirlwind"],"picked":"Double Tap","floor":11.0},{"not_picked":["Thunderclap","Intimidate"],"picked":"Flex","floor":12.0},{"not_picked":["Defy Death","Power Through"],"picked":"Headbutt","floor":13.0},{"not_picked":["Reaper","Brutality"],"picked":"Demon Form","floor":16.0},{"not_picked":["Twin Strike","Heavy Blade","Armaments"],"picked":"Rage","floor":18.0},{"not_picked":["Twin Strike","Iron Wave+1","Cleave"],"picked":"Loop","floor":19.0},{"not_picked":["Twin Strike","Life Link","ReplayTheSpireMod:GoodbyeWorld+1","Havoc+1"],"picked":"SKIP","floor":20.0},{"not_picked":["ReplayTheSpireMod:Strike From Hell","Clothesline","Run Through"],"picked":"Chill+1","floor":21.0},{"not_picked":["Replay:Undeath\u0027s Touch+1","Chill","Turbo"],"picked":"Panic Button","floor":22.0},{"not_picked":["Cold Snap","Reinforced Body+1","Flex"],"picked":"Beam Cell+1","floor":23.0},{"not_picked":["Reckless Charge","Turbo","Pommel Strike"],"picked":"Heatsinks","floor":25.0},{"not_picked":["Carnage+1","Turbo","Defy Death"],"picked":"Berserk","floor":29.0},{"not_picked":["Perfected Strike","Steam","Stack"],"picked":"True Grit+1","floor":30.0},{"not_picked":["Turbo+1","Sword Boomerang","Lockon"],"picked":"Panic Button+1","floor":31.0}],"player_experience":304790,"relics_obtained":[{"floor":6.0,"key":"Matryoshka"},{"floor":8.0,"key":"Replay:Ringing Soul"},{"floor":9.0,"key":"Toy Ornithopter"},{"floor":9.0,"key":"reliquary:Stiletto"},{"floor":10.0,"key":"Akabeko"},{"floor":13.0,"key":"reliquary:JackalopeAntler"},{"floor":23.0,"key":"Replay:Bottled Flurry"},{"floor":25.0,"key":"Pet Ghost"},{"floor":26.0,"key":"MealTicket"},{"floor":31.0,"key":"Red Mask"}],"event_choices":[{"damage_healed":0.0,"max_hp_gain":5.0,"max_hp_loss":0.0,"gold_gain":0.0,"event_name":"Big Fish","player_choice":"Donut","floor":2.0,"gold_loss":0.0,"damage_taken":0.0},{"damage_healed":0.0,"max_hp_gain":0.0,"max_hp_loss":0.0,"gold_gain":0.0,"event_name":"Shining Light","player_choice":"Entered Light","floor":3.0,"gold_loss":0.0,"damage_taken":17.0,"cards_upgraded":["Defend_R","Defend_R"]},{"damage_healed":0.0,"max_hp_gain":0.0,"max_hp_loss":0.0,"gold_gain":0.0,"event_name":"Living Wall","player_choice":"Grow","floor":4.0,"gold_loss":0.0,"damage_taken":0.0,"cards_upgraded":["Bash"]},{"cards_removed":["Strike_R"],"damage_healed":0.0,"max_hp_gain":0.0,"max_hp_loss":0.0,"gold_gain":0.0,"event_name":"Purifier","player_choice":"Purged","floor":7.0,"gold_loss":0.0,"damage_taken":0.0},{"damage_healed":0.0,"max_hp_gain":5.0,"max_hp_loss":0.0,"gold_gain":0.0,"event_name":"Forgotten Altar","player_choice":"Shed Blood","floor":28.0,"gold_loss":0.0,"damage_taken":31.0},{"damage_healed":0.0,"max_hp_gain":0.0,"max_hp_loss":0.0,"gold_gain":0.0,"event_name":"Masked Bandits","player_choice":"Fought Bandits","floor":31.0,"gold_loss":0.0,"damage_taken":0.0}],"is_beta":false,"boss_relics":[{"not_picked":["Pandora\u0027s Box","Runic Cube"],"picked":"Replay:Grab Bag"},{"not_picked":["ChewingGum","Velvet Choker"],"picked":"Ooze Armor"},{"not_picked":["Cursed Key","Busted Crown"],"picked":"Coffee Dripper"},{"not_picked":["Astrolabe","Mark of Pain"],"picked":"aspiration:DefectSkillbook"}],"items_purged_floors":[],"is_endless":false,"potions_floor_spawned":[8,10,12,19,21,23,25,30],"killed_by":"Collector","ascension_level":4}}