{"host":"BK","time":1612918769,"event":{"mods":["BaseMod","Highlight Path","Minty Spire (QoL Compilation)","StSLib"],"gold_per_floor":[115,115,132,144,158,158,175,175,202,232,245,245,278,243,243,315,315,328,328,345,207,227,227,252,262,285,313,103,123,73,102,102,179,179,199,199,213,213,213,213,247,247,293,40,40,51,51,68,68,68,68,68,68,18,18,18],"floor_reached":55,"language":"ENG","playtime":1922,"items_purged":["Strike_R","Strike_R","Strike_R","Strike_R","Hemokinesis"],"score":2005,"play_id":"e997dbd2-d815-4af0-8146-f7ad9281952a","local_time":"20210209175929","is_ascension_mode":true,"campfire_choices":[{"data":"Inflame","floor":6.0,"key":"SMITH"},{"data":"Heavy Blade","floor":8.0,"key":"SMITH"},{"floor":15.0,"key":"REST"},{"data":"Flame Barrier","floor":23.0,"key":"SMITH"},{"floor":32.0,"key":"REST"},{"data":"Berserk","floor":40.0,"key":"SMITH"},{"floor":42.0,"key":"REST"},{"floor":47.0,"key":"RECALL"},{"data":"Disarm","floor":49.0,"key":"SMITH"},{"data":"Shockwave","floor":53,"key":"SMITH"}],"circlet_count":0,"master_deck":["AscendersBane","Strike_R","Defend_R","Defend_R","Defend_R","Defend_R","Bash+1","Heavy Blade+1","Shrug It Off","Clothesline","Inflame+1","Demon Form","Whirlwind+1","Feed+1","Flame Barrier+1","Shrug It Off","Limit Break","Berserk+1","Disarm+1","Evolve","Shockwave+1","Shrug It Off+1"],"relics":["Velvet Choker","Smiling Mask","Red Skull","Blood Vial","Snecko Eye","Toy Ornithopter","Pen Nib","Juzu Bracelet","Lantern","Anchor","SacredBark","Du-Vu Doll","Potion Belt"],"acts_visited":["Exordium","TheCity","TheBeyond","TheEnding"],"potions_floor_usage":[51,55],"damage_taken":[{"damage":4.0,"enemies":"Jaw Worm","floor":1.0,"turns":4.0},{"damage":0.0,"enemies":"Cultist","floor":3.0,"turns":2.0},{"damage":2.0,"enemies":"2 Louse","floor":4.0,"turns":2.0},{"damage":0.0,"enemies":"Looter","floor":5.0,"turns":3.0},{"damage":16.0,"enemies":"Exordium Thugs","floor":7.0,"turns":5.0},{"damage":6.0,"enemies":"Gremlin Nob","floor":10.0,"turns":3.0},{"damage":7.0,"enemies":"2 Fungi Beasts","floor":11.0,"turns":3.0},{"damage":22.0,"enemies":"Lagavulin","floor":13.0,"turns":7.0},{"damage":2.0,"enemies":"Slime Boss","floor":16.0,"turns":6.0},{"damage":0.0,"enemies":"Chosen","floor":18.0,"turns":3.0},{"damage":5.0,"enemies":"Spheric Guardian","floor":20.0,"turns":3.0},{"damage":27.0,"enemies":"Shelled Parasite and Fungi","floor":22.0,"turns":3.0},{"damage":5.0,"enemies":"Gremlin Leader","floor":24.0,"turns":4.0},{"damage":0.0,"enemies":"Snecko","floor":25.0,"turns":3.0},{"damage":21.0,"enemies":"Book of Stabbing","floor":27.0,"turns":4.0},{"damage":2.0,"enemies":"Centurion and Healer","floor":29.0,"turns":2.0},{"damage":24.0,"enemies":"Slavers","floor":31.0,"turns":3.0},{"damage":26.0,"enemies":"Collector","floor":33.0,"turns":6.0},{"damage":3.0,"enemies":"3 Shapes","floor":35.0,"turns":3.0},{"damage":17.0,"enemies":"Orb Walker","floor":37.0,"turns":4.0},{"damage":46.0,"enemies":"Giant Head","floor":41.0,"turns":6.0},{"damage":14.0,"enemies":"3 Darklings","floor":46.0,"turns":2.0},{"damage":0.0,"enemies":"Transient","floor":48.0,"turns":6.0},{"damage":23.0,"enemies":"Time Eater","floor":50.0,"turns":7.0},{"damage":16,"enemies":"Awakened One","floor":51,"turns":7},{"damage":92,"enemies":"Shield and Spear","floor":55,"turns":3}],"seed_played":"6439764336632772892","potions_obtained":[{"floor":1.0,"key":"ColorlessPotion"},{"floor":4.0,"key":"Weak Potion"},{"floor":13.0,"key":"SkillPotion"},{"floor":16.0,"key":"Weak Potion"},{"floor":22.0,"key":"Swift Potion"},{"floor":33.0,"key":"Dexterity Potion"},{"floor":41.0,"key":"LiquidMemories"},{"floor":46.0,"key":"Fire Potion"}],"is_trial":false,"path_per_floor":["M","?","M","M","M","R","M","R","T","E","M","?","E","?","R","B",null,"M","?","M","$","M","R","E","M","T","E","$","M","$","E","R","B",null,"M","?","M","?","?","R","E","R","T","$","$","M","R","M","R","B","B",null,"R","$","E"],"character_chosen":"IRONCLAD","items_purchased":["Flame Barrier","Lantern","Potion Belt","Evolve"],"campfire_rested":3,"item_purchase_floors":[21,28,44,44],"current_hp_per_floor":[64,64,64,62,62,62,46,46,46,40,33,33,11,29,51,51,69,71,71,68,68,47,47,44,50,50,31,31,31,31,18,44,24,74,77,77,71,61,61,61,21,51,51,51,51,39,39,41,41,29,20,85,85,85,0,0],"gold":18,"neow_bonus":"BOSS_RELIC","is_daily":false,"chose_seed":false,"campfire_upgraded":6,"win_rate":0.0,"timestamp":1612918769,"path_taken":["M","?","M","M","M","R","M","R","T","E","?","?","E","?","R","BOSS","M","?","M","$","M","R","E","M","T","E","?","M","$","E","R","BOSS","M","?","M","?","?","R","E","R","T","?","$","M","R","M","R","BOSS","BOSS","R","$","E"],"items_purchased_type":["Card","Relic","Relic","Card"],"build_version":"2020-12-18","purchased_purges":5,"victory":false,"max_hp_per_floor":[75,75,75,75,75,75,75,75,75,75,75,75,75,75,75,75,75,75,75,75,75,79,79,79,83,83,83,83,83,83,87,87,91,91,95,95,99,99,99,99,103,103,103,103,103,103,103,103,103,107,107,107,107,107,107,107],"card_choices":[{"not_picked":["Searing Blow","Twin Strike"],"picked":"Heavy Blade","floor":1.0},{"not_picked":["Iron Wave","Twin Strike"],"picked":"Shrug It Off","floor":3.0},{"not_picked":["Wild Strike","Heavy Blade"],"picked":"Clothesline","floor":4.0},{"not_picked":["Sword Boomerang","Battle Trance"],"picked":"Inflame","floor":5.0},{"not_picked":["Warcry","Clothesline"],"picked":"Demon Form","floor":7.0},{"not_picked":["Second Wind","Seeing Red"],"picked":"Hemokinesis","floor":10.0},{"not_picked":["Flex","Wild Strike"],"picked":"Whirlwind","floor":11.0},{"not_picked":["Sword Boomerang","Warcry","Pummel"],"picked":"SKIP","floor":13.0},{"not_picked":["Barricade","Berserk"],"picked":"Feed","floor":16.0},{"not_picked":["Iron Wave","Sword Boomerang","Whirlwind"],"picked":"SKIP","floor":18.0},{"not_picked":["Body Slam+1","Sword Boomerang","Seeing Red"],"picked":"SKIP","floor":20.0},{"not_picked":["Clash","Heavy Blade","Cleave"],"picked":"SKIP","floor":22.0},{"not_picked":["Clash","Iron Wave"],"picked":"Shrug It Off","floor":24.0},{"not_picked":["Pummel","Clothesline"],"picked":"Limit Break","floor":25.0},{"not_picked":["Pommel Strike","Pummel","Headbutt"],"picked":"SKIP","floor":27.0},{"not_picked":["Iron Wave","Flex","Shrug It Off"],"picked":"SKIP","floor":29.0},{"not_picked":["Iron Wave","Armaments","Anger"],"picked":"SKIP","floor":31.0},{"not_picked":["Barricade","Exhume"],"picked":"Berserk","floor":33.0},{"not_picked":["Havoc+1","True Grit+1"],"picked":"Disarm","floor":35.0},{"not_picked":["Combust","Havoc","Anger+1"],"picked":"SKIP","floor":37.0},{"not_picked":["Good Instincts","Madness"],"picked":"Master of Strategy","floor":38.0},{"not_picked":["Thunderclap","Whirlwind+1","Armaments"],"picked":"SKIP","floor":41.0},{"not_picked":["Seeing Red+1","Reckless Charge"],"picked":"Shockwave","floor":46.0},{"not_picked":["Uppercut","Sword Boomerang"],"picked":"Shrug It Off+1","floor":48.0}],"player_experience":2545732,"relics_obtained":[{"floor":9.0,"key":"Smiling Mask"},{"floor":10.0,"key":"Red Skull"},{"floor":13.0,"key":"Blood Vial"},{"floor":24.0,"key":"Toy Ornithopter"},{"floor":26.0,"key":"Pen Nib"},{"floor":27.0,"key":"Juzu Bracelet"},{"floor":31.0,"key":"Anchor"},{"floor":41.0,"key":"Du-Vu Doll"}],"event_choices":[{"damage_healed":0.0,"max_hp_gain":0.0,"max_hp_loss":0.0,"gold_gain":0.0,"event_name":"Accursed Blacksmith","player_choice":"Forge","floor":2.0,"gold_loss":0.0,"damage_taken":0.0,"cards_upgraded":["Bash"]},{"damage_healed":0.0,"max_hp_gain":0.0,"max_hp_loss":0.0,"gold_gain":0.0,"event_name":"Living Wall","player_choice":"Grow","floor":12.0,"gold_loss":0.0,"damage_taken":0.0,"cards_upgraded":["Whirlwind"]},{"damage_healed":18.0,"max_hp_gain":0.0,"max_hp_loss":0.0,"gold_gain":0.0,"event_name":"The Cleric","player_choice":"Healed","floor":14.0,"gold_loss":35.0,"damage_taken":0.0},{"damage_healed":0.0,"max_hp_gain":0.0,"max_hp_loss":0.0,"gold_gain":0.0,"event_name":"Upgrade Shrine","player_choice":"Upgraded","floor":19.0,"gold_loss":0.0,"damage_taken":0.0,"cards_upgraded":["Feed"]},{"damage_healed":0.0,"max_hp_gain":0.0,"max_hp_loss":0.0,"gold_gain":0.0,"event_name":"Tomb of Lord Red Mask","player_choice":"Ignored","floor":36.0,"gold_loss":0.0,"damage_taken":0.0},{"damage_healed":0.0,"max_hp_gain":0.0,"max_hp_loss":0.0,"gold_gain":0.0,"event_name":"SensoryStone","player_choice":"Memory 3","floor":38.0,"gold_loss":0.0,"damage_taken":10.0},{"cards_removed":["Master of Strategy"],"damage_healed":0.0,"max_hp_gain":0.0,"max_hp_loss":0.0,"gold_gain":0.0,"event_name":"Falling","player_choice":"Removed Skill","floor":39.0,"gold_loss":0.0,"damage_taken":0.0}],"is_beta":true,"boss_relics":[{"not_picked":["Astrolabe","Coffee Dripper"],"picked":"Snecko Eye"},{"not_picked":["Cursed Key","SlaversCollar"],"picked":"SacredBark"}],"items_purged_floors":[21,28,30,44,54],"is_endless":false,"potions_floor_spawned":[1,4,5,13,16,22,25,33,41,46],"killed_by":"Shield and Spear","ascension_level":20}}