{"host":"epc8efk9vrywpcsw","time":1612963222,"event":{"mods":["BaseMod","Minty Spire (QoL Compilation)","Relic Stats","StSLib"],"gold_per_floor":[117,292,228,228,238,266,266,285,285,285,79,105,105,116,116,188,188,208,4,21,21,36,36,36,56,56,56,155,155,155,155,155,230,230,240,266,266,266,291,317,333,351,351,419,13,33,33,59,59,59],"floor_reached":51,"language":"ENG","playtime":1514,"items_purged":["Regret"],"score":1415,"play_id":"3cf7fbd3-e58f-4a3b-b371-2f644270247a","local_time":"20210210142022","is_ascension_mode":true,"campfire_choices":[{"floor":7.0,"key":"REST"},{"floor":10.0,"key":"REST"},{"data":"Apotheosis","floor":15.0,"key":"SMITH"},{"floor":23.0,"key":"REST"},{"floor":29.0,"key":"REST"},{"floor":32.0,"key":"REST"},{"data":"Reboot","floor":49,"key":"SMITH"}],"circlet_count":0,"master_deck":["AscendersBane","Zap","Dualcast","FTL","Go for the Eyes","All For One","Ball Lightning","Apotheosis+1","Leap","Core Surge","BootSequence","Barrage","Gash","Machine Learning","Auto Shields","Go for the Eyes+1","FTL","Gash","Gash","Go for the Eyes","All For One","Hologram","Secret Weapon","Bandage Up","Good Instincts","Gash","Hologram+1","Reboot+1","Scrape","Go for the Eyes","Undo"],"relics":["Cracked Core","Juzu Bracelet","The Courier","MealTicket","Ornamental Fan","Letter Opener","Tiny Chest","Pandora\u0027s Box","Membership Card","Anchor","Kunai","Shuriken","Sozu","Lantern","Emotion Chip","Art of War","Bottled Tornado","InkBottle","Bag of Preparation","Darkstone Periapt","Sling","Cables","Happy Flower"],"acts_visited":["Exordium","TheCity","TheBeyond"],"potions_floor_usage":[50,50],"damage_taken":[{"damage":5.0,"enemies":"Small Slimes","floor":1.0,"turns":3.0},{"damage":2.0,"enemies":"Cultist","floor":5.0,"turns":3.0},{"damage":45.0,"enemies":"3 Sentries","floor":6.0,"turns":7.0},{"damage":7.0,"enemies":"Jaw Worm","floor":8.0,"turns":4.0},{"damage":11.0,"enemies":"Lagavulin","floor":12.0,"turns":7.0},{"damage":2.0,"enemies":"Lots of Slimes","floor":14.0,"turns":2.0},{"damage":20.0,"enemies":"Hexaghost","floor":16.0,"turns":8.0},{"damage":16.0,"enemies":"2 Thieves","floor":18.0,"turns":3.0},{"damage":27.0,"enemies":"3 Byrds","floor":20.0,"turns":3.0},{"damage":27.0,"enemies":"Snecko","floor":22.0,"turns":5.0},{"damage":6.0,"enemies":"Centurion and Healer","floor":25.0,"turns":3.0},{"damage":26.0,"enemies":"Champ","floor":33.0,"turns":7.0},{"damage":0.0,"enemies":"Orb Walker","floor":35.0,"turns":2.0},{"damage":12.0,"enemies":"Mind Bloom Boss Battle","floor":39.0,"turns":7.0},{"damage":0.0,"enemies":"Giant Head","floor":40.0,"turns":5.0},{"damage":5.0,"enemies":"3 Shapes","floor":41.0,"turns":3.0},{"damage":0.0,"enemies":"Transient","floor":42.0,"turns":5.0},{"damage":2,"enemies":"4 Shapes","floor":46,"turns":3},{"damage":0,"enemies":"Nemesis","floor":48,"turns":5},{"damage":0,"enemies":"Donu and Deca","floor":50,"turns":5}],"seed_played":"-6220665343083414272","potions_obtained":[{"floor":5.0,"key":"Swift Potion"},{"floor":6.0,"key":"EssenceOfSteel"},{"floor":16.0,"key":"Strength Potion"}],"is_trial":false,"path_per_floor":["M","?","?","?","M","E","R","M","T","R","$","E","?","M","R","B",null,"M","$","M","$","M","R","?","M","T","T","?","R","?","?","R","B",null,"M","T","?","?","?","E","M","M","T","T","$","M","?","E","R","B",null],"character_chosen":"DEFECT","items_purchased":["Apotheosis","Membership Card","FTL","Anchor","Bag of Preparation","Reboot","Darkstone Periapt","Sling","Cables","Scrape"],"campfire_rested":5,"item_purchase_floors":[11,19,19,19,45,45,45,45,45,45],"current_hp_per_floor":[59,59,59,59,57,12,33,26,26,47,62,51,51,49,49,29,61,45,60,33,48,21,42,42,36,36,36,36,57,44,44,66,40,67,67,67,67,57,51,55,54,60,60,60,75,74,74,76,76,76],"gold":59,"neow_bonus":"RANDOM_COMMON_RELIC","is_daily":false,"chose_seed":false,"campfire_upgraded":2,"win_rate":0.0,"timestamp":1612963222,"path_taken":["M","?","?","?","M","E","R","M","T","R","$","E","?","M","R","BOSS","M","$","M","?","M","R","?","M","T","?","?","R","?","?","R","BOSS","M","?","?","?","?","E","M","M","T","?","$","M","?","E","R","BOSS"],"items_purchased_type":["Card","Relic","Card","Relic","Relic","Card","Relic","Relic","Relic","Card"],"build_version":"2020-12-22","purchased_purges":1,"victory":true,"max_hp_per_floor":[71,71,71,71,71,71,71,71,71,71,71,71,71,71,71,71,71,71,71,71,71,71,71,71,71,71,71,71,71,76,76,76,76,76,76,76,76,76,76,76,76,76,76,76,76,76,76,76,76,76],"relic_stats":{"Darkstone Periapt":0,"Happy Flower":[1],"counters":[20,90],"Juzu Bracelet":4,"Bag of Preparation":[6],"Letter Opener":[177],"Cables":[11,11,0,0,0],"Sozu":3,"Emotion Chip":[4,4,0,0,0],"Ornamental Fan":[288],"Shuriken":[55],"MealTicket":60,"Tiny Chest":3,"Pandora\u0027s Box":["BootSequence","Doom and Gloom","Compile Driver","Chaos","Barrage","Gash","Machine Learning","Auto Shields"],"Art of War":[0],"Kunai":[55],"obtain_stats":[{"Darkstone Periapt":45,"Lantern":36,"Happy Flower":48,"The Courier":3,"Juzu Bracelet":0,"Bag of Preparation":45,"Letter Opener":9,"Bottled Tornado":43,"Sling":45,"Cables":45,"Sozu":34,"Anchor":19,"Emotion Chip":39,"Ornamental Fan":6,"Shuriken":27,"MealTicket":4,"Tiny Chest":12,"Pandora\u0027s Box":17,"Art of War":40,"Membership Card":19,"Kunai":26,"Cracked Core":0,"InkBottle":44},{"Darkstone Periapt":17,"Lantern":13,"Happy Flower":19,"The Courier":1,"Juzu Bracelet":0,"Bag of Preparation":17,"Letter Opener":4,"Bottled Tornado":17,"Sling":17,"Cables":17,"Sozu":12,"Anchor":8,"Emotion Chip":14,"Ornamental Fan":3,"Shuriken":11,"MealTicket":1,"Tiny Chest":5,"Pandora\u0027s Box":7,"Art of War":15,"Membership Card":8,"Kunai":11,"Cracked Core":0,"InkBottle":17},{"Darkstone Periapt":77,"Lantern":57,"Happy Flower":85,"The Courier":3,"Juzu Bracelet":0,"Bag of Preparation":77,"Letter Opener":17,"Bottled Tornado":77,"Sling":77,"Cables":77,"Sozu":55,"Anchor":37,"Emotion Chip":64,"Ornamental Fan":13,"Shuriken":48,"MealTicket":3,"Tiny Chest":24,"Pandora\u0027s Box":34,"Art of War":69,"Membership Card":37,"Kunai":48,"Cracked Core":0,"InkBottle":77}],"InkBottle":[11]},"card_choices":[{"not_picked":["Ball Lightning","Consume"],"picked":"FTL","floor":1.0},{"not_picked":["Auto Shields","Sweeping Beam"],"picked":"Go for the Eyes","floor":5.0},{"not_picked":["Hello World","Coolheaded"],"picked":"All For One","floor":6.0},{"not_picked":["Skim","Loop"],"picked":"Ball Lightning","floor":8.0},{"not_picked":["Hello World","Sweeping Beam"],"picked":"Leap","floor":12.0},{"not_picked":["Streamline","Chaos","Heatsinks"],"picked":"SKIP","floor":14.0},{"not_picked":["Seek","Multi-Cast"],"picked":"Core Surge","floor":16.0},{"not_picked":["Coolheaded","Barrage"],"picked":"Go for the Eyes+1","floor":18.0},{"not_picked":["Ball Lightning","Leap"],"picked":"Gash","floor":20.0},{"not_picked":["Stack","Self Repair"],"picked":"Gash","floor":22.0},{"not_picked":["Barrage","Genetic Algorithm"],"picked":"Go for the Eyes","floor":25.0},{"not_picked":["Meteor Strike","Echo Form"],"picked":"All For One","floor":33.0},{"not_picked":["Double Energy+1","Rebound+1"],"picked":"Hologram","floor":35.0},{"not_picked":["Good Instincts","Dark Shackles"],"picked":"Secret Weapon","floor":38.0},{"not_picked":["Deep Breath","Blind"],"picked":"Bandage Up","floor":38.0},{"not_picked":["PanicButton","Forethought"],"picked":"Good Instincts","floor":38.0},{"not_picked":["Defragment+1","Thunder Strike"],"picked":"Gash","floor":40.0},{"not_picked":["Compile Driver+1","Aggregate+1","Skim"],"picked":"SKIP","floor":41.0},{"not_picked":["Coolheaded","Beam Cell"],"picked":"Hologram+1","floor":42.0},{"not_picked":["Glacier+1","Compile Driver"],"picked":"Go for the Eyes","floor":46},{"not_picked":["Reprogram","Thunder Strike","Chill"],"picked":"SKIP","floor":48}],"player_experience":509802,"relics_obtained":[{"floor":6.0,"key":"Ornamental Fan"},{"floor":9.0,"key":"Letter Opener"},{"floor":12.0,"key":"Tiny Chest"},{"floor":26.0,"key":"Kunai"},{"floor":27.0,"key":"Shuriken"},{"floor":36.0,"key":"Lantern"},{"floor":39.0,"key":"Emotion Chip"},{"floor":40.0,"key":"Art of War"},{"floor":43.0,"key":"Bottled Tornado"},{"floor":44.0,"key":"InkBottle"},{"floor":48,"key":"Happy Flower"}],"event_choices":[{"damage_healed":0.0,"max_hp_gain":0.0,"max_hp_loss":0.0,"gold_gain":175.0,"event_name":"Liars Game","player_choice":"AGREE","floor":2.0,"gold_loss":0.0,"damage_taken":0.0,"cards_obtained":["Doubt"]},{"damage_healed":0.0,"max_hp_gain":0.0,"max_hp_loss":0.0,"gold_gain":0.0,"event_name":"WeMeetAgain","player_choice":"Paid Gold","floor":3.0,"gold_loss":64.0,"damage_taken":0.0,"relics_obtained":["The Courier"]},{"damage_healed":0.0,"max_hp_gain":0.0,"max_hp_loss":0.0,"gold_gain":0.0,"event_name":"Big Fish","player_choice":"Box","floor":4.0,"gold_loss":0.0,"damage_taken":0.0,"relics_obtained":["MealTicket"],"cards_obtained":["Regret"]},{"cards_removed":["Doubt"],"damage_healed":0.0,"max_hp_gain":0.0,"max_hp_loss":0.0,"gold_gain":0.0,"event_name":"Fountain of Cleansing","player_choice":"Removed Curses","floor":13.0,"gold_loss":0.0,"damage_taken":0.0},{"cards_removed":["Chaos"],"damage_healed":0.0,"max_hp_gain":0.0,"max_hp_loss":0.0,"gold_gain":0.0,"event_name":"Back to Basics","player_choice":"Elegance","floor":24.0,"gold_loss":0.0,"damage_taken":0.0},{"damage_healed":0.0,"max_hp_gain":0.0,"max_hp_loss":0.0,"gold_gain":99.0,"event_name":"Nest","player_choice":"Stole From Cult","floor":28.0,"gold_loss":0.0,"damage_taken":0.0},{"damage_healed":0.0,"max_hp_gain":5.0,"max_hp_loss":0.0,"gold_gain":0.0,"event_name":"Forgotten Altar","player_choice":"Shed Blood","floor":30.0,"gold_loss":0.0,"damage_taken":18.0},{"cards_removed":["Doom and Gloom"],"damage_healed":0.0,"max_hp_gain":0.0,"max_hp_loss":0.0,"gold_gain":0.0,"event_name":"Purifier","player_choice":"Purged","floor":31.0,"gold_loss":0.0,"damage_taken":0.0},{"damage_healed":0.0,"max_hp_gain":0.0,"max_hp_loss":0.0,"gold_gain":0.0,"event_name":"Tomb of Lord Red Mask","player_choice":"Ignored","floor":37.0,"gold_loss":0.0,"damage_taken":0.0},{"damage_healed":0.0,"max_hp_gain":0.0,"max_hp_loss":0.0,"gold_gain":0.0,"event_name":"SensoryStone","player_choice":"Memory 3","floor":38.0,"gold_loss":0.0,"damage_taken":10.0},{"damage_healed":0.0,"max_hp_gain":0.0,"max_hp_loss":0.0,"gold_gain":0.0,"event_name":"MindBloom","player_choice":"Fight","floor":39.0,"gold_loss":0.0,"damage_taken":0.0},{"damage_healed":0,"gold_gain":0,"cards_transformed":["Compile Driver"],"player_choice":"Transformed","damage_taken":0,"max_hp_gain":0,"max_hp_loss":0,"event_name":"Transmorgrifier","floor":47,"gold_loss":0,"cards_obtained":["Undo"]}],"is_beta":false,"boss_relics":[{"not_picked":["Astrolabe","Empty Cage"],"picked":"Pandora\u0027s Box"},{"not_picked":["Cursed Key","Busted Crown"],"picked":"Sozu"}],"items_purged_floors":[11],"is_endless":false,"potions_floor_spawned":[5,6,12,16,18,20,33,35,40,41],"ascension_level":14}}