{"host":"gfxjwtol062e9znw","time":1612953292,"event":{"mods":["BaseMod","Colored Map","Minty Spire (QoL Compilation)","Rare Cards Sparkle"],"gold_per_floor":[111,111,131,150,162,193,193,157,157,157,167,195,195,215,215,319,319,331,347,359,68,78,105,105,36,36,50,63,63,63,63,63,160,160,170,220,145,145,160,185,185,37,37,37,49,59,59,59,59,59,59],"floor_reached":50,"language":"ENG","playtime":3706,"items_purged":["Defend_G"],"score":789,"play_id":"6fea920d-a973-42fa-93b9-5d7c0ce24ff1","local_time":"20210210213452","is_ascension_mode":true,"campfire_choices":[{"floor":10.0,"key":"REST"},{"data":"Neutralize","floor":13.0,"key":"SMITH"},{"data":"Caltrops","floor":15.0,"key":"SMITH"},{"floor":24.0,"key":"REST"},{"floor":29.0,"key":"REST"},{"floor":32.0,"key":"REST"},{"floor":41,"key":"REST"},{"data":"Well Laid Plans","floor":44,"key":"SMITH"},{"floor":47,"key":"REST"},{"data":"Noxious Fumes","floor":49,"key":"SMITH"}],"circlet_count":0,"master_deck":["Strike_G","Strike_G","Strike_G","Strike_G","Defend_G+1","Defend_G","Survivor","Neutralize+1","Escape Plan","Deflect+1","Dash","Dagger Spray","Choke","Predator","Well Laid Plans+1","Caltrops+1","Bullet Time","Infinite Blades+1","Wraith Form v2+1","Skewer+1","Dodge and Roll+1","Cloak And Dagger","Noxious Fumes+1","Catalyst+1","Dagger Throw","Malaise+1","PiercingWail+1","Prepared+1","Backstab","Burst+1","Poisoned Stab","Footwork","Catalyst+1","Bane","Madness+1","Madness+1"],"relics":["Velvet Choker","War Paint","Incense Burner","Gremlin Horn","Akabeko","Astrolabe","Toxic Egg 2","Blue Candle","Bottled Tornado","Enchiridion","Busted Crown","WingedGreaves","Torii","Eternal Feather"],"acts_visited":["Exordium","TheCity","TheBeyond"],"potions_floor_usage":[40,40,45,46,50],"damage_taken":[{"damage":2.0,"enemies":"Small Slimes","floor":1.0,"turns":4.0},{"damage":0.0,"enemies":"2 Louse","floor":3.0,"turns":3.0},{"damage":0.0,"enemies":"Jaw Worm","floor":4.0,"turns":5.0},{"damage":0.0,"enemies":"Large Slime","floor":5.0,"turns":8.0},{"damage":13.0,"enemies":"Gremlin Nob","floor":6.0,"turns":4.0},{"damage":3.0,"enemies":"Looter","floor":11.0,"turns":3.0},{"damage":2.0,"enemies":"Lagavulin","floor":12.0,"turns":6.0},{"damage":0.0,"enemies":"Lots of Slimes","floor":14.0,"turns":1.0},{"damage":36.0,"enemies":"Slime Boss","floor":16.0,"turns":14.0},{"damage":2.0,"enemies":"Chosen","floor":18.0,"turns":4.0},{"damage":4.0,"enemies":"2 Thieves","floor":19.0,"turns":3.0},{"damage":0.0,"enemies":"Snecko","floor":20.0,"turns":5.0},{"damage":14.0,"enemies":"Snake Plant","floor":22.0,"turns":4.0},{"damage":22.0,"enemies":"Slavers","floor":23.0,"turns":6.0},{"damage":12.0,"enemies":"Chosen and Byrds","floor":27.0,"turns":7.0},{"damage":1.0,"enemies":"Snecko","floor":28.0,"turns":5.0},{"damage":27.0,"enemies":"Automaton","floor":33.0,"turns":10.0},{"damage":0,"enemies":"3 Shapes","floor":35,"turns":5},{"damage":9,"enemies":"Mind Bloom Boss Battle","floor":36,"turns":9},{"damage":0,"enemies":"3 Darklings","floor":39,"turns":5},{"damage":28,"enemies":"Giant Head","floor":40,"turns":7},{"damage":10,"enemies":"Writhing Mass","floor":45,"turns":6},{"damage":30,"enemies":"4 Shapes","floor":46,"turns":5},{"damage":78,"enemies":"Awakened One","floor":50,"turns":12}],"seed_played":"6024074947240267635","potions_obtained":[{"floor":3.0,"key":"SkillPotion"},{"floor":5.0,"key":"GamblersBrew"},{"floor":12.0,"key":"FearPotion"},{"floor":16.0,"key":"Dexterity Potion"},{"floor":18.0,"key":"CultistPotion"},{"floor":23.0,"key":"BlessingOfTheForge"},{"floor":27.0,"key":"EntropicBrew"},{"floor":28.0,"key":"CunningPotion"},{"floor":35,"key":"DuplicationPotion"},{"floor":46,"key":"Energy Potion"}],"is_trial":false,"path_per_floor":["M","?","M","M","M","E","?","?","T","R","M","E","R","M","R","B",null,"M","M","M","$","M","E","R","$","T","M","M","R","?","?","R","B",null,"M","?","$","?","M","E","R","$","T","R","M","M","R","?","R","B"],"character_chosen":"THE_SILENT","items_purchased":["Toxic Egg 2","Noxious Fumes","Malaise+1","Footwork","Catalyst+1"],"campfire_rested":6,"item_purchase_floors":[21,21,25,42,42],"current_hp_per_floor":[61,66,66,66,66,53,41,41,41,63,60,58,58,58,58,22,62,60,56,56,56,42,20,42,42,42,30,29,51,51,35,57,30,64,64,55,55,55,55,27,49,49,49,67,57,27,67,58,75,0,0],"gold":59,"neow_bonus":"BOSS_RELIC","is_daily":false,"chose_seed":false,"campfire_upgraded":4,"win_rate":0.0,"timestamp":1612953292,"path_taken":["M","?","M","M","M","E","?","?","T","R","M","E","R","M","R","BOSS","M","M","M","$","M","E","R","$","T","M","M","R","?","?","R","BOSS","M","?","$","?","M","E","R","$","T","R","M","?","R","?","R","BOSS"],"items_purchased_type":["Relic","Card","Card","Card","Card"],"build_version":"2020-12-22","purchased_purges":1,"victory":false,"max_hp_per_floor":[70,75,75,75,75,75,75,75,75,75,75,75,75,75,75,75,75,75,75,75,75,75,75,75,75,75,75,75,75,75,75,75,75,75,75,75,75,75,75,75,75,75,75,75,75,75,75,75,75,75,75],"card_choices":[{"not_picked":["Poisoned Stab","Bane"],"picked":"Escape Plan","floor":1.0},{"not_picked":["Poisoned Stab","Slice"],"picked":"Deflect","floor":3.0},{"not_picked":["Crippling Poison","Deadly Poison"],"picked":"Dash","floor":4.0},{"not_picked":["Escape Plan","Acrobatics"],"picked":"Dagger Spray","floor":5.0},{"not_picked":["Sucker Punch","Infinite Blades"],"picked":"Choke","floor":6.0},{"not_picked":["Bane","Slice"],"picked":"Predator","floor":11.0},{"not_picked":["Dodge and Roll","Quick Slash"],"picked":"Well Laid Plans","floor":12.0},{"not_picked":["Tactician","Predator"],"picked":"Caltrops","floor":14.0},{"not_picked":["Envenom","Tools of the Trade"],"picked":"Bullet Time","floor":16.0},{"not_picked":["Flechettes","Deflect"],"picked":"Dodge and Roll+1","floor":18.0},{"not_picked":["Tactician","Deadly Poison+1"],"picked":"Cloak And Dagger","floor":19.0},{"not_picked":["Infinite Blades","Flechettes","Catalyst"],"picked":"SKIP","floor":20.0},{"not_picked":["Accuracy","Bane+1"],"picked":"Catalyst+1","floor":22.0},{"not_picked":["Deflect+1","Grand Finale"],"picked":"Dagger Throw","floor":23.0},{"not_picked":["Dagger Spray","Caltrops"],"picked":"PiercingWail+1","floor":27.0},{"not_picked":["Crippling Poison+1","Acrobatics+1"],"picked":"Prepared+1","floor":28.0},{"not_picked":["Storm of Steel+1","Tools of the Trade"],"picked":"Burst+1","floor":33.0},{"not_picked":["Acrobatics+1"],"picked":"SKIP","floor":35},{"not_picked":["Backflip+1"],"picked":"SKIP","floor":39},{"not_picked":["Reflex+1"],"picked":"SKIP","floor":40},{"not_picked":["Dagger Throw"],"picked":"SKIP","floor":45},{"not_picked":[],"picked":"Bane","floor":46}],"player_experience":131328,"relics_obtained":[{"floor":6.0,"key":"War Paint"},{"floor":9.0,"key":"Gremlin Horn"},{"floor":12.0,"key":"Akabeko"},{"floor":23.0,"key":"Blue Candle"},{"floor":26.0,"key":"Bottled Tornado"},{"floor":31.0,"key":"Enchiridion"},{"floor":36,"key":"WingedGreaves"},{"floor":40,"key":"Torii"},{"floor":43,"key":"Eternal Feather"}],"event_choices":[{"damage_healed":0.0,"max_hp_gain":5.0,"max_hp_loss":0.0,"gold_gain":0.0,"event_name":"Big Fish","player_choice":"Donut","floor":2.0,"gold_loss":0.0,"damage_taken":0.0},{"damage_healed":0.0,"max_hp_gain":0.0,"max_hp_loss":0.0,"gold_gain":0.0,"event_name":"Scrap Ooze","player_choice":"Success","floor":7.0,"gold_loss":0.0,"damage_taken":12.0,"relics_obtained":["Incense Burner"]},{"damage_healed":0.0,"max_hp_gain":0.0,"max_hp_loss":0.0,"gold_gain":0.0,"event_name":"World of Goop","player_choice":"Left Gold","floor":8.0,"gold_loss":36.0,"damage_taken":0.0},{"damage_healed":0.0,"max_hp_gain":0.0,"max_hp_loss":0.0,"gold_gain":0.0,"event_name":"The Library","player_choice":"Read","floor":30.0,"gold_loss":0.0,"damage_taken":0.0,"cards_obtained":["Backstab"]},{"damage_healed":0.0,"max_hp_gain":0.0,"max_hp_loss":0.0,"gold_gain":0.0,"event_name":"Cursed Tome","player_choice":"Obtained Book","floor":31.0,"gold_loss":0.0,"damage_taken":16.0},{"damage_healed":0,"gold_gain":0,"player_choice":"Fight","damage_taken":0,"max_hp_gain":0,"max_hp_loss":0,"event_name":"MindBloom","floor":36,"gold_loss":0},{"damage_healed":0,"gold_gain":0,"player_choice":"1 cards matched","damage_taken":0,"max_hp_gain":0,"max_hp_loss":0,"event_name":"Match and Keep!","floor":38,"gold_loss":0,"cards_obtained":["Poisoned Stab"]},{"damage_healed":0,"gold_gain":0,"player_choice":"Embrace Madness","damage_taken":9,"max_hp_gain":0,"max_hp_loss":0,"event_name":"Winding Halls","floor":48,"gold_loss":0,"cards_obtained":["Madness","Madness"]}],"is_beta":false,"boss_relics":[{"not_picked":["SlaversCollar","Snecko Eye"],"picked":"Astrolabe"},{"not_picked":["Calling Bell","Runic Dome"],"picked":"Busted Crown"}],"items_purged_floors":[37],"is_endless":false,"potions_floor_spawned":[3,5,12,16,18,23,27,28,35,46],"killed_by":"Awakened One","ascension_level":9}}