{"host":"1vy6j31128f61x2z","time":1612917950,"event":{"mods":["AchievementEnabler","BaseMod","Colored Powertips","Minty Spire (QoL Compilation)","Permanent Neow"],"gold_per_floor":[118,50,60,135,111,139,139,169,169,202,202,219,235,246,246,349,349,360,373,392,392,60,60,92,110,134,169,98,117,117,132,132,229,229,240,251,84,95,111,111,137,137,137,137,152,168,179,195,195,195],"floor_reached":51,"language":"ENG","playtime":2875,"items_purged":["Defend_P"],"score":830,"play_id":"d7fc9303-8bea-4f51-a4f0-f61e89f45d1f","local_time":"20210209194550","is_ascension_mode":true,"campfire_choices":[{"data":"Blasphemy","floor":11.0,"key":"SMITH"},{"data":"FlurryOfBlows","floor":15.0,"key":"SMITH"},{"data":"FlurryOfBlows","floor":23.0,"key":"SMITH"},{"floor":30.0,"key":"REST"},{"floor":32.0,"key":"REST"},{"data":"Consecrate","floor":40,"key":"SMITH"},{"data":"Protect","floor":42,"key":"SMITH"},{"floor":44,"key":"REST"},{"floor":49,"key":"REST"}],"circlet_count":0,"master_deck":["Strike_P","Strike_P","Defend_P","Defend_P","Eruption+1","Vigilance","CarveReality","Adaptation","CarveReality","Consecrate+1","ClearTheMind","FlurryOfBlows+1","Blasphemy+1","FlurryOfBlows+1","BattleHymn+1","FollowUp","Judgement+1","Consecrate+1","Conclude+1","WreathOfFlame+1","Crescendo+1","CutThroughFate","Evaluate","Tantrum+1","Devotion+1","ThirdEye+1","FlyingSleeves+1","Protect+1","ThirdEye+1","FollowUp+1","FearNoEvil+1","Protect+1","Scrawl","ClearTheMind+1"],"relics":["PureWater","InkBottle","Frozen Egg 2","Gremlin Horn","Pear","VioletLotus","CaptainsWheel","Question Card","Gambling Chip","Strawberry","Vajra","Empty Cage","War Paint","Nunchaku","Dream Catcher"],"acts_visited":["Exordium","TheCity","TheBeyond"],"potions_floor_usage":[47,50,50,50],"damage_taken":[{"damage":0.0,"enemies":"Cultist","floor":1.0,"turns":4.0},{"damage":0.0,"enemies":"Small Slimes","floor":3.0,"turns":2.0},{"damage":12.0,"enemies":"3 Sentries","floor":6.0,"turns":5.0},{"damage":10.0,"enemies":"Lagavulin","floor":8.0,"turns":3.0},{"damage":1.0,"enemies":"3 Sentries","floor":10.0,"turns":2.0},{"damage":6.0,"enemies":"Jaw Worm","floor":12.0,"turns":2.0},{"damage":2.0,"enemies":"Looter","floor":13.0,"turns":2.0},{"damage":0.0,"enemies":"Gremlin Gang","floor":14.0,"turns":1.0},{"damage":0.0,"enemies":"Slime Boss","floor":16.0,"turns":3.0},{"damage":4.0,"enemies":"Shell Parasite","floor":18.0,"turns":3.0},{"damage":0.0,"enemies":"Spheric Guardian","floor":19.0,"turns":1.0},{"damage":24.0,"enemies":"Snake Plant","floor":20.0,"turns":4.0},{"damage":37.0,"enemies":"Slavers","floor":24.0,"turns":4.0},{"damage":0.0,"enemies":"3 Cultists","floor":25.0,"turns":2.0},{"damage":15.0,"enemies":"Gremlin Leader","floor":27.0,"turns":3.0},{"damage":7.0,"enemies":"Shelled Parasite and Fungi","floor":29.0,"turns":2.0},{"damage":0.0,"enemies":"Centurion and Healer","floor":31.0,"turns":2.0},{"damage":40.0,"enemies":"Champ","floor":33.0,"turns":5.0},{"damage":21.0,"enemies":"3 Darklings","floor":35.0,"turns":2.0},{"damage":1.0,"enemies":"Orb Walker","floor":36.0,"turns":2.0},{"damage":0.0,"enemies":"Sphere and 2 Shapes","floor":38.0,"turns":1.0},{"damage":4,"enemies":"Maw","floor":39,"turns":4},{"damage":10,"enemies":"Giant Head","floor":41,"turns":5},{"damage":0,"enemies":"3 Darklings","floor":45,"turns":2},{"damage":0,"enemies":"Transient","floor":46,"turns":5},{"damage":20,"enemies":"Writhing Mass","floor":47,"turns":3},{"damage":0,"enemies":"4 Shapes","floor":48,"turns":1},{"damage":58,"enemies":"Time Eater","floor":50,"turns":6}],"seed_played":"-3058854842818117773","potions_obtained":[{"floor":1.0,"key":"DistilledChaos"},{"floor":8.0,"key":"CultistPotion"},{"floor":13.0,"key":"Block Potion"},{"floor":14.0,"key":"FearPotion"},{"floor":25.0,"key":"Swift Potion"},{"floor":27.0,"key":"Swift Potion"},{"floor":29.0,"key":"SkillPotion"},{"floor":33.0,"key":"Ancient Potion"},{"floor":38.0,"key":"Block Potion"},{"floor":47,"key":"Weak Potion"}],"is_trial":false,"path_per_floor":["M","$","M","?","$","E","?","E","T","E","R","M","M","M","R","B",null,"M","M","M","T","$","R","E","M","T","E","$","M","R","M","R","B",null,"M","M","$","M","M","R","E","R","T","R","M","M","M","M","R","B",null],"character_chosen":"WATCHER","items_purchased":["Adaptation","Consecrate","Question Card","Crescendo","CutThroughFate","War Paint","Protect"],"campfire_rested":4,"item_purchase_floors":[2,5,22,28,28,37,37],"current_hp_per_floor":[72,72,72,61,61,49,49,39,39,48,48,42,40,40,40,40,82,78,78,54,54,54,54,17,17,24,9,9,2,28,28,54,14,89,68,67,67,67,63,63,53,53,53,79,79,79,59,59,85,27],"gold":195,"neow_bonus":"UPGRADE_CARD","is_daily":false,"chose_seed":false,"campfire_upgraded":5,"win_rate":0.0,"timestamp":1612917950,"path_taken":["M","?","M","?","?","E","?","E","T","E","R","M","M","M","R","BOSS","M","?","?","?","$","R","E","M","T","E","$","M","R","M","R","BOSS","M","M","$","M","?","R","E","R","T","R","M","M","?","M","R","BOSS"],"items_purchased_type":["Card","Card","Relic","Card","Card","Relic","Card"],"build_version":"2020-12-22","purchased_purges":1,"victory":true,"max_hp_per_floor":[72,72,72,72,72,72,72,72,72,82,82,82,82,82,82,82,82,82,82,82,82,82,82,82,82,89,89,89,89,89,89,89,89,89,89,89,89,89,89,89,89,89,89,89,89,89,89,89,89,89],"card_choices":[{"not_picked":["Evaluate","BowlingBash"],"picked":"CarveReality","floor":1.0},{"not_picked":["EmptyMind","FollowUp"],"picked":"CarveReality","floor":3.0},{"not_picked":["FollowUp","TalkToTheHand"],"picked":"ClearTheMind","floor":6.0},{"not_picked":["PathToVictory","SignatureMove"],"picked":"FlurryOfBlows","floor":8.0},{"not_picked":["ClearTheMind","Halt"],"picked":"Blasphemy","floor":10.0},{"not_picked":["Meditate","PathToVictory"],"picked":"FlurryOfBlows","floor":12.0},{"not_picked":["EmptyFist","WreathOfFlame"],"picked":"BattleHymn+1","floor":13.0},{"not_picked":["Sanctity","Evaluate"],"picked":"FollowUp","floor":14.0},{"not_picked":["ConjureBlade","Blasphemy"],"picked":"Judgement","floor":16.0},{"not_picked":["Swivel+1","Evaluate+1"],"picked":"Consecrate+1","floor":18.0},{"not_picked":["InnerPeace","BowlingBash","ThirdEye"],"picked":"SKIP","floor":19.0},{"not_picked":["Fasting2+1","JustLucky"],"picked":"Conclude+1","floor":20.0},{"not_picked":["Protect","FollowUp","ConjureBlade"],"picked":"WreathOfFlame+1","floor":24.0},{"not_picked":["FlurryOfBlows","Conclude","Halt","Nirvana+1"],"picked":"SKIP","floor":25.0},{"not_picked":["EmptyFist+1","FollowUp","FearNoEvil+1","Weave"],"picked":"SKIP","floor":27.0},{"not_picked":["Halt","Weave","Worship"],"picked":"Evaluate","floor":29.0},{"not_picked":["BowlingBash+1","Protect","Vault"],"picked":"Tantrum+1","floor":31.0},{"not_picked":["LessonLearned","Omniscience","Judgement"],"picked":"Devotion+1","floor":33.0},{"not_picked":["SandsOfTime","Sanctity","Tantrum"],"picked":"ThirdEye+1","floor":35.0},{"not_picked":["PathToVictory","Wallop","SandsOfTime+1"],"picked":"FlyingSleeves+1","floor":36.0},{"not_picked":["JustLucky","Perseverance","FlyingSleeves+1"],"picked":"ThirdEye+1","floor":38.0},{"not_picked":["PathToVictory","BattleHymn+1","FlyingSleeves"],"picked":"FollowUp+1","floor":39},{"not_picked":["PathToVictory","BattleHymn+1","LikeWater+1"],"picked":"FearNoEvil+1","floor":41},{"not_picked":["FlyingSleeves","TalkToTheHand","Consecrate"],"picked":"Protect+1","floor":44},{"not_picked":["BattleHymn+1","SashWhip","EmptyFist","Adaptation+1"],"picked":"SKIP","floor":45},{"not_picked":["BowlingBash+1","InnerPeace","EmptyFist","Worship"],"picked":"SKIP","floor":46},{"not_picked":["SandsOfTime+1","FlurryOfBlows","InnerPeace+1"],"picked":"Scrawl","floor":47},{"not_picked":["EmptyFist+1","Evaluate","FearNoEvil+1"],"picked":"ClearTheMind+1","floor":48}],"player_experience":24635,"relics_obtained":[{"floor":6.0,"key":"InkBottle"},{"floor":8.0,"key":"Frozen Egg 2"},{"floor":9.0,"key":"Gremlin Horn"},{"floor":10.0,"key":"Pear"},{"floor":21.0,"key":"CaptainsWheel"},{"floor":24.0,"key":"Gambling Chip"},{"floor":26.0,"key":"Strawberry"},{"floor":27.0,"key":"Vajra"},{"floor":41,"key":"Nunchaku"},{"floor":43,"key":"Dream Catcher"}],"event_choices":[{"damage_healed":0.0,"max_hp_gain":0.0,"max_hp_loss":0.0,"gold_gain":75.0,"event_name":"World of Goop","player_choice":"Gather Gold","floor":4.0,"gold_loss":0.0,"damage_taken":11.0},{"cards_removed":["Defend_P"],"damage_healed":0.0,"max_hp_gain":0.0,"max_hp_loss":0.0,"gold_gain":0.0,"event_name":"Bonfire Elementals","player_choice":"Offered Basic","floor":7.0,"gold_loss":0.0,"damage_taken":0.0}],"is_beta":false,"boss_relics":[{"not_picked":["Sozu","Velvet Choker"],"picked":"VioletLotus"},{"not_picked":["Busted Crown","Astrolabe"],"picked":"Empty Cage"}],"items_purged_floors":[22],"is_endless":false,"potions_floor_spawned":[1,8,13,14,25,27,29,33,38,39,46,47],"ascension_level":1}}