{"host":"zsf7u5n6ehqeseos","time":1612970245,"event":{"mods":["AchievementEnabler","BaseMod","Colored Map","Colored Powertips","Googly Eyes","Minty Spire (QoL Compilation)"],"gold_per_floor":[113,113,132,4,24,24,55,65,65,81,94,94,123,140,140,237,237,248,248,0,10,26,26,26,26],"floor_reached":24,"language":"ENG","playtime":1179,"items_purged":[],"score":336,"play_id":"4c552514-99e9-4bf8-93d2-4f9454de50c5","local_time":"20210210161725","is_ascension_mode":true,"campfire_choices":[{"data":"Double Energy","floor":6.0,"key":"SMITH"},{"floor":12.0,"key":"REST"},{"data":"1","floor":15.0,"key":"LIFT"},{"floor":23,"key":"REST"}],"circlet_count":0,"master_deck":["AscendersBane","Strike_B","Strike_B","Strike_B","Defend_B","Defend_B","Defend_B","Zap","Dualcast","Rip and Tear","BootSequence","Consume","Barrage","Zap","Double Energy+1","Panacea","Melter","Ball Lightning","Seek","Redo","Melter","Stack","Rebound","Thunder Strike","FTL","Defragment","Steam Power"],"relics":["Cracked Core","Incense Burner","Calipers","Girya","Inserter","Nilry\u0027s Codex"],"acts_visited":["Exordium","TheCity"],"potions_floor_usage":[22],"damage_taken":[{"damage":2.0,"enemies":"Jaw Worm","floor":1.0,"turns":2.0},{"damage":1.0,"enemies":"Cultist","floor":3.0,"turns":3.0},{"damage":0.0,"enemies":"2 Louse","floor":5.0,"turns":2.0},{"damage":20.0,"enemies":"3 Sentries","floor":7.0,"turns":6.0},{"damage":0.0,"enemies":"Exordium Wildlife","floor":8.0,"turns":3.0},{"damage":12.0,"enemies":"Looter","floor":10.0,"turns":3.0},{"damage":5.0,"enemies":"2 Fungi Beasts","floor":11.0,"turns":3.0},{"damage":12.0,"enemies":"Gremlin Nob","floor":13.0,"turns":3.0},{"damage":0.0,"enemies":"Exordium Wildlife","floor":14.0,"turns":3.0},{"damage":35.0,"enemies":"The Guardian","floor":16.0,"turns":10.0},{"damage":0.0,"enemies":"Chosen","floor":18.0,"turns":4.0},{"damage":0.0,"enemies":"Spheric Guardian","floor":21.0,"turns":1.0},{"damage":17,"enemies":"Centurion and Healer","floor":22,"turns":5},{"damage":41,"enemies":"Gremlin Leader","floor":24,"turns":3}],"seed_played":"-6457055779742853438","potions_obtained":[{"floor":3.0,"key":"SpeedPotion"},{"floor":7.0,"key":"AttackPotion"},{"floor":10.0,"key":"Strength Potion"},{"floor":14.0,"key":"SpeedPotion"},{"floor":18.0,"key":"Dexterity Potion"}],"is_trial":false,"path_per_floor":["M","?","M","$","M","R","E","M","T","M","M","R","E","M","R","B",null,"M","?","?","M","M","R","E"],"character_chosen":"DEFECT","items_purchased":["Panacea","Melter"],"campfire_rested":2,"item_purchase_floors":[4,4],"current_hp_per_floor":[66,66,65,65,65,65,45,45,45,33,28,48,36,36,36,1,51,51,35,35,35,18,38,0,0],"gold":26,"neow_bonus":"TRANSFORM_TWO_CARDS","is_daily":false,"chose_seed":false,"campfire_upgraded":1,"win_rate":0.0,"timestamp":1612970245,"path_taken":["M","?","?","?","M","R","E","?","T","M","M","R","E","M","R","BOSS","M","?","?","M","?","R","E"],"items_purchased_type":["Card","Card"],"build_version":"2020-12-22","purchased_purges":0,"victory":false,"max_hp_per_floor":[68,68,68,68,68,68,68,68,68,68,68,68,68,68,68,68,68,68,68,68,68,68,68,68,68],"card_choices":[{"not_picked":["Streamline","Scrape"],"picked":"Consume","floor":1.0},{"not_picked":["Steam","Blizzard"],"picked":"Double Energy","floor":3.0},{"not_picked":["Steam Power","Stack"],"picked":"Ball Lightning","floor":5.0},{"not_picked":["Sweeping Beam","Leap"],"picked":"Seek","floor":7.0},{"not_picked":["Go for the Eyes","Leap","Coolheaded"],"picked":"SKIP","floor":8.0},{"not_picked":["Gash","Barrage"],"picked":"Redo","floor":10.0},{"not_picked":["Streamline","Recycle"],"picked":"Melter","floor":11.0},{"not_picked":["Fission","Ball Lightning"],"picked":"Stack","floor":13.0},{"not_picked":["Skim","Leap"],"picked":"Rebound","floor":14.0},{"not_picked":["All For One","Amplify"],"picked":"Thunder Strike","floor":16.0},{"not_picked":["Force Field","Go for the Eyes"],"picked":"FTL","floor":18.0},{"not_picked":["Turbo","Skim"],"picked":"Defragment","floor":21.0},{"not_picked":["Coolheaded","Consume"],"picked":"Steam Power","floor":22}],"player_experience":228450,"relics_obtained":[{"floor":7.0,"key":"Incense Burner"},{"floor":9.0,"key":"Calipers"},{"floor":13.0,"key":"Girya"},{"floor":19.0,"key":"Nilry\u0027s Codex"}],"event_choices":[{"damage_healed":0.0,"max_hp_gain":0.0,"max_hp_loss":0.0,"gold_gain":0.0,"event_name":"Match and Keep!","player_choice":"2 cards matched","floor":2.0,"gold_loss":0.0,"damage_taken":0.0,"cards_obtained":["Barrage","Zap"]},{"damage_healed":0.0,"max_hp_gain":0.0,"max_hp_loss":0.0,"gold_gain":0.0,"event_name":"Cursed Tome","player_choice":"Obtained Book","floor":19.0,"gold_loss":0.0,"damage_taken":16.0},{"damage_healed":0.0,"max_hp_gain":0.0,"max_hp_loss":0.0,"gold_gain":0.0,"event_name":"Masked Bandits","player_choice":"Paid Fearfully","floor":20.0,"gold_loss":248.0,"damage_taken":0.0}],"is_beta":false,"boss_relics":[{"not_picked":["Snecko Eye","Astrolabe"],"picked":"Inserter"}],"items_purged_floors":[],"is_endless":false,"potions_floor_spawned":[3,7,10,14,18],"killed_by":"Gremlin Leader","ascension_level":12}}