{"host":"5dhwd44u3dydylwe","time":1612916472,"event":{"mods":["AchievementEnabler","BaseMod","BetterRewards","Dota2Spire","Downfall","Hubris","Minty Spire (QoL Compilation)","Shop Mod","StSLib","Wandering Minibosses"],"gold_per_floor":[99,116,134,152,152,152,152,152,152,163,181,281,281,191,226,65,79,89,185,185,85,95,113,388,399,426,437,464,464,481,510,526,526,526,157,187,187,205,205,205,205],"floor_reached":39,"language":"ENG","playtime":2627,"items_purged":["champ:Strike","Regret"],"score":390,"play_id":"11fada3b-f46a-40c8-af30-d228b036c381","local_time":"20210210082112","is_ascension_mode":true,"campfire_choices":[{"data":"champ:Taunt","floor":1,"key":"SMITH"},{"data":"champ:Execute","floor":6,"key":"SMITH"},{"data":"champ:StanceDance","floor":9,"key":"SMITH"},{"data":"champ:ShieldWall","floor":13,"key":"SMITH"},{"data":"champ:GladiatorForm","floor":21,"key":"SMITH"},{"floor":33,"key":"REST"}],"circlet_count":0,"master_deck":["champ:Strike","champ:Strike","champ:Strike","champ:Defend","champ:Defend","champ:Defend","champ:Defend","champ:Execute+1","champ:Taunt+1","champ:StanceDance+1","champ:FancyFootwork","champ:ShieldWall+1","champ:FlashCut","champ:GladiatorForm+1","champ:Duel","champ:DefensiveStyle","champ:ArenaPreparation","champ:SteelEdge","champ:SkillfulDodge","champ:DefensiveShout","champ:ShieldThrow","champ:ShieldThrow"],"relics":["champ:ChampionCrown","Strawberry","Dota2Spire:MonkeyKingBar","WristBlade","Dota2Spire:EchoSabre","Dota2Spire:Vanguard","Runic Dome","downfall:HeartBlessingBlue","Red Mask","Lantern","Slimebound:PreparedRelic","Dota2Spire:Dagon","hubris:CrystalStatue","Dota2Spire:DivineRapier","champ:BerserkersGuideToSlaughter"],"acts_visited":["Exordium","TheCity"],"potions_floor_usage":[35,36],"damage_taken":[{"damage":4,"enemies":"Jaw Worm","floor":2,"turns":7},{"damage":10,"enemies":"Small Slimes","floor":3,"turns":4},{"damage":14,"enemies":"Cultist","floor":4,"turns":4},{"damage":26,"enemies":"Lots of Slimes","floor":10,"turns":6},{"damage":10,"enemies":"Exordium Wildlife","floor":11,"turns":2},{"damage":34,"enemies":"Exordium Wildlife","floor":12,"turns":5},{"damage":13,"enemies":"downfall:FleeingMerchant","floor":14,"turns":4},{"damage":22,"enemies":"Gremlin Nob","floor":15,"turns":4},{"damage":10,"enemies":"downfall:FleeingMerchant","floor":16,"turns":4},{"damage":15,"enemies":"Blue Slaver","floor":17,"turns":3},{"damage":15,"enemies":"Large Slime","floor":18,"turns":4},{"damage":43,"enemies":"IC_STATUS_ARCHETYPE","floor":19,"turns":4},{"damage":0,"enemies":"Chosen","floor":22,"turns":5},{"damage":0,"enemies":"Sentry and Sphere","floor":23,"turns":4},{"damage":14,"enemies":"3 Cultists","floor":25,"turns":5},{"damage":40,"enemies":"Masked Bandits","floor":26,"turns":5},{"damage":11,"enemies":"Snake Plant","floor":27,"turns":3},{"damage":46,"enemies":"Cultist and Chosen","floor":30,"turns":8},{"damage":15,"enemies":"Book of Stabbing","floor":31,"turns":4},{"damage":43,"enemies":"Shelled Parasite and Fungi","floor":32,"turns":6},{"damage":29,"enemies":"downfall:FleeingMerchant","floor":35,"turns":6},{"damage":0,"enemies":"Slavers","floor":36,"turns":5},{"damage":21,"enemies":"Snake Plant","floor":38,"turns":2},{"damage":28,"enemies":"DF_ARCHETYPE_CLAW","floor":39,"turns":3}],"seed_played":"-8243841367868934757","potions_obtained":[{"floor":4,"key":"Fire Potion"},{"floor":10,"key":"champ:OpenerPotion"},{"floor":11,"key":"Block Potion"},{"floor":38,"key":"CultistPotion"}],"is_trial":false,"path_per_floor":["R","M","M","M","?","R","T","T","R","M","M","?","R","$","E","$","M","M","B",null,"R","M","M","?","M","?","M","T","?","M","E","M","R","T","$","E","?","M","B"],"character_chosen":"THE_CHAMP","items_purchased":["Dota2Spire:Vanguard","hubris:CrystalStatue"],"campfire_rested":1,"item_purchase_floors":[16,35],"current_hp_per_floor":[97,93,93,89,94,94,94,94,94,88,88,64,64,61,49,49,49,44,40,102,112,112,112,112,108,88,87,87,87,51,46,23,56,56,47,47,47,26,0,0,0],"gold":205,"neow_bonus":"RANDOM_COMMON_RELIC","is_daily":false,"chose_seed":false,"campfire_upgraded":5,"win_rate":0.0,"timestamp":1612916472,"path_taken":["R","M","M","M","?","R","T","T","R","M","M","?","R","$","E","?","?","M","BOSS","R","M","M","?","?","?","M","T","?","M","E","?","R","?","$","E","?","M","BOSS"],"items_purchased_type":["Relic","Relic"],"build_version":"2020-12-22","purchased_purges":2,"victory":false,"max_hp_per_floor":[97,97,97,97,102,102,102,102,102,102,102,102,102,102,102,102,102,102,102,102,112,112,112,112,112,112,112,112,112,112,112,112,112,112,112,112,112,112,112,112,112],"card_choices":[{"not_picked":["champ:Circumvent","champ:RapidStrikes"],"picked":"champ:StanceDance","floor":2},{"not_picked":["champ:EnragedBash","champ:FocusedBerserking","champ:FaceSlap"],"picked":"SKIP","floor":3},{"not_picked":["champ:PreciseThrust","champ:Circumvent","champ:Haymaker"],"picked":"SKIP","floor":4},{"not_picked":["champ:BladeFlurry","champ:BerserkersShout"],"picked":"champ:FancyFootwork","floor":10},{"not_picked":["champ:RecklessLeap","champ:Haymaker"],"picked":"champ:ShieldWall","floor":11},{"not_picked":["champ:Encircle","champ:BringItOn"],"picked":"champ:FlashCut","floor":12},{"not_picked":["champ:FalseCounter","champ:Shatter"],"picked":"champ:GladiatorForm","floor":14},{"not_picked":["champ:AdrenalArmor","champ:BringItOn"],"picked":"champ:Duel","floor":15},{"not_picked":["champ:FocusedBerserking","champ:FalseCounter","champ:AdrenalArmor"],"picked":"SKIP","floor":16},{"not_picked":["champ:TornadoPunch","champ:RisingSlash"],"picked":"champ:DefensiveStyle","floor":17},{"not_picked":["champ:Encircle","champ:BladeFlurry"],"picked":"champ:ArenaPreparation","floor":18},{"not_picked":["champ:SwordThrow","champ:StrikeOfGenius"],"picked":"champ:SteelEdge","floor":19},{"not_picked":["champ:FlashCut","champ:Encircle","champ:Circumvent"],"picked":"SKIP","floor":22},{"not_picked":["champ:BringItOn","champ:FanOfKnives","champ:CrownThrow"],"picked":"SKIP","floor":23},{"not_picked":["champ:PerfectedStrike","champ:TornadoPunch","champ:EnGarde"],"picked":"SKIP","floor":25},{"not_picked":["champ:GutPunch","champ:Haymaker"],"picked":"champ:SkillfulDodge","floor":27},{"not_picked":["champ:FanOfKnives","champ:Shatter+1"],"picked":"champ:DefensiveShout","floor":30},{"not_picked":["champ:DefensiveShout","champ:Shatter","champ:Backstep"],"picked":"SKIP","floor":31},{"not_picked":["champ:CrookedStrike","champ:Shatter"],"picked":"champ:ShieldThrow","floor":32},{"not_picked":["champ:CrownThrow+1","champ:SkillfulDodge","champ:BerserkerStyle"],"picked":"SKIP","floor":35},{"not_picked":["champ:CrownThrow","champ:PreciseThrust","champ:Backstep+1"],"picked":"SKIP","floor":36},{"not_picked":["champ:AdrenalArmor+1","champ:CrownThrow"],"picked":"champ:ShieldThrow","floor":38}],"player_experience":236967,"relics_obtained":[{"floor":8,"key":"Dota2Spire:MonkeyKingBar"},{"floor":12,"key":"WristBlade"},{"floor":15,"key":"Dota2Spire:EchoSabre"},{"floor":26,"key":"Red Mask"},{"floor":28,"key":"Lantern"},{"floor":31,"key":"Slimebound:PreparedRelic"},{"floor":34,"key":"Dota2Spire:Dagon"},{"floor":36,"key":"Dota2Spire:DivineRapier"}],"event_choices":[{"damage_healed":0,"gold_gain":0,"player_choice":"Donut","damage_taken":0,"max_hp_gain":5,"max_hp_loss":0,"event_name":"Big Fish","floor":5,"gold_loss":0},{"damage_healed":0,"gold_gain":0,"player_choice":"Fought Bandits","damage_taken":0,"max_hp_gain":0,"max_hp_loss":0,"event_name":"Masked Bandits","floor":26,"gold_loss":0}],"is_beta":false,"boss_relics":[{"not_picked":["Cursed Key","hubris:VirtuousBlindfold"],"picked":"Runic Dome"}],"items_purged_floors":[14,35],"is_endless":false,"potions_floor_spawned":[4,10,11,19,23,26,38],"killed_by":"DF_ARCHETYPE_CLAW","ascension_level":1}}