{"host":"2pkirg8lp2j2yw4c","time":1612921467,"event":{"mods":["AchievementEnabler","BaseMod","BetterRewards","Colored Map","Colored Powertips","Curses Come First","Googly Eyes","Hubris","Infinite Spire","Minty Spire (QoL Compilation)","Quick Restart","Reliquary","StSLib","slay the spire mod where everything is the same but ironclad has a cowboy hat"],"gold_per_floor":[114,114,114,39,59,94,107,107,107,141,216,216,251,251,251,350,350,362,362,362,362,362,362,362,362],"floor_reached":24,"language":"ENG","playtime":882,"items_purged":["Pain"],"score":218,"play_id":"91e4a9dd-b0d7-49f8-815a-3c92e04e5399","local_time":"20210209204427","is_ascension_mode":true,"campfire_choices":[{"data":"Spot Weakness","floor":8.0,"key":"SMITH"},{"data":"Whirlwind","floor":15,"key":"SMITH"},{"data":"Demon Form","floor":23,"key":"SMITH"}],"circlet_count":0,"master_deck":["Strike_R","Strike_R","Strike_R","Strike_R","Strike_R","Defend_R","Defend_R","Defend_R","Defend_R","Bash","Flex","Master of Strategy","Clothesline","Spot Weakness+1","Whirlwind+1","Shrug It Off","hubris:ReadiedAction","Cleave","Demon Form+1","Ghostly Armor","Metallicize"],"relics":["Burning Blood","Chemical X","Blue Candle","Meat on the Bone","WarpedTongs","infinitespire:Satchel","reliquary:TridentHead","Magic Flower","reliquary:WeakTea","reliquary:Craggleroot","Medical Kit","MutagenicStrength"],"acts_visited":["Exordium","TheCity"],"potions_floor_usage":[],"damage_taken":[{"damage":5.0,"enemies":"2 Louse","floor":1.0,"turns":2.0},{"damage":7.0,"enemies":"Small Slimes","floor":5.0,"turns":2.0},{"damage":4.0,"enemies":"3 Sentries","floor":6.0,"turns":2.0},{"damage":0.0,"enemies":"Cultist","floor":7.0,"turns":3.0},{"damage":13.0,"enemies":"Lagavulin","floor":10.0,"turns":5.0},{"damage":4,"enemies":"3 Sentries","floor":13,"turns":2},{"damage":22,"enemies":"Hexaghost","floor":16,"turns":7},{"damage":10,"enemies":"2 Thieves","floor":18,"turns":3},{"damage":72,"enemies":"Nightmare","floor":24,"turns":7}],"seed_played":"-5074975070518277384","potions_obtained":[{"floor":7.0,"key":"SpeedPotion"},{"floor":13,"key":"Dexterity Potion"},{"floor":16,"key":"LiquidBronze"}],"is_trial":false,"path_per_floor":["M","?","?","$","M","E","M","R","T","E","?","?","E","?","R","B",null,"M","?","AVR","?","?","R","NM"],"character_chosen":"IRONCLAD","items_purchased":["Chemical X","Blue Candle","Flex","Meat on the Bone","Master of Strategy"],"campfire_rested":0,"item_purchase_floors":[0,0,0,0,0],"current_hp_per_floor":[57,57,57,57,56,58,64,64,64,57,46,51,53,41,41,46,85,84,68,68,68,68,68,0,0],"gold":362,"neow_bonus":"","is_daily":false,"chose_seed":false,"campfire_upgraded":3,"win_rate":0.0,"timestamp":1612921467,"path_taken":["M","?","?","$","?","E","M","R","T","E","?","?","E","?","R","BOSS","M","?","AVR","?","?","R","NM"],"items_purchased_type":["Relic","Relic","Card","Relic","Card"],"build_version":"2020-12-22","purchased_purges":1,"victory":false,"max_hp_per_floor":[80,80,80,80,80,80,80,80,80,80,80,85,85,85,85,85,85,85,90,90,90,90,90,90,90],"card_choices":[{"not_picked":["Wild Strike","Dual Wield"],"picked":"Clothesline","floor":1.0},{"not_picked":["Blood for Blood","Clash"],"picked":"Whirlwind","floor":5.0},{"not_picked":["Twin Strike","Thunderclap"],"picked":"Shrug It Off","floor":6.0},{"not_picked":["Reckless Charge","Second Wind","Perfected Strike"],"picked":"SKIP","floor":7.0},{"not_picked":["Reckless Charge","Second Wind","Perfected Strike"],"picked":"SKIP","floor":7.0},{"not_picked":["Wild Strike","Reckless Charge"],"picked":"hubris:ReadiedAction","floor":10.0},{"not_picked":["Fiend Fire","Clothesline"],"picked":"Cleave","floor":13},{"not_picked":["Fiend Fire","Double Tap"],"picked":"Demon Form","floor":16},{"not_picked":["Clothesline","Dark Embrace"],"picked":"Ghostly Armor","floor":18}],"player_experience":157303,"relics_obtained":[{"floor":6.0,"key":"infinitespire:Satchel"},{"floor":10.0,"key":"reliquary:TridentHead"},{"floor":13,"key":"Magic Flower"}],"event_choices":[{"damage_healed":0.0,"max_hp_gain":0.0,"max_hp_loss":0.0,"gold_gain":0.0,"event_name":"Accursed Blacksmith","player_choice":"Rummage","floor":3.0,"gold_loss":0.0,"damage_taken":0.0,"relics_obtained":["WarpedTongs"],"cards_obtained":["Pain"]},{"damage_healed":0.0,"max_hp_gain":0.0,"max_hp_loss":0.0,"gold_gain":75.0,"event_name":"World of Goop","player_choice":"Gather Gold","floor":11.0,"gold_loss":0.0,"damage_taken":11.0},{"damage_healed":0.0,"max_hp_gain":5.0,"max_hp_loss":0.0,"gold_gain":0.0,"event_name":"Big Fish","player_choice":"Donut","floor":12.0,"gold_loss":0.0,"damage_taken":0.0},{"damage_healed":0,"gold_gain":0,"player_choice":"Success","damage_taken":12,"relics_obtained":["reliquary:WeakTea"],"max_hp_gain":0,"max_hp_loss":0,"event_name":"Scrap Ooze","floor":14,"gold_loss":0},{"damage_healed":0,"gold_gain":0,"player_choice":"Shed Blood","damage_taken":21,"max_hp_gain":5,"max_hp_loss":0,"event_name":"Forgotten Altar","floor":19,"gold_loss":0},{"damage_healed":0,"gold_gain":0,"player_choice":"Inject Mutagens","damage_taken":0,"relics_obtained":["MutagenicStrength"],"max_hp_gain":0,"max_hp_loss":0,"event_name":"Drug Dealer","floor":21,"gold_loss":0},{"damage_healed":0,"gold_gain":0,"player_choice":"Read","damage_taken":0,"max_hp_gain":0,"max_hp_loss":0,"event_name":"The Library","floor":22,"gold_loss":0,"cards_obtained":["Metallicize"]}],"is_beta":false,"boss_relics":[{"not_picked":["hubris:VirtuousBlindfold","hubris:HollowSoul"],"picked":"reliquary:Craggleroot"}],"items_purged_floors":[4],"is_endless":false,"potions_floor_spawned":[7,13,16],"killed_by":"Nightmare","ascension_level":1}}