{"host":"zsf7u5n6ehqeseos","time":1612972950,"event":{"mods":["AchievementEnabler","BaseMod","Colored Map","Colored Powertips","Googly Eyes","Minty Spire (QoL Compilation)"],"gold_per_floor":[112,112,132,142,165,165,178,178,204,229,229,256,256,109,109,209,209,209,189,159,159,159,159,159,159,159,159,159,159,159,15,15,15,15,15,15,15,15,15,15,15,15,15,0,0,0,0,0,0,0],"floor_reached":51,"language":"ENG","playtime":2640,"items_purged":[],"score":1269,"play_id":"ab22de76-930e-42b4-a245-6085889655f3","local_time":"20210210170230","is_ascension_mode":true,"campfire_choices":[{"data":"Loop","floor":6.0,"key":"SMITH"},{"data":"Defragment","floor":8.0,"key":"SMITH"},{"data":"Redo","floor":13.0,"key":"SMITH"},{"floor":15.0,"key":"REST"},{"data":"Electrodynamics","floor":23.0,"key":"SMITH"},{"floor":25.0,"key":"REST"},{"data":"Buffer","floor":28.0,"key":"SMITH"},{"data":"Aggregate","floor":32,"key":"SMITH"},{"floor":42,"key":"REST"},{"data":"Defragment","floor":49,"key":"SMITH"}],"circlet_count":0,"master_deck":["AscendersBane","Strike_B+1","Defend_B+1","Defend_B+1","Defend_B+1","Defend_B+1","Zap","Dualcast","Aggregate+1","Defragment+1","Loop+1","Melter","Lockon","Ball Lightning","FTL","Redo+1","Electrodynamics+1","Chill","Stack","Conserve Battery","Buffer+1","Echo Form","Conserve Battery","Reinforced Body","Stack","Core Surge","Defragment+1","Normality"],"relics":["Cracked Core","Omamori","PreservedInsect","Pocketwatch","Bird Faced Urn","Bag of Preparation","Ectoplasm","MealTicket","Vajra","Juzu Bracelet","Potion Belt","Anchor","Cursed Key","Gambling Chip","Bag of Marbles","Dream Catcher","Red Mask","Ancient Tea Set"],"acts_visited":["Exordium","TheCity","TheBeyond"],"potions_floor_usage":[33,38,50,50,50],"damage_taken":[{"damage":4.0,"enemies":"Jaw Worm","floor":1.0,"turns":3.0},{"damage":1.0,"enemies":"Cultist","floor":3.0,"turns":3.0},{"damage":3.0,"enemies":"2 Louse","floor":4.0,"turns":2.0},{"damage":0.0,"enemies":"Red Slaver","floor":7.0,"turns":3.0},{"damage":30.0,"enemies":"3 Sentries","floor":10.0,"turns":4.0},{"damage":15.0,"enemies":"Lagavulin","floor":12.0,"turns":3.0},{"damage":0.0,"enemies":"Slime Boss","floor":16.0,"turns":4.0},{"damage":11.0,"enemies":"Shell Parasite","floor":18.0,"turns":3.0},{"damage":12.0,"enemies":"2 Thieves","floor":20.0,"turns":3.0},{"damage":13.0,"enemies":"Centurion and Healer","floor":21.0,"turns":3.0},{"damage":18.0,"enemies":"Book of Stabbing","floor":24.0,"turns":3.0},{"damage":0.0,"enemies":"Slavers","floor":27.0,"turns":1.0},{"damage":44,"enemies":"Champ","floor":33,"turns":8},{"damage":5,"enemies":"3 Darklings","floor":35,"turns":4},{"damage":0,"enemies":"Orb Walker","floor":37,"turns":3},{"damage":41,"enemies":"2 Orb Walkers","floor":38,"turns":5},{"damage":0,"enemies":"Maw","floor":39,"turns":6},{"damage":32,"enemies":"Nemesis","floor":40,"turns":7},{"damage":0,"enemies":"Sphere and 2 Shapes","floor":41,"turns":4},{"damage":3,"enemies":"Writhing Mass","floor":45,"turns":6},{"damage":0,"enemies":"Spire Growth","floor":48,"turns":6},{"damage":31,"enemies":"Awakened One","floor":50,"turns":16}],"seed_played":"5099523888435815724","potions_obtained":[{"floor":4.0,"key":"Weak Potion"},{"floor":12.0,"key":"SkillPotion"},{"floor":19.0,"key":"Fruit Juice"},{"floor":20.0,"key":"ColorlessPotion"},{"floor":21.0,"key":"FocusPotion"},{"floor":33,"key":"DuplicationPotion"},{"floor":37,"key":"Dexterity Potion"},{"floor":40,"key":"PotionOfCapacity"},{"floor":48,"key":"SkillPotion"}],"is_trial":false,"path_per_floor":["M","?","M","M","T","R","M","R","T","E","?","E","R","$","R","B",null,"M","?","M","M","?","R","E","R","T","E","R","?","?","$","R","B",null,"M","?","M","?","M","E","M","R","T","?","M","T","$","M","R","B",null],"character_chosen":"DEFECT","items_purchased":["Bag of Preparation","Anchor"],"campfire_rested":3,"item_purchase_floors":[14,31],"current_hp_per_floor":[46,85,84,81,81,81,81,81,81,51,51,36,36,36,61,65,80,73,78,72,65,65,65,51,78,78,82,82,82,82,90,90,50,80,83,83,90,57,71,49,59,86,86,86,87,87,90,90,90,63],"gold":0,"neow_bonus":"TRANSFORM_TWO_CARDS","is_daily":false,"chose_seed":false,"campfire_upgraded":7,"win_rate":0.0,"timestamp":1612972950,"path_taken":["M","?","?","M","?","R","M","R","T","E","?","E","R","$","R","BOSS","M","?","M","?","?","R","E","R","T","E","R","?","?","$","R","BOSS","M","?","M","?","M","E","M","R","T","?","M","?","$","M","R","BOSS"],"items_purchased_type":["Relic","Relic"],"build_version":"2020-12-22","purchased_purges":0,"victory":true,"max_hp_per_floor":[75,85,85,85,85,85,85,85,85,85,85,85,85,85,85,85,85,85,90,90,90,90,90,90,90,90,90,90,90,90,90,90,90,90,90,90,90,90,90,90,90,90,90,90,90,90,90,90,90,90],"card_choices":[{"not_picked":["Steam","Hologram"],"picked":"Defragment","floor":1.0},{"not_picked":["Aggregate","Reinforced Body"],"picked":"Loop","floor":3.0},{"not_picked":["Ball Lightning","Turbo"],"picked":"Melter","floor":4.0},{"not_picked":["Turbo","Go for the Eyes"],"picked":"Lockon","floor":7.0},{"not_picked":["Heatsinks","Barrage"],"picked":"Ball Lightning","floor":10.0},{"not_picked":["Leap","Ball Lightning"],"picked":"Redo","floor":12.0},{"not_picked":["Multi-Cast","Biased Cognition"],"picked":"Electrodynamics","floor":16.0},{"not_picked":["Compile Driver","Barrage"],"picked":"Chill","floor":18.0},{"not_picked":["Darkness","Cold Snap"],"picked":"Stack","floor":20.0},{"not_picked":["Sweeping Beam","Ball Lightning"],"picked":"Conserve Battery","floor":21.0},{"not_picked":["Rip and Tear","Compile Driver","Coolheaded+1"],"picked":"SKIP","floor":24.0},{"not_picked":["Recycle","Undo"],"picked":"Buffer","floor":27.0},{"not_picked":["Amplify","Biased Cognition"],"picked":"Echo Form","floor":33},{"not_picked":["Coolheaded","Sweeping Beam"],"picked":"Conserve Battery","floor":35},{"not_picked":["Cold Snap","Rebound"],"picked":"Reinforced Body","floor":37},{"not_picked":["Beam Cell+1","Steam"],"picked":"Stack","floor":38},{"not_picked":["Compile Driver","Storm+1","Hologram"],"picked":"SKIP","floor":39},{"not_picked":["Doom and Gloom","Scrape+1"],"picked":"Core Surge","floor":40},{"not_picked":["Loop","Coolheaded"],"picked":"Defragment","floor":41},{"not_picked":["Hologram","Beam Cell","Stack"],"picked":"SKIP","floor":45},{"not_picked":["Rebound","Aggregate","Chill"],"picked":"SKIP","floor":48}],"player_experience":229629,"relics_obtained":[{"floor":5.0,"key":"Omamori"},{"floor":9.0,"key":"PreservedInsect"},{"floor":10.0,"key":"Pocketwatch"},{"floor":12.0,"key":"Bird Faced Urn"},{"floor":24.0,"key":"Vajra"},{"floor":26.0,"key":"Juzu Bracelet"},{"floor":27.0,"key":"Potion Belt"},{"floor":38,"key":"Gambling Chip"},{"floor":40,"key":"Bag of Marbles"},{"floor":43,"key":"Dream Catcher"},{"floor":46,"key":"Ancient Tea Set"}],"event_choices":[{"cards_removed":["Rainbow"],"damage_healed":29.0,"max_hp_gain":10.0,"max_hp_loss":0.0,"gold_gain":0.0,"event_name":"Bonfire Elementals","player_choice":"Offered Rare","floor":2.0,"gold_loss":0.0,"damage_taken":0.0},{"damage_healed":0.0,"max_hp_gain":0.0,"max_hp_loss":0.0,"gold_gain":0.0,"cards_transformed":["Strike_B"],"event_name":"Living Wall","player_choice":"Change","floor":11.0,"gold_loss":0.0,"damage_taken":0.0,"cards_obtained":["FTL"]},{"damage_healed":0.0,"max_hp_gain":0.0,"max_hp_loss":0.0,"gold_gain":0.0,"event_name":"The Woman in Blue","player_choice":"Bought 1 Potion","floor":19.0,"gold_loss":0.0,"damage_taken":0.0},{"damage_healed":0.0,"max_hp_gain":0.0,"max_hp_loss":0.0,"gold_gain":0.0,"event_name":"The Mausoleum","player_choice":"Opened","floor":22.0,"gold_loss":0.0,"damage_taken":0.0,"relics_obtained":["MealTicket"],"cards_obtained":["Writhe"]},{"damage_healed":0,"gold_gain":0,"player_choice":"Leave","damage_taken":0,"max_hp_gain":0,"max_hp_loss":0,"event_name":"FaceTrader","floor":29,"gold_loss":0},{"damage_healed":0,"gold_gain":0,"player_choice":"Simplicity","damage_taken":0,"max_hp_gain":0,"max_hp_loss":0,"event_name":"Back to Basics","floor":30,"gold_loss":0,"cards_upgraded":["Strike_B","Defend_B","Defend_B","Defend_B","Defend_B"]},{"damage_healed":0,"gold_gain":0,"player_choice":"Ignored","damage_taken":0,"max_hp_gain":0,"max_hp_loss":0,"event_name":"Golden Shrine","floor":36,"gold_loss":0},{"damage_healed":0,"gold_gain":0,"player_choice":"Fight","damage_taken":0,"max_hp_gain":0,"max_hp_loss":0,"event_name":"Mysterious Sphere","floor":38,"gold_loss":0},{"damage_healed":0,"gold_gain":0,"player_choice":"Paid","damage_taken":0,"relics_obtained":["Red Mask"],"max_hp_gain":0,"max_hp_loss":0,"event_name":"Tomb of Lord Red Mask","floor":44,"gold_loss":15}],"is_beta":false,"boss_relics":[{"not_picked":["Velvet Choker","Empty Cage"],"picked":"Ectoplasm"},{"not_picked":["Philosopher\u0027s Stone","Astrolabe"],"picked":"Cursed Key"}],"items_purged_floors":[],"is_endless":false,"potions_floor_spawned":[4,12,20,21,33,37,40,48],"ascension_level":12}}