{"host":"d73an99q9oevilk5","time":1612997681,"event":{"mods":["2.2 Compatiblity","AchievementEnabler","Act Like it!","Aspiration","BaseMod","Beaked The Cultist","Better Third Choice","BetterRewards","Colored Map","Colored Powertips","Conspire","Downfall","GifTheSpireLib","GungeonMod","Halation","Hubris","Infinite Spire","Marisa????????","Mimic Mod","Minty Spire (QoL Compilation)","Quick Restart","Relic Sorter","Reliquary","Replay The Spire","Shop Mod","Spikes Relics","StSLib","Stuff the Spire","The Bug Knight","The Cursed","The Jungle","The Necromancer","The Saiyan","Waifu the Spire","egg","slay the spire mod where everything is the same but ironclad has a cowboy hat"],"gold_per_floor":[112,60,26,26,44,70,70,83,106,106,140,174,174,188,188,291,291,304,304,304,304,324,324,352,370,370,370,370,403,416,442,442,547,547,563,382,402,417,435,435,470,470,506,520,520,530,530,550,550,550],"floor_reached":51,"language":"ENG","playtime":3206,"items_purged":[],"score":1045,"play_id":"b566207a-9821-4bbc-a934-12f9041a5447","local_time":"20210210155441","is_ascension_mode":false,"campfire_choices":[{"data":"Self Repair","floor":10.0,"key":"SMITH"},{"floor":15.0,"key":"DIG"},{"data":"Creative AI","floor":23.0,"key":"SMITH"},{"data":"Go for the Eyes","floor":28.0,"key":"SMITH"},{"data":"Chill","floor":32.0,"key":"SMITH"},{"data":"Creative AI","floor":40,"key":"SMITH"},{"data":"Conserve Battery","floor":45,"key":"SMITH"},{"data":"Capacitor","floor":47,"key":"SMITH"}],"circlet_count":0,"master_deck":["Strike_B","Strike_B+1","Strike_B","Strike_B","Defend_B+1","Defend_B+3","Defend_B+1","Defend_B+1","Zap","Dualcast","Chaos","Ball Lightning","Self Repair+1","Glacier+1","Leap","Go for the Eyes+1","Capacitor+1","Creative AI+1","Conserve Battery+1","Self Repair+1","Chill+1","hubris:PowerSurge+1","Chill","Machine Learning","beaked:MachineSpirit","Creative AI+1","ReplayTheSpireMod:Repulse+1","StuffTheSpire:Synthwave+1","BasicCrystalCard"],"relics":["Cracked Core","halation:PinkSoulGem","DemoMod:RingOfEthereal","infinitespire:SolderingIron","halation:QuantumPhysicsTextbook","Simple Rune","reliquary:RosewoodLute","hubris:Towel","War Paint","reliquary:Firecrackers","Replay:Bottled Eggs","Pen Nib","infinitespire:ShieldingShard","reliquary:RedCape","Replay:Mystery Machine","White Beast Statue","hubris:GlazedTorus","Letter Opener","aspiration:BeakedSkillbook","Blood Vial","Mercury Hourglass","conspire:DeflatedDodgeball","StuffTheSpire:HeavyRock","Centennial Puzzle","DemoMod:GlassGuonStoneRelic"],"acts_visited":["Exordium","TheCity","TheBeyond"],"potions_floor_usage":[38,38,41,50,50],"damage_taken":[{"damage":1.0,"enemies":"Cultist","floor":1.0,"turns":3.0},{"damage":6.0,"enemies":"Jaw Worm","floor":5.0,"turns":2.0},{"damage":25.0,"enemies":"3 Sentries","floor":6.0,"turns":8.0},{"damage":5.0,"enemies":"Small Slimes","floor":8.0,"turns":3.0},{"damage":0.0,"enemies":"Blue Slaver","floor":11.0,"turns":8.0},{"damage":7.0,"enemies":"Gremlin Nob","floor":12.0,"turns":4.0},{"damage":0.0,"enemies":"Blue Slaver","floor":14.0,"turns":4.0},{"damage":4.0,"enemies":"Fading Forest","floor":16.0,"turns":11.0},{"damage":0.0,"enemies":"Shell Parasite","floor":18.0,"turns":9.0},{"damage":6.0,"enemies":"3 Byrds","floor":22.0,"turns":7.0},{"damage":29.0,"enemies":"Book of Stabbing","floor":24.0,"turns":8.0},{"damage":0.0,"enemies":"Snecko","floor":25.0,"turns":6.0},{"damage":11.0,"enemies":"conspire:Head Lice","floor":29.0,"turns":9.0},{"damage":0.0,"enemies":"Chosen and Byrds","floor":30.0,"turns":7.0},{"damage":7.0,"enemies":"Book of Stabbing","floor":31.0,"turns":7.0},{"damage":6.0,"enemies":"conspire:MysteriousRune","floor":33.0,"turns":12.0},{"damage":0.0,"enemies":"3 Shapes","floor":35.0,"turns":5.0},{"damage":2,"enemies":"3 Darklings","floor":37,"turns":10},{"damage":0,"enemies":"Writhing Mass","floor":38,"turns":6},{"damage":0,"enemies":"Transient","floor":39,"turns":5},{"damage":0,"enemies":"Reptomancer","floor":41,"turns":8},{"damage":0,"enemies":"Spire Growth","floor":43,"turns":13},{"damage":29,"enemies":"Spire Growth","floor":44,"turns":6},{"damage":0,"enemies":"Maw","floor":46,"turns":8},{"damage":0,"enemies":"Transient","floor":48,"turns":5},{"damage":0,"enemies":"hubris:GrandSnecko","floor":50,"turns":9}],"seed_played":"2782700762461328202","potions_obtained":[{"floor":5.0,"key":"SteroidPotion"},{"floor":12.0,"key":"DemoMod:LeadSkinPotion"},{"floor":16.0,"key":"EssenceOfSteel"},{"floor":24.0,"key":"bronze:BurnAndBuffPotion"},{"floor":27.0,"key":"conspire:TimeTravelPotion"},{"floor":27.0,"key":"Energy Potion"},{"floor":29.0,"key":"PotionOfCapacity"},{"floor":31.0,"key":"Fire Potion"},{"floor":33.0,"key":"DistilledChaos"},{"floor":38,"key":"Explosive Potion"},{"floor":39,"key":"Dexterity Potion"},{"floor":41,"key":"SkillPotion"},{"floor":43,"key":"Energy Potion"},{"floor":44,"key":"PowerPotion"}],"is_trial":false,"path_per_floor":["M","$","$","?","M","E","$","M","T","R","MIM","E","?","M","R_BF","B",null,"M","?","?","$","M","R","E","M","T","?","R","E","M","E","R","B",null,"M","$","M","M","M","R","E","T","MIM","M","R","M","R","M","R_BF","B",null],"character_chosen":"DEFECT","items_purchased":["infinitespire:SolderingIron","FearPotion","Ball Lightning","Self Repair","Blood Vial","beaked:MachineSpirit"],"campfire_rested":0,"item_purchase_floors":[0,0,2,3,36,36],"current_hp_per_floor":[74,74,74,74,75,57,57,59,59,59,69,72,72,75,75,75,75,75,75,75,75,75,75,63,75,75,75,75,75,75,75,75,75,75,75,75,75,75,75,75,75,75,75,70,70,75,75,75,75,75],"gold":550,"neow_bonus":"","is_daily":false,"chose_seed":false,"campfire_upgraded":7,"win_rate":0.0,"timestamp":1612997681,"path_taken":["M","?","$","?","M","E","$","M","T","R","?","E","?","M","R_BF","BOSS","M","?","?","$","M","R","E","M","T","?","R","E","?","E","R","BOSS","M","$","?","M","M","R","E","?","MIM","M","R","M","R","M","R_BF","BOSS"],"items_purchased_type":["Relic","Potion","Card","Card","Relic","Card"],"build_version":"2020-12-22","purchased_purges":0,"victory":true,"max_hp_per_floor":[75,75,75,75,75,75,75,75,75,75,75,75,75,75,75,75,75,75,75,75,75,75,75,75,75,75,75,75,75,75,75,75,75,75,75,75,75,75,75,75,75,75,75,75,75,75,75,75,75,75],"card_choices":[{"not_picked":["Go for the Eyes","Reinforced Body"],"picked":"Chaos","floor":1.0},{"not_picked":["Turbo","Barrage"],"picked":"Glacier","floor":5.0},{"not_picked":["Barrage","Sweeping Beam"],"picked":"Leap","floor":6.0},{"not_picked":["Doom and Gloom","ReplayGash","StuffTheSpire:Plugnplay"],"picked":"SKIP","floor":8.0},{"not_picked":["Cold Snap","Streamline"],"picked":"Go for the Eyes","floor":11.0},{"not_picked":["Panic Button","Static Discharge","Blizzard"],"picked":"SKIP","floor":12.0},{"not_picked":["Sweeping Beam","Panic Button"],"picked":"Capacitor","floor":14.0},{"not_picked":["Thunder Strike","StuffTheSpire:ForEach"],"picked":"Creative AI","floor":16.0},{"not_picked":["Panic Button","Scrape"],"picked":"Conserve Battery","floor":18.0},{"not_picked":["Go for the Eyes+1","Redo+1"],"picked":"Self Repair","floor":22.0},{"not_picked":["Scrape","Streamline+1"],"picked":"Chill","floor":24.0},{"not_picked":["StuffTheSpire:Plugnplay","StuffTheSpire:LoadUp","StuffTheSpire:CleanHardDrive"],"picked":"SKIP","floor":25.0},{"not_picked":["Sweeping Beam+1","FTL","Streamline"],"picked":"SKIP","floor":29.0},{"not_picked":["Conserve Battery","Chill"],"picked":"hubris:PowerSurge+1","floor":30.0},{"not_picked":["Crystallizer","Rebound"],"picked":"Chill","floor":31.0},{"not_picked":["Multi-Cast","hubris:SpecializedCircuitry"],"picked":"Machine Learning","floor":33.0},{"not_picked":["beaked:RitualOfBody","StuffTheSpire:Plugnplay","beaked:BraceForImpact+1","Beam Cell+1"],"picked":"SKIP","floor":35.0},{"not_picked":["Sunder","Rebound+1","Turbo"],"picked":"Creative AI","floor":37},{"not_picked":["Redo","StuffTheSpire:Rend+1","beaked:BarbedWire"],"picked":"ReplayTheSpireMod:Repulse+1","floor":38},{"not_picked":["beaked:Tweet+1","beaked:Tradeoff","beaked:FakeOut","Panic Button+1"],"picked":"SKIP","floor":39},{"not_picked":["Streamline+1","ReplayTheSpireMod:GoodbyeWorld","beaked:Redirect+1","Stack"],"picked":"SKIP","floor":41},{"not_picked":["beaked:Flinch","beaked:Mantra+1","beaked:Brace+1"],"picked":"StuffTheSpire:Synthwave+1","floor":43},{"not_picked":["StuffTheSpire:Plugnplay","Gash+1","Darkness","Panic Button"],"picked":"SKIP","floor":44},{"not_picked":["beaked:Molting","ReplaySort+1","beaked:VigorBurst","beaked:Evade"],"picked":"SKIP","floor":46},{"not_picked":["beaked:Foresight","Go for the Eyes","beaked:FullHouse"],"picked":"BasicCrystalCard","floor":48}],"player_experience":1884714,"relics_obtained":[{"floor":6.0,"key":"DemoMod:RingOfEthereal"},{"floor":9.0,"key":"War Paint"},{"floor":11.0,"key":"reliquary:Firecrackers"},{"floor":11.0,"key":"Replay:Bottled Eggs"},{"floor":12.0,"key":"Pen Nib"},{"floor":15.0,"key":"infinitespire:ShieldingShard"},{"floor":24.0,"key":"Replay:Mystery Machine"},{"floor":26.0,"key":"White Beast Statue"},{"floor":29.0,"key":"hubris:GlazedTorus"},{"floor":31.0,"key":"Letter Opener"},{"floor":41,"key":"Mercury Hourglass"},{"floor":42,"key":"conspire:DeflatedDodgeball"},{"floor":43,"key":"StuffTheSpire:HeavyRock"},{"floor":43,"key":"Centennial Puzzle"}],"event_choices":[{"damage_healed":0.0,"max_hp_gain":0.0,"max_hp_loss":0.0,"gold_gain":0.0,"event_name":"Lab","player_choice":"Got Potions","floor":27.0,"gold_loss":0.0,"damage_taken":0.0}],"is_beta":false,"boss_relics":[{"not_picked":["halation:ForbiddenBikini","StuffTheSpire:RunicHypercube"],"picked":"reliquary:RedCape"},{"not_picked":["conspire:RunicOctahedron","halation:Yufonium"],"picked":"aspiration:BeakedSkillbook"}],"items_purged_floors":[],"is_endless":false,"potions_floor_spawned":[5,12,16,24,29,30,31,33,35,37,38,39,41,43,44,46,48],"ascension_level":0}}