{"host":"0luxfixkkfk9wck3","time":1612927690,"event":{"mods":["BaseMod","DeckTracker","Downfall","Highlight Path","Minty Spire (QoL Compilation)","StSLib"],"gold_per_floor":[99,111,124,32,42,42,67,67,102,102,102,132,132,132,146,243,243,143,155,169,183,183,183,183],"floor_reached":22,"language":"ENG","playtime":5831,"items_purged":[],"score":301,"play_id":"d338affb-c057-4328-9429-1339f1838701","local_time":"20210209212810","is_ascension_mode":true,"campfire_choices":[{"data":"sneckomod:TailWhip","floor":1,"key":"SMITH"},{"data":"bronze:Flail","floor":8,"key":"SMITH"},{"data":"sneckomod:WideSting","floor":11,"key":"SMITH"},{"data":"sneckomod:UnknownRareAttack","floor":18,"key":"SMITH"}],"circlet_count":0,"master_deck":["AscendersBane","sneckomod:Defend","sneckomod:Defend","sneckomod:Defend","sneckomod:TailWhip+1","sneckomod:SnekBite","sneckomod:Unknown","sneckomod:QuickBite","sneckomod:WideSting+1","sneckomod:SoulExchange","sneckomod:UnendingSupply","sneckomod:UnknownCommonAttack","bronze:Flail+1","sneckomod:SnakeSap","sneckomod:UnknownRareAttack","sneckomod:UnknownRareAttack+1","bronze:ItsAFeature","sneckomod:UnknownVulnerable","sneckomod:UnknownWeak+1"],"relics":["sneckomod:SuperSneckoSoul","Omamori","Gremlin Horn","White Beast Statue","downfall:HeartBlessingGreen"],"acts_visited":["Exordium","TheCity"],"potions_floor_usage":[19,22],"damage_taken":[{"damage":2,"enemies":"Jaw Worm","floor":2,"turns":3},{"damage":3,"enemies":"Small Slimes","floor":3,"turns":3},{"damage":10,"enemies":"downfall:FleeingMerchant","floor":4,"turns":4},{"damage":0,"enemies":"Cultist","floor":5,"turns":3},{"damage":26,"enemies":"Gremlin Nob","floor":9,"turns":5},{"damage":15,"enemies":"3 Sentries","floor":12,"turns":4},{"damage":0,"enemies":"Lots of Slimes","floor":15,"turns":1},{"damage":26,"enemies":"IC_STATUS_ARCHETYPE","floor":16,"turns":8},{"damage":11,"enemies":"Shell Parasite","floor":19,"turns":4},{"damage":27,"enemies":"Chosen","floor":20,"turns":3},{"damage":17,"enemies":"Centurion and Healer","floor":21,"turns":5},{"damage":48,"enemies":"Shelled Parasite and Fungi","floor":22,"turns":3}],"seed_played":"4022466101313975538","potions_obtained":[{"floor":5,"key":"FairyPotion"},{"floor":12,"key":"Block Potion"},{"floor":19,"key":"Dexterity Potion"},{"floor":21,"key":"Guardian:BlockOnCardUsePotion"}],"is_trial":false,"path_per_floor":["R","M","M","$","M","R","T","R","E","?","R","E","?","?","M","B",null,"R","M","M","M","M"],"character_chosen":"THE_SNECKO","items_purchased":["sneckomod:UnendingSupply"],"campfire_rested":0,"item_purchase_floors":[4],"current_hp_per_floor":[90,88,85,75,75,75,75,75,49,82,82,67,67,67,67,41,85,85,74,62,45,0,0,0],"gold":183,"neow_bonus":"TEN_PERCENT_HP_BONUS","is_daily":false,"chose_seed":false,"campfire_upgraded":4,"win_rate":0.0,"timestamp":1612927690,"path_taken":["R","M","M","$","M","R","T","R","E","?","R","E","?","?","M","BOSS","R","M","M","M","?"],"items_purchased_type":["Card"],"build_version":"2020-12-22","purchased_purges":0,"victory":false,"max_hp_per_floor":[99,99,99,99,99,99,99,99,99,99,99,99,99,99,99,99,99,99,99,99,99,99,99,99],"card_choices":[{"not_picked":["sneckomod:SnekBeam","sneckomod:MasterEye"],"picked":"sneckomod:QuickBite","floor":2},{"not_picked":["sneckomod:QuickBite","sneckomod:DiceBlock"],"picked":"sneckomod:WideSting","floor":3},{"not_picked":["sneckomod:TrashToTreasure","sneckomod:IronFang"],"picked":"sneckomod:SoulExchange","floor":4},{"not_picked":["sneckomod:IronFang","sneckomod:DiceBlock"],"picked":"sneckomod:UnknownCommonAttack","floor":5},{"not_picked":["sneckomod:MasterEye","sneckomod:DiceCrush"],"picked":"sneckomod:SnakeSap","floor":9},{"not_picked":["sneckomod:DiceBlock","sneckomod:UnknownUncommonPower"],"picked":"sneckomod:UnknownRareAttack","floor":12},{"not_picked":["sneckomod:UnknownBlock","sneckomod:QuickBite"],"picked":"sneckomod:UnknownStrength","floor":15},{"not_picked":["sneckomod:GlitteringGambit","sneckomod:MorePower"],"picked":"sneckomod:UnknownRareAttack","floor":16},{"not_picked":["sneckomod:SoulRoll","sneckomod:SoulDraw+1"],"picked":"sneckomod:UnknownVulnerable","floor":19},{"not_picked":["sneckomod:WideSting","sneckomod:UnknownClassTHE_CHAMP_GRAY+1"],"picked":"sneckomod:UnknownWeak+1","floor":20},{"not_picked":["sneckomod:WideSting","sneckomod:SnakeSap","sneckomod:DiceBlock"],"picked":"SKIP","floor":21}],"player_experience":11741781,"relics_obtained":[{"floor":7,"key":"Omamori"},{"floor":12,"key":"Gremlin Horn"}],"event_choices":[{"damage_healed":33,"gold_gain":0,"player_choice":"Banana","damage_taken":0,"max_hp_gain":0,"max_hp_loss":0,"event_name":"Big Fish","floor":10,"gold_loss":0}],"is_beta":false,"boss_relics":[{"not_picked":["Runic Pyramid","Snecko Eye"],"picked":"sneckomod:SuperSneckoSoul"}],"items_purged_floors":[],"is_endless":false,"potions_floor_spawned":[5,12,15,16,19,20,21],"killed_by":"Shelled Parasite and Fungi","ascension_level":11}}