{"host":"b7dyfc527bmrkvbm","time":1612966802,"event":{"mods":["2.2 Compatiblity","Act Like it!","BaseMod","BetterRewards","Conspire","Downfall","Hubris","Infinite Spire","Mimic Mod","Minty Spire (QoL Compilation)","Replay The Spire","Shop Mod","StSLib","The Jungle"],"gold_per_floor":[99,118,128,128,145,157,194,194,207,7,34,52,52,86,97,195,195,95,110,110,110],"floor_reached":20,"language":"ENG","playtime":2521,"items_purged":[],"score":186,"play_id":"a4e4898d-9e8c-4219-bdfb-3c8985336d4e","local_time":"20210210092002","is_ascension_mode":false,"campfire_choices":[{"floor":1,"key":"DIG"},{"data":"hexamod:GhostflameBarrier","floor":13,"key":"SMITH"}],"circlet_count":0,"master_deck":["hexamod:Strike","hexamod:Strike","hexamod:Strike","hexamod:Defend","hexamod:Defend","hexamod:Defend","hexamod:Defend","hexamod:Sear","hexamod:Float","hexamod:SuperheatedStrike","hexamod:RadiantFlame","hexamod:FastForward","hexamod:RadiantFlame","hexamod:SpectralSpark","hexamod:GhostflameBarrier+1","hexamod:RadiantFlame","hexamod:ThermalTransfer","hexamod:HeatCrush","hexamod:ThirdSeal","hexamod:VolcanoVisage+1","hexamod:UnlimitedPower+1","downfall:Aged","hexamod:GhostflameBarrier"],"relics":["hexamod:SpiritBrand","infinitespire:Lucky Rock","Blood Vial","MerchantsRug","Singing Bowl","Quantum Egg","SlaversCollar","downfall:HeartBlessingGreen"],"acts_visited":["Exordium","TheCity"],"potions_floor_usage":[6],"damage_taken":[{"damage":0,"enemies":"2 Louse","floor":2,"turns":4},{"damage":0,"enemies":"Cultist","floor":3,"turns":3},{"damage":0,"enemies":"Small Slimes","floor":5,"turns":3},{"damage":0,"enemies":"Gremlin Gang","floor":6,"turns":4},{"damage":0,"enemies":"Exordium Thugs","floor":7,"turns":6},{"damage":13,"enemies":"Exordium Thugs","floor":9,"turns":5},{"damage":0,"enemies":"downfall:FleeingMerchant","floor":10,"turns":4},{"damage":17,"enemies":"Gremlin Nob","floor":11,"turns":3},{"damage":0,"enemies":"Exordium Wildlife","floor":12,"turns":3},{"damage":8,"enemies":"3 Sentries","floor":14,"turns":9},{"damage":12,"enemies":"Large Slime","floor":15,"turns":3},{"damage":20,"enemies":"IC_STATUS_ARCHETYPE","floor":16,"turns":6},{"damage":23,"enemies":"Shell Parasite","floor":19,"turns":4},{"damage":66,"enemies":"3 Cultists","floor":20,"turns":6}],"seed_played":"-3665560899145329673","potions_obtained":[{"floor":2,"key":"sneckomod:MuddlingPotion"},{"floor":3,"key":"BlessingOfTheForge"},{"floor":6,"key":"Toxic Potion"},{"floor":14,"key":"Regen Potion"},{"floor":15,"key":"hexamod:SoulburnPotion"},{"floor":16,"key":"Dexterity Potion"},{"floor":19,"key":"Regen Potion"}],"is_trial":false,"path_per_floor":["R","M","M","?","M","M","MIM","?","M","$","E","M","R","E","M","B",null,"R","M","M"],"character_chosen":"THE_SPIRIT","items_purchased":["MerchantsRug","hexamod:RadiantFlame"],"campfire_rested":0,"item_purchase_floors":[10,10],"current_hp_per_floor":[77,77,77,77,77,77,77,77,64,66,51,55,55,49,39,21,79,79,58,0,0,0],"gold":110,"neow_bonus":"TEN_PERCENT_HP_BONUS","is_daily":false,"chose_seed":false,"campfire_upgraded":1,"win_rate":0.0,"timestamp":1612966802,"path_taken":["R","M","M","?","M","?","MIM","?","?","$","E","M","R","E","M","BOSS","R","M","M"],"items_purchased_type":["Relic","Card"],"build_version":"2020-12-22","purchased_purges":0,"victory":false,"max_hp_per_floor":[77,77,77,77,77,77,77,77,77,77,77,79,79,79,79,79,79,79,81,81,81,81],"card_choices":[{"not_picked":["hexamod:NightmareStrike","hexamod:GhostShield","hexamod:BacktrackSmack"],"picked":"SKIP","floor":2},{"not_picked":["hexamod:InspiringFlames","hexamod:Rewind"],"picked":"hexamod:SuperheatedStrike","floor":3},{"not_picked":["hexamod:ThermalTransfer","hexamod:Hexaguard"],"picked":"hexamod:RadiantFlame","floor":5},{"not_picked":["hexamod:EtherealExpedition","hexamod:InspiringFlames","hexamod:DynamicBlow"],"picked":"SKIP","floor":6},{"not_picked":["hexamod:ShieldOfDarkness","hexamod:GhostShield"],"picked":"hexamod:FastForward","floor":7},{"not_picked":["hexamod:StepThrough","hexamod:HexaLevel"],"picked":"hexamod:SpectralSpark","floor":9},{"not_picked":["hexamod:Rewind","hexamod:RetreatToShadows"],"picked":"hexamod:GhostflameBarrier","floor":10},{"not_picked":["hexamod:GhostShield","hexamod:NightmareStrike"],"picked":"hexamod:ThermalTransfer","floor":11},{"not_picked":["hexamod:ShieldOfDarkness","hexamod:Hexaguard","hexamod:AdvancingGuard"],"picked":"Singing Bowl","floor":12},{"not_picked":["hexamod:SecondSeal","hexamod:NightmareGuise"],"picked":"hexamod:HeatCrush","floor":14},{"not_picked":["hexamod:Again","hexamod:HeatCrush"],"picked":"hexamod:ThirdSeal","floor":15},{"not_picked":["hexamod:TurnItUp","hexamod:ParanormalForm"],"picked":"hexamod:VolcanoVisage","floor":16},{"not_picked":["hexamod:ParanormalForm","hexamod:GiftsFromTheDead"],"picked":"hexamod:UnlimitedPower","floor":16},{"not_picked":["hexamod:BurningTouch","hexamod:NecessarySacrifice","hexamod:FourthSeal"],"picked":"Singing Bowl","floor":19},{"not_picked":["hexamod:GhostLash","hexamod:AdvancingGuard"],"picked":"hexamod:GhostflameBarrier","floor":19}],"player_experience":415793,"relics_obtained":[{"floor":1,"key":"infinitespire:Lucky Rock"},{"floor":7,"key":"Blood Vial"},{"floor":11,"key":"Singing Bowl"},{"floor":14,"key":"Quantum Egg"}],"event_choices":[{"cards_removed":["hexamod:Strike"],"damage_healed":0,"gold_gain":0,"player_choice":"Offered Basic","damage_taken":0,"max_hp_gain":0,"max_hp_loss":0,"event_name":"Bonfire Elementals","floor":4,"gold_loss":0}],"is_beta":false,"boss_relics":[{"not_picked":["Philosopher\u0027s Stone","hubris:ScarierMask"],"picked":"SlaversCollar"}],"items_purged_floors":[],"is_endless":false,"potions_floor_spawned":[2,3,6,14,15,16,19],"killed_by":"3 Cultists","ascension_level":0}}