{"host":"1poy056mauca3bbh","time":1612931031,"event":{"mods":["Ascension Unlocker","BaseMod","Bestiary","Block Reminder","Colored Map","Colored Powertips","Curses Come First","Highlight Path","Minty Spire (QoL Compilation)","Permanent Neow","Quick Restart","Rare Cards Sparkle","Relic Stats","Smile Girya","StSLib","UnlockEverythingMod"],"gold_per_floor":[115,115,144,153,46,88,110,110,134,134,156,173,173,1,1,1,1],"floor_reached":16,"language":"ENG","playtime":2539,"items_purged":["Regret","Defend_B"],"score":200,"play_id":"8044a6b6-1e03-4479-aa3d-4fd18e370637","local_time":"20210209232351","is_ascension_mode":true,"campfire_choices":[{"floor":10,"key":"REST"},{"floor":13,"key":"REST"},{"floor":15,"key":"REST"}],"circlet_count":0,"master_deck":["AscendersBane","Strike_B","Strike_B","Strike_B","Strike_B","Defend_B","Defend_B","Defend_B","Zap","Dualcast","Rip and Tear","Static Discharge","Glacier","Double Energy+1","Ball Lightning","Loop","Glacier"],"relics":["Busted Crown","CeramicFish","Calipers","Happy Flower","PreservedInsect"],"acts_visited":["Exordium"],"potions_floor_usage":[11,12],"damage_taken":[{"damage":2.0,"enemies":"Jaw Worm","floor":1.0,"turns":4.0},{"damage":0.0,"enemies":"Small Slimes","floor":3.0,"turns":3.0},{"damage":33,"enemies":"3 Sentries","floor":6,"turns":12},{"damage":6,"enemies":"Cultist","floor":7,"turns":3},{"damage":2,"enemies":"Gremlin Gang","floor":11,"turns":3},{"damage":20,"enemies":"3 Louse","floor":12,"turns":3},{"damage":56,"enemies":"Hexaghost","floor":16,"turns":11}],"seed_played":"-7253956701314729201","potions_obtained":[{"floor":1.0,"key":"SteroidPotion"},{"floor":7,"key":"Explosive Potion"}],"is_trial":false,"path_per_floor":["M","?","M","?","$","E","M","?","T","R","M","M","R","$","R","B"],"character_chosen":"DEFECT","items_purchased":["Glacier","Glacier"],"campfire_rested":3,"item_purchase_floors":[5,14],"current_hp_per_floor":[62,51,51,51,51,18,12,12,12,33,31,11,32,32,53,0,0],"gold":1,"neow_bonus":"BOSS_RELIC","is_daily":false,"chose_seed":false,"campfire_upgraded":0,"win_rate":0.0,"timestamp":1612931031,"path_taken":["M","?","M","?","$","E","M","?","T","R","?","?","R","$","R","BOSS"],"items_purchased_type":["Card","Card"],"build_version":"2020-12-22","purchased_purges":2,"victory":false,"max_hp_per_floor":[71,71,71,71,71,71,71,71,71,71,71,71,71,71,71,71,71],"relic_stats":{"Busted Crown":12,"Happy Flower":[6],"counters":[7,39],"CeramicFish":63,"PreservedInsect":0,"obtain_stats":[{"Busted Crown":0,"Calipers":4,"Happy Flower":6,"CeramicFish":2,"PreservedInsect":9,"Cracked Core":0},{"Busted Crown":0,"Calipers":2,"Happy Flower":3,"CeramicFish":1,"PreservedInsect":4,"Cracked Core":0},{"Busted Crown":0,"Calipers":7,"Happy Flower":19,"CeramicFish":4,"PreservedInsect":22,"Cracked Core":0}]},"card_choices":[{"not_picked":[],"picked":"Rip and Tear","floor":1.0},{"not_picked":[],"picked":"Static Discharge","floor":3.0},{"not_picked":[],"picked":"Double Energy","floor":6},{"not_picked":[],"picked":"Ball Lightning","floor":7},{"not_picked":[],"picked":"Loop","floor":11},{"not_picked":["Redo"],"picked":"SKIP","floor":12}],"player_experience":137797,"relics_obtained":[{"floor":6,"key":"Happy Flower"},{"floor":9,"key":"PreservedInsect"}],"event_choices":[{"damage_healed":0.0,"max_hp_gain":0.0,"max_hp_loss":0.0,"gold_gain":0.0,"event_name":"Scrap Ooze","player_choice":"Success","floor":2.0,"gold_loss":0.0,"damage_taken":11.0,"relics_obtained":["CeramicFish"]},{"damage_healed":0,"gold_gain":0,"player_choice":"Box","damage_taken":0,"relics_obtained":["Calipers"],"max_hp_gain":0,"max_hp_loss":0,"event_name":"Big Fish","floor":4,"gold_loss":0,"cards_obtained":["Regret"]},{"damage_healed":0,"gold_gain":0,"player_choice":"Upgraded","damage_taken":0,"max_hp_gain":0,"max_hp_loss":0,"event_name":"Upgrade Shrine","floor":8,"gold_loss":0,"cards_upgraded":["Double Energy"]}],"is_beta":false,"boss_relics":[],"items_purged_floors":[5,14],"is_endless":false,"potions_floor_spawned":[1,7],"killed_by":"Hexaghost","ascension_level":20}}