{"host":"ttx8tv95o5vka1nm","time":1612942156,"event":{"mods":["AchievementEnabler","BaseMod","BetterRewards","Colored Map","Evolution","Hermit","Hubris","Infinite Spire","Jorbs\u0027s Wanderer Trilogy","Minty Spire (QoL Compilation)","Relic Filter Mod","Reliquary","Robot Space Explorer","Shop Mod","Spicy Shops","StSLib","The Blue Laboratory","The Bug Knight","The Construct","The Cursed","The Disciple","The Forsaken","The Hierophant","The Necromancer","The Runesmith","TheBandit"],"gold_per_floor":[119,119,139,139,26,55,55,55,55,73,73,4,32,50,50,175,175,189,213,213,213,29,63,63,83,108,138,138],"floor_reached":27,"language":"ENG","playtime":2124,"items_purged":["hermit:SprayPray","hermit:Defend_Hermit"],"score":364,"play_id":"a32ebab7-6829-4ca3-8964-72d576a16210","local_time":"20210210172916","is_ascension_mode":false,"campfire_choices":[{"data":"hermit:TakeAim","floor":8,"key":"SMITH"},{"data":"hermit:Determination","floor":15,"key":"SMITH"},{"data":"hermit:ShadowCloak","floor":24,"key":"SMITH"}],"circlet_count":0,"master_deck":["hermit:SprayPray+1","hermit:SprayPray","hermit:Defend_Hermit","hermit:Defend_Hermit","hermit:Defend_Hermit+1","hermit:Snapshot","hermit:Covet","hermit:Malice","hermit:Enervate","hermit:Dive","hermit:Spite","hermit:TakeAim+1","hermit:Misfire","hermit:FlashPowder","hermit:CursedWeapon","hermit:PistolWhip","hermit:Determination+1","hermit:Quickdraw","hermit:DeadOrAlive","hermit:TrackingShot","hermit:Snipe","hermit:Glare","hermit:Determination+1","Pain","hermit:ShadowCloak+1","hermit:FlashPowder+1","hermit:Cheat"],"relics":["hermit:Momento","EVO:Axolotl","hermit:RyeStalk","infinitespire:EmpoweringShard","infinitespire:Midas Blood","Prayer Wheel","reliquary:RedCape","hubris:FunFungus","Membership Card","theForsaken:ScaryMask","theForsaken:Lifeblossom","Smiling Mask"],"acts_visited":["Exordium","TheCity"],"potions_floor_usage":[6,14,23,23],"damage_taken":[{"damage":1,"enemies":"Jaw Worm","floor":1,"turns":2},{"damage":0,"enemies":"Small Slimes","floor":3,"turns":1},{"damage":20,"enemies":"Lagavulin","floor":6,"turns":8},{"damage":0,"enemies":"Cultist","floor":10,"turns":3},{"damage":0,"enemies":"3 Sentries","floor":13,"turns":2},{"damage":0,"enemies":"Large Slime","floor":14,"turns":2},{"damage":47,"enemies":"Hexaghost","floor":16,"turns":9},{"damage":14,"enemies":"Shell Parasite","floor":18,"turns":4},{"damage":3,"enemies":"Chosen","floor":19,"turns":3},{"damage":10,"enemies":"Gremlin Leader","floor":23,"turns":4},{"damage":11,"enemies":"3 Cultists","floor":25,"turns":4},{"damage":58,"enemies":"Nightmare","floor":27,"turns":7}],"seed_played":"-5581966357544791169","potions_obtained":[{"floor":3,"key":"Weak Potion"},{"floor":6,"key":"Explosive Potion"},{"floor":13,"key":"blueLaboratory:BottleOfVodka"},{"floor":19,"key":"AttackPotion"}],"is_trial":false,"path_per_floor":["M","?","M","?","$","E","?","R","T","M","$","$","E","M","R","B",null,"M","M","AVR","?","$","E","R","M","T","NM"],"character_chosen":"HERMIT","items_purchased":["hermit:Malice","hermit:RyeStalk","hermit:TakeAim","hermit:CursedWeapon","Membership Card","theForsaken:ScaryMask"],"campfire_rested":0,"item_purchase_floors":[0,0,5,12,22,22],"current_hp_per_floor":[74,59,59,59,59,39,64,64,64,64,64,64,64,64,64,17,75,61,58,58,58,58,51,51,47,47,0,0],"gold":138,"neow_bonus":"","is_daily":false,"chose_seed":false,"campfire_upgraded":3,"win_rate":0.0,"timestamp":1612942156,"path_taken":["M","?","M","?","$","E","?","R","T","M","?","$","E","M","R","BOSS","M","M","AVR","?","$","E","R","M","T","NM"],"items_purchased_type":["Card","Relic","Card","Card","Relic","Relic"],"build_version":"2020-12-22","purchased_purges":2,"victory":false,"max_hp_per_floor":[75,75,75,75,75,75,75,75,75,75,75,75,75,75,75,75,75,75,75,75,75,75,75,75,75,75,75,75],"card_choices":[{"not_picked":["hermit:ItchyTrigger","hermit:Maintenance"],"picked":"hermit:Enervate","floor":1},{"not_picked":["hermit:Misfire","hermit:BodyArmor"],"picked":"hermit:Dive","floor":3},{"not_picked":["hermit:Showdown","hermit:Coalescence"],"picked":"hermit:Misfire","floor":6},{"not_picked":["hermit:Combo","hermit:Headshot"],"picked":"hermit:FlashPowder","floor":10},{"not_picked":["hermit:Misfire","hermit:EternalForm"],"picked":"hermit:PistolWhip","floor":13},{"not_picked":["hermit:WideOpen","hermit:BigShot"],"picked":"hermit:Determination","floor":14},{"not_picked":["hermit:BodyArmor","hermit:DeadMansHand"],"picked":"hermit:Quickdraw","floor":14},{"not_picked":["hermit:Reprieve","hermit:FatalDesire"],"picked":"hermit:DeadOrAlive","floor":16},{"not_picked":["hermit:NoHoldsBarred","hermit:Spite+1"],"picked":"hermit:TrackingShot","floor":18},{"not_picked":["hermit:BodyArmor","hermit:Vantage"],"picked":"hermit:Snipe","floor":18},{"not_picked":["hermit:WideOpen","hermit:Virtue"],"picked":"hermit:Glare","floor":19},{"not_picked":["hermit:Feint","hermit:NoHoldsBarred","hermit:Maintenance"],"picked":"SKIP","floor":19},{"not_picked":["hermit:Magnum","hermit:Coalescence"],"picked":"hermit:ShadowCloak","floor":23},{"not_picked":["hermit:SprayPray","hermit:Vantage+1"],"picked":"hermit:FlashPowder+1","floor":25},{"not_picked":["hermit:Brawl","hermit:Snipe"],"picked":"hermit:Cheat","floor":25}],"player_experience":870015,"relics_obtained":[{"floor":6,"key":"infinitespire:EmpoweringShard"},{"floor":9,"key":"infinitespire:Midas Blood"},{"floor":13,"key":"Prayer Wheel"},{"floor":23,"key":"theForsaken:Lifeblossom"},{"floor":26,"key":"Smiling Mask"}],"event_choices":[{"damage_healed":0,"gold_gain":0,"player_choice":"Entered Light","damage_taken":15,"max_hp_gain":0,"max_hp_loss":0,"event_name":"Shining Light","floor":2,"gold_loss":0,"cards_upgraded":["hermit:Defend_Hermit","hermit:SprayPray"]},{"damage_healed":0,"gold_gain":0,"cards_transformed":["hermit:SprayPray"],"player_choice":"Change","damage_taken":0,"max_hp_gain":0,"max_hp_loss":0,"event_name":"Living Wall","floor":4,"gold_loss":0,"cards_obtained":["hermit:Spite"]},{"damage_healed":25,"gold_gain":0,"player_choice":"Banana","damage_taken":0,"max_hp_gain":0,"max_hp_loss":0,"event_name":"Big Fish","floor":7,"gold_loss":0},{"damage_healed":0,"gold_gain":0,"player_choice":"Copied","damage_taken":0,"max_hp_gain":0,"max_hp_loss":0,"event_name":"Duplicator","floor":21,"gold_loss":0,"cards_obtained":["hermit:Determination"]}],"is_beta":false,"boss_relics":[{"not_picked":["hermit:ClaspedLocket","reliquary:RedPaperclip"],"picked":"reliquary:RedCape"}],"items_purged_floors":[5,20],"is_endless":false,"potions_floor_spawned":[3,6,13,19],"killed_by":"Nightmare","ascension_level":0}}