{"host":"hmqgkh1yopklu0aj","time":1612958185,"event":{"mods":["BaseMod","Block Reminder","Colored Map","Minty Spire (QoL Compilation)"],"gold_per_floor":[215,230,230,230,49,49,79,154,181,193,54,54,67,82,82,178,178,189,204,221,11,25,25,43,97,97,117,0,0,0,18,18,121,121,133,133,47,64,64,64,364,364,364,364,364],"floor_reached":44,"language":"ENG","playtime":2230,"items_purged":[],"score":501,"play_id":"68bec98c-2c1b-4bb6-aca1-e57022a98e3b","local_time":"20210210125625","is_ascension_mode":false,"campfire_choices":[{"data":"Deadly Poison","floor":6,"key":"SMITH"},{"data":"Deadly Poison","floor":12,"key":"SMITH"},{"floor":15,"key":"REST"},{"floor":23,"key":"REST"},{"floor":30,"key":"REST"},{"floor":32,"key":"REST"}],"circlet_count":0,"master_deck":["Defend_G+1","Defend_G","Defend_G","Defend_G","Defend_G","Survivor","Neutralize","Poisoned Stab+1","Deadly Poison+1","Deadly Poison+1","Storm of Steel","Eviscerate","Corpse Explosion","Blade Dance","Cloak And Dagger","Bane","All Out Attack","Catalyst","Bane","Bite","Bite","Bite","Bite","Bite","Crippling Poison+1","Corpse Explosion","Backstab","Dark Shackles","Crippling Poison","Madness","Madness"],"relics":["Ring of the Snake","MawBank","TwistedFunnel","HoveringKite","Orichalcum","Regal Pillow","Mummified Hand","Black Star","Old Coin","Juzu Bracelet"],"acts_visited":["Exordium","TheCity","TheBeyond"],"potions_floor_usage":[33,33,35,40],"damage_taken":[{"damage":0,"enemies":"2 Louse","floor":1,"turns":4},{"damage":0,"enemies":"Jaw Worm","floor":2,"turns":4},{"damage":3,"enemies":"Small Slimes","floor":13,"turns":2},{"damage":12,"enemies":"3 Louse","floor":14,"turns":2},{"damage":23,"enemies":"The Guardian","floor":16,"turns":8},{"damage":13,"enemies":"Shell Parasite","floor":18,"turns":5},{"damage":10,"enemies":"Chosen","floor":19,"turns":4},{"damage":16,"enemies":"3 Cultists","floor":20,"turns":4},{"damage":4,"enemies":"Snecko","floor":22,"turns":4},{"damage":31,"enemies":"Centurion and Healer","floor":24,"turns":6},{"damage":15,"enemies":"Cultist and Chosen","floor":27,"turns":5},{"damage":24,"enemies":"Snake Plant","floor":31,"turns":3},{"damage":57,"enemies":"Automaton","floor":33,"turns":7},{"damage":21,"enemies":"3 Shapes","floor":35,"turns":2},{"damage":0,"enemies":"3 Darklings","floor":38,"turns":2},{"damage":27,"enemies":"Reptomancer","floor":40,"turns":3},{"damage":35,"enemies":"Nemesis","floor":44,"turns":2}],"seed_played":"-8574251121155332771","potions_obtained":[{"floor":14,"key":"ColorlessPotion"},{"floor":16,"key":"SteroidPotion"},{"floor":20,"key":"FearPotion"},{"floor":24,"key":"DuplicationPotion"},{"floor":31,"key":"DuplicationPotion"},{"floor":35,"key":"SmokeBomb"}],"is_trial":false,"path_per_floor":["M","M","?","?","$","R","?","?","T","?","$","R","M","M","R","B",null,"M","M","M","$","M","R","M","T","T","M","?","?","R","M","R","B",null,"M","?","$","M","?","E","T","?","T","E"],"character_chosen":"THE_SILENT","items_purchased":["Blood Vial","Deadly Poison","TwistedFunnel","Orichalcum","Bane","Dark Shackles"],"campfire_rested":4,"item_purchase_floors":[5,5,11,21,21,37],"current_hp_per_floor":[70,70,70,56,56,56,56,45,45,45,45,45,44,34,55,34,70,57,49,35,35,33,54,25,25,25,12,12,12,48,26,62,15,70,49,49,49,51,42,19,19,19,19,0,0],"gold":364,"neow_bonus":"HUNDRED_GOLD","is_daily":false,"chose_seed":false,"campfire_upgraded":2,"win_rate":0.0,"timestamp":1612958185,"path_taken":["M","M","?","?","$","R","?","?","T","?","$","R","?","M","R","BOSS","M","?","M","$","M","R","M","?","T","?","?","?","R","M","R","BOSS","M","?","$","M","?","E","?","?","T","E"],"items_purchased_type":["Relic","Card","Relic","Relic","Card","Card"],"build_version":"2020-12-22","purchased_purges":0,"victory":false,"max_hp_per_floor":[70,70,70,70,70,70,70,70,70,70,70,70,70,70,70,70,70,70,70,70,70,70,70,70,70,70,70,70,70,70,70,70,70,70,70,70,70,70,70,70,70,70,70,70,70],"card_choices":[{"not_picked":["Tactician","Noxious Fumes"],"picked":"Poisoned Stab","floor":1},{"not_picked":["Deflect","Underhanded Strike"],"picked":"Deadly Poison","floor":2},{"not_picked":["Dagger Spray","Quick Slash"],"picked":"Storm of Steel","floor":13},{"not_picked":["Bane","Heel Hook"],"picked":"Eviscerate","floor":14},{"not_picked":["Wraith Form v2","Bullet Time"],"picked":"Corpse Explosion","floor":16},{"not_picked":["Flechettes","Infinite Blades"],"picked":"Blade Dance","floor":18},{"not_picked":["Backflip","Outmaneuver"],"picked":"Cloak And Dagger","floor":19},{"not_picked":["Expertise","Quick Slash+1"],"picked":"Well Laid Plans+1","floor":20},{"not_picked":["Caltrops","Expertise+1"],"picked":"All Out Attack","floor":22},{"not_picked":["Flying Knee+1","Blade Dance"],"picked":"Catalyst","floor":24},{"not_picked":["Acrobatics","Underhanded Strike+1"],"picked":"Bane","floor":27},{"not_picked":["Slice","Well Laid Plans+1"],"picked":"Crippling Poison+1","floor":31},{"not_picked":["Night Terror","Doppelganger"],"picked":"Corpse Explosion","floor":33},{"not_picked":["Acrobatics","Backflip"],"picked":"Backstab","floor":35},{"not_picked":["Masterful Stab+1","Underhanded Strike+1"],"picked":"Crippling Poison","floor":38}],"player_experience":32849,"relics_obtained":[{"floor":9,"key":"MawBank"},{"floor":25,"key":"Regal Pillow"},{"floor":26,"key":"Mummified Hand"},{"floor":41,"key":"Old Coin"},{"floor":43,"key":"Juzu Bracelet"}],"event_choices":[{"damage_healed":0,"gold_gain":0,"player_choice":"Leave","damage_taken":0,"max_hp_gain":0,"max_hp_loss":0,"event_name":"The Cleric","floor":3,"gold_loss":0},{"damage_healed":0,"gold_gain":0,"player_choice":"Entered Light","damage_taken":14,"max_hp_gain":0,"max_hp_loss":0,"event_name":"Shining Light","floor":4,"gold_loss":0,"cards_upgraded":["Defend_G","Poisoned Stab"]},{"damage_healed":0,"gold_gain":30,"player_choice":"Searched \u00272\u0027 times","damage_taken":0,"max_hp_gain":0,"max_hp_loss":0,"event_name":"Dead Adventurer","floor":7,"gold_loss":0},{"damage_healed":0,"gold_gain":75,"player_choice":"Gather Gold","damage_taken":11,"max_hp_gain":0,"max_hp_loss":0,"event_name":"World of Goop","floor":8,"gold_loss":0},{"damage_healed":0,"gold_gain":0,"player_choice":"Ignored","damage_taken":0,"max_hp_gain":0,"max_hp_loss":0,"event_name":"Golden Wing","floor":10,"gold_loss":0},{"damage_healed":0,"gold_gain":0,"player_choice":"Paid Fearfully","damage_taken":0,"max_hp_gain":0,"max_hp_loss":0,"event_name":"Masked Bandits","floor":28,"gold_loss":117},{"damage_healed":0,"gold_gain":0,"player_choice":"Became a vampire (Vial)","damage_taken":0,"max_hp_gain":0,"max_hp_loss":0,"event_name":"Vampires","floor":29,"relics_lost":["Blood Vial"],"gold_loss":0,"cards_obtained":["Bite","Bite","Bite","Bite","Bite"]},{"cards_removed":["Well Laid Plans"],"damage_healed":0,"gold_gain":0,"player_choice":"Removed Power","damage_taken":0,"max_hp_gain":0,"max_hp_loss":0,"event_name":"Falling","floor":36,"gold_loss":0},{"damage_healed":0,"gold_gain":0,"player_choice":"Embrace Madness","damage_taken":9,"max_hp_gain":0,"max_hp_loss":0,"event_name":"Winding Halls","floor":39,"gold_loss":0,"cards_obtained":["Madness","Madness"]},{"damage_healed":0,"gold_gain":0,"player_choice":"Ignored","damage_taken":0,"max_hp_gain":0,"max_hp_loss":0,"event_name":"Mysterious Sphere","floor":42,"gold_loss":0}],"is_beta":false,"boss_relics":[{"not_picked":["Tiny House","Snecko Eye"],"picked":"HoveringKite"},{"not_picked":["Ring of the Serpent","SacredBark"],"picked":"Black Star"}],"items_purged_floors":[],"is_endless":false,"potions_floor_spawned":[14,16,20,24,31,35,40],"killed_by":"Nemesis","ascension_level":0}}