{"host":"dzs26xzxvr8oc34c","time":1612951436,"event":{"mods":["BaseMod","Colored Map","Downfall","Lobotomy","LobotomyExtend","Minty Spire (QoL Compilation)","StSLib","SuperFastMode","Waifu the Spire"],"gold_per_floor":[216,391,401,401,171,171,201,201,224,224,224,250,250,265,265,396,396,409,50,50,50,66,66,82,82,156,187,203,247,247,247,247],"floor_reached":31,"language":"ZHS","playtime":1122,"items_purged":["Doubt","TrainingCode"],"score":282,"play_id":"4952d763-f5b3-4ab2-8fb3-b7510cfca0c8","local_time":"20210210180356","is_ascension_mode":true,"campfire_choices":[{"data":"Soda","floor":25,"key":"SMITH"}],"circlet_count":0,"master_deck":["QueenOfHatred","SpecialBullet","SpecialBullet","SpecialBullet","SpecialBullet","SpecialBullet","SpecialBullet","SpecialBullet","CentralCode","SecurityCode","InformationCode","CrumblingArmor","Logging","Alriune","Soda+1","OldLady","BlackArmy","LongBird","ExtractionCode","LaLuna"],"relics":["CogitoBucket","LetterFromLob","Ancient Tea Set","Lantern","Golden Idol","Akabeko","Coffee Dripper","AspirationHeart","Darkstone Periapt","MutagenicStrength","White Beast Statue","Juzu Bracelet","InTheNameOfLoveAndHate_r","Toy Ornithopter"],"acts_visited":["Exordium","TheCity"],"potions_floor_usage":[],"damage_taken":[{"damage":8.0,"enemies":"Small Slimes","floor":1.0,"turns":2.0},{"damage":0.0,"enemies":"2 Louse","floor":3.0,"turns":2.0},{"damage":36.0,"enemies":"3 Sentries","floor":7.0,"turns":5.0},{"damage":0.0,"enemies":"Cultist","floor":14.0,"turns":1.0},{"damage":52.0,"enemies":"Hexaghost","floor":16.0,"turns":5.0},{"damage":41.0,"enemies":"3 Byrds","floor":18.0,"turns":6.0},{"damage":12.0,"enemies":"Shell Parasite","floor":22.0,"turns":2.0},{"damage":0.0,"enemies":"Sentry and Sphere","floor":24.0,"turns":1.0},{"damage":39,"enemies":"Book of Stabbing","floor":27,"turns":4},{"damage":15,"enemies":"Snake Plant","floor":28,"turns":3},{"damage":48,"enemies":"Gremlin Leader","floor":29,"turns":5},{"damage":81,"enemies":"Snecko","floor":31,"turns":3}],"seed_played":"-1826489021491554188","potions_obtained":[{"floor":1.0,"key":"Energy Potion"},{"floor":7.0,"key":"SpeedPotion"},{"floor":16.0,"key":"Dexterity Potion"},{"floor":28,"key":"FearPotion"}],"is_trial":false,"path_per_floor":["M","?","M","?","$","R","E","?","T","R","?","T","R","M","R","B",null,"M","$","?","?","M","R","M","R","T","E","M","E","R","M"],"character_chosen":"Angela","items_purchased":["Ancient Tea Set","Darkstone Periapt"],"campfire_rested":0,"item_purchase_floors":[5,19],"current_hp_per_floor":[70,70,70,70,70,70,49,49,49,49,49,49,49,61,61,32,65,62,62,62,62,65,65,75,75,75,64,75,59,59,0,0],"gold":247,"neow_bonus":"HUNDRED_GOLD","is_daily":false,"chose_seed":false,"campfire_upgraded":1,"win_rate":0.0,"timestamp":1612951436,"path_taken":["M","?","M","?","$","R","E","?","T","R","?","?","R","?","R","BOSS","M","$","?","?","M","R","M","R","T","E","M","E","R","M"],"items_purchased_type":["Relic","Relic"],"build_version":"2020-12-22","purchased_purges":2,"victory":false,"max_hp_per_floor":[70,70,70,70,70,70,70,65,65,65,65,65,65,65,65,65,65,75,75,75,75,75,75,75,75,75,75,75,75,75,75,75],"card_choices":[{"not_picked":["WallGazer","Bloodbath"],"picked":"CrumblingArmor","floor":1.0},{"not_picked":["RedEyes"],"picked":"Logging","floor":1.0},{"not_picked":["CherryBlossoms","QueenBee"],"picked":"Alriune","floor":3.0},{"not_picked":["Logging","Horn"],"picked":"SKIP","floor":3.0},{"not_picked":["Bloodbath","SnowQueen"],"picked":"QueenOfHatred","floor":7.0},{"not_picked":["CrimsonScar","Diffraction"],"picked":"SKIP","floor":7.0},{"not_picked":["ShyLook","SpiderBud"],"picked":"OldLady","floor":14.0},{"not_picked":["BlueScar","TodaysExpression"],"picked":"SKIP","floor":14.0},{"not_picked":["Adoration","Loneliness"],"picked":"SKIP","floor":18.0},{"not_picked":["PunishingBird","MHz"],"picked":"BlackArmy","floor":22.0},{"not_picked":["Regret_ego","WristCuter+1"],"picked":"SKIP","floor":22.0},{"not_picked":["UniverseFragment","Scarecrow"],"picked":"LongBird","floor":24.0},{"not_picked":["ParadiseLost","BlueScar"],"picked":"SKIP","floor":24.0},{"not_picked":["Penitence","ShedSkin"],"picked":"SKIP","floor":27},{"not_picked":["Bloodbath","ShyLook"],"picked":"LaLuna","floor":28},{"not_picked":["Noise+1","SolemnVow+1"],"picked":"SKIP","floor":28},{"not_picked":["Beak","WristCuter"],"picked":"SKIP","floor":29}],"player_experience":1246609,"relics_obtained":[{"floor":1.0,"key":"LetterFromLob"},{"floor":7.0,"key":"Lantern"},{"floor":9.0,"key":"Akabeko"},{"floor":26,"key":"White Beast Statue"},{"floor":27,"key":"Juzu Bracelet"},{"floor":29,"key":"Toy Ornithopter"}],"event_choices":[{"damage_healed":0.0,"max_hp_gain":0.0,"max_hp_loss":0.0,"gold_gain":175.0,"event_name":"Liars Game","player_choice":"AGREE","floor":2.0,"gold_loss":0.0,"damage_taken":0.0,"cards_obtained":["Doubt"]},{"damage_healed":0.0,"max_hp_gain":0.0,"max_hp_loss":0.0,"gold_gain":0.0,"cards_transformed":["SpecialBullet"],"event_name":"Living Wall","player_choice":"Change","floor":4.0,"gold_loss":0.0,"damage_taken":0.0,"cards_obtained":["Soda"]},{"damage_healed":0.0,"max_hp_gain":0.0,"max_hp_loss":5.0,"gold_gain":0.0,"event_name":"Golden Idol","player_choice":"Lose Max HP","floor":8.0,"gold_loss":0.0,"damage_taken":0.0,"relics_obtained":["Golden Idol"]},{"damage_healed":0.0,"max_hp_gain":0.0,"max_hp_loss":0.0,"gold_gain":0.0,"event_name":"The Cleric","player_choice":"Leave","floor":11.0,"gold_loss":0.0,"damage_taken":0.0},{"damage_healed":0.0,"max_hp_gain":0.0,"max_hp_loss":0.0,"gold_gain":0.0,"event_name":"Drug Dealer","player_choice":"Inject Mutagens","floor":20.0,"gold_loss":0.0,"damage_taken":0.0,"relics_obtained":["MutagenicStrength"]},{"damage_healed":0.0,"max_hp_gain":0.0,"max_hp_loss":0.0,"gold_gain":0.0,"event_name":"Ghosts","player_choice":"Ignored","floor":21.0,"gold_loss":0.0,"damage_taken":0.0}],"is_beta":false,"boss_relics":[{"not_picked":["Cursed Key","Calling Bell"],"picked":"Coffee Dripper"}],"items_purged_floors":[5,19],"is_endless":false,"potions_floor_spawned":[1,7,16,27,28,29],"killed_by":"Snecko","ascension_level":1}}