{"host":"qrt7o4dq2qslzw13","time":1612998126,"event":{"mods":["AchievementEnabler","BaseMod","Colored Map","Colored Powertips","Minty Spire (QoL Compilation)","Quick Restart","StSLib","SuperFastMode"],"gold_per_floor":[369,179,197,197,211,211,211,211,211,254,254,17,37,60,60,169,178,197,221,75,100,100,100,100,100],"floor_reached":24,"language":"ENG","playtime":492,"items_purged":[],"score":313,"play_id":"1ad74165-670c-45f7-8ef1-84dddbcb8fb9","local_time":"20210210180206","is_ascension_mode":true,"campfire_choices":[{"data":"Apotheosis","floor":6.0,"key":"SMITH"},{"data":"Terror","floor":8.0,"key":"SMITH"},{"floor":11.0,"key":"REST"},{"data":"Flechettes","floor":15.0,"key":"SMITH"},{"floor":23,"key":"REST"}],"circlet_count":0,"master_deck":["AscendersBane","Strike_G+1","Strike_G+1","Strike_G+1","Strike_G+1","Strike_G+1","Defend_G+1","Defend_G+1","Defend_G+1","Defend_G+1","Defend_G+1","Survivor","Neutralize","PiercingWail","Apotheosis+1","Terror+1","Pain","Flechettes+1","Heel Hook","Enlightenment","Backflip","Blade Dance","Phantasmal Killer","CurseOfTheBell","Footwork","Blur","PiercingWail"],"relics":["Ring of the Snake","WarpedTongs","Spirit Poop","Eternal Feather","CeramicFish","Toolbox","Calling Bell","War Paint","HornCleat","Thread and Needle","Happy Flower"],"acts_visited":["Exordium","TheCity"],"potions_floor_usage":[18],"damage_taken":[{"damage":13.0,"enemies":"Jaw Worm","floor":1.0,"turns":6.0},{"damage":3.0,"enemies":"Cultist","floor":3.0,"turns":4.0},{"damage":9.0,"enemies":"Small Slimes","floor":5.0,"turns":3.0},{"damage":9.0,"enemies":"Lagavulin","floor":10.0,"turns":6.0},{"damage":4.0,"enemies":"Exordium Thugs","floor":13.0,"turns":4.0},{"damage":5.0,"enemies":"Red Slaver","floor":14.0,"turns":4.0},{"damage":49.0,"enemies":"The Guardian","floor":16.0,"turns":13.0},{"damage":3,"enemies":"2 Thieves","floor":18,"turns":4},{"damage":8,"enemies":"Shell Parasite","floor":19,"turns":4},{"damage":40,"enemies":"3 Cultists","floor":21,"turns":6},{"damage":44,"enemies":"Book of Stabbing","floor":24,"turns":8}],"seed_played":"-139003997184476542","potions_obtained":[{"floor":3.0,"key":"FearPotion"},{"floor":5.0,"key":"LiquidBronze"},{"floor":10.0,"key":"FearPotion"}],"is_trial":false,"path_per_floor":["M","$","M","?","M","R","?","R","T","E","R","$","M","M","R","B",null,"M","M","$","M","?","R","E"],"character_chosen":"THE_SILENT","items_purchased":["Apotheosis","Toolbox","Enlightenment","Happy Flower"],"campfire_rested":2,"item_purchase_floors":[2,12,12,20],"current_hp_per_floor":[50,50,47,47,38,38,38,38,38,29,59,59,55,50,62,13,56,53,45,45,5,5,41,0,0],"gold":100,"neow_bonus":"TWO_FIFTY_GOLD","is_daily":false,"chose_seed":false,"campfire_upgraded":3,"win_rate":0.0,"timestamp":1612998126,"path_taken":["M","$","M","?","?","R","?","R","T","E","R","$","M","M","R","BOSS","M","M","$","M","?","R","E"],"items_purchased_type":["Card","Relic","Card","Relic"],"build_version":"2020-12-22","purchased_purges":0,"victory":false,"max_hp_per_floor":[70,70,70,70,70,70,70,70,70,70,70,70,70,70,70,70,70,70,70,70,70,70,70,70,70],"card_choices":[{"not_picked":["Expertise","Underhanded Strike"],"picked":"PiercingWail","floor":1.0},{"not_picked":["Backflip","Deflect"],"picked":"Terror","floor":3.0},{"not_picked":["Bane","Blur"],"picked":"Flechettes","floor":5.0},{"not_picked":["Dagger Throw","Quick Slash"],"picked":"Heel Hook","floor":10.0},{"not_picked":["Setup","Blur"],"picked":"Backflip","floor":13.0},{"not_picked":["Heel Hook","Poisoned Stab"],"picked":"Blade Dance","floor":14.0},{"not_picked":["Corpse Explosion","Envenom"],"picked":"Phantasmal Killer","floor":16.0},{"not_picked":["Eviscerate","Deadly Poison+1"],"picked":"Footwork","floor":18},{"not_picked":["Expertise","Escape Plan"],"picked":"Blur","floor":19},{"not_picked":["Crippling Poison","Prepared"],"picked":"PiercingWail","floor":21}],"player_experience":632221,"relics_obtained":[{"floor":9.0,"key":"Eternal Feather"},{"floor":10.0,"key":"CeramicFish"},{"floor":17.0,"key":"War Paint"},{"floor":17.0,"key":"HornCleat"},{"floor":17.0,"key":"Thread and Needle"}],"event_choices":[{"damage_healed":0.0,"max_hp_gain":0.0,"max_hp_loss":0.0,"gold_gain":0.0,"event_name":"Accursed Blacksmith","player_choice":"Rummage","floor":4.0,"gold_loss":0.0,"damage_taken":0.0,"relics_obtained":["WarpedTongs"],"cards_obtained":["Pain"]},{"cards_removed":["Regret"],"damage_healed":0.0,"max_hp_gain":0.0,"max_hp_loss":0.0,"gold_gain":0.0,"event_name":"Bonfire Elementals","player_choice":"Offered Curse","floor":7.0,"gold_loss":0.0,"damage_taken":0.0,"relics_obtained":["Spirit Poop"]},{"damage_healed":0,"gold_gain":0,"player_choice":"Simplicity","damage_taken":0,"max_hp_gain":0,"max_hp_loss":0,"event_name":"Back to Basics","floor":22,"gold_loss":0,"cards_upgraded":["Strike_G","Strike_G","Strike_G","Strike_G","Strike_G","Defend_G","Defend_G","Defend_G"]}],"is_beta":false,"boss_relics":[{"not_picked":["Pandora\u0027s Box","Runic Dome"],"picked":"Calling Bell"}],"items_purged_floors":[],"is_endless":false,"potions_floor_spawned":[3,5,10],"killed_by":"Book of Stabbing","ascension_level":12}}