{"host":"7r6bd5ce6zscnmwq","time":1612949019,"event":{"mods":["BaseMod","Block Reminder","Colored Map","Colored Powertips","Curses Come First","Downfall","Minty Spire (QoL Compilation)","Quick Restart","Spicy Shops","StSLib"],"gold_per_floor":[0,12,30,46,63,63,86,113,13,33,33,49,66,99,118,222,222,222,222,239,239,339,356,382,109,128,161,161,161],"floor_reached":28,"language":"ENG","playtime":3596,"items_purged":["Slimebound:Grow"],"score":277,"play_id":"ddaecbd3-e419-48f1-945e-72ea62195eb6","local_time":"20210210182339","is_ascension_mode":false,"campfire_choices":[{"data":"Slimebound:Split","floor":1,"key":"SMITH"},{"data":"Slimebound:Grow","floor":9,"key":"SMITH"},{"data":"Slimebound:DouseInSlime","floor":18,"key":"SMITH"}],"circlet_count":0,"master_deck":["Slimebound:Tackle","Slimebound:Split+1","Slimebound:CorrosiveSpit","Slimebound:Grow+1","Slimebound:RejuvenatingLick","Slimebound:DisruptingSlam","Slimebound:LivingWall","Slimebound:Nibble","Slimebound:SlimeSpikes","Slimebound:DouseInSlime","Slimebound:ItLooksTasty","Slimebound:MassRepurpose","Slimebound:GrowthPunch","Slimebound:DouseInSlime+1","Slimebound:DivideAndConquer","Slimebound:FirmFortitude","Slimebound:SlimeTap","Slimebound:CheckThePlaybook","downfall:Bewildered","Slimebound:SplitSpecialist","Slimebound:SplitLeeching","Slimebound:AcidTongue+1","Slimebound:Equalize"],"relics":["Slimebound:AbsorbEndCombat","Bag of Marbles","The Courier","downfall:HeartBlessingBlue","Boot","Pandora\u0027s Box","sneckomod:BabySnecko","PreservedInsect","Bottled Lightning","Art of War"],"acts_visited":["Exordium","TheCity"],"potions_floor_usage":[14,14,16,16],"damage_taken":[{"damage":4,"enemies":"Cultist","floor":2,"turns":4},{"damage":1,"enemies":"2 Louse","floor":3,"turns":2},{"damage":6,"enemies":"Jaw Worm","floor":4,"turns":3},{"damage":18,"enemies":"Exordium Thugs","floor":5,"turns":5},{"damage":25,"enemies":"Lagavulin","floor":8,"turns":7},{"damage":2,"enemies":"Large Slime","floor":10,"turns":6},{"damage":2,"enemies":"2 Fungi Beasts","floor":12,"turns":5},{"damage":3,"enemies":"Red Slaver","floor":13,"turns":4},{"damage":24,"enemies":"Gremlin Nob","floor":14,"turns":3},{"damage":15,"enemies":"3 Louse","floor":15,"turns":4},{"damage":43,"enemies":"DF_ARCHETYPE_STREAMLINE","floor":16,"turns":11},{"damage":3,"enemies":"Spheric Guardian","floor":20,"turns":3},{"damage":40,"enemies":"Shell Parasite","floor":23,"turns":6},{"damage":6,"enemies":"downfall:FleeingMerchant","floor":25,"turns":4},{"damage":17,"enemies":"Chosen and Byrds","floor":26,"turns":5},{"damage":39,"enemies":"Gremlin Leader","floor":27,"turns":4},{"damage":0,"enemies":"Centurion and Healer","floor":28,"turns":1}],"seed_played":"7981304669697110926","potions_obtained":[{"floor":4,"key":"bronze:BurnAndBuffPotion"},{"floor":5,"key":"PowerPotion"},{"floor":8,"key":"GamblersBrew"},{"floor":14,"key":"Swift Potion"},{"floor":23,"key":"CultistPotion"},{"floor":26,"key":"sneckomod:MuddlingPotion"}],"is_trial":false,"path_per_floor":["R","M","M","M","M","T","T","E","R","M","?","M","M","E","M","B",null,"R","?","M","?","?","M","T","$","M","E","M"],"character_chosen":"SLIMEBOUND","items_purchased":["Bottled Lightning"],"campfire_rested":0,"item_purchase_floors":[25],"current_hp_per_floor":[77,75,76,76,64,64,64,47,57,63,63,67,70,61,52,17,87,87,87,86,86,86,54,54,52,43,6,6,6,6],"gold":161,"neow_bonus":"TWENTY_PERCENT_HP_BONUS","is_daily":false,"chose_seed":false,"campfire_upgraded":3,"win_rate":0.0,"timestamp":1612949019,"path_taken":["R","M","M","?","?","?","T","E","R","M","?","M","?","E","M","BOSS","R","?","M","?","?","M","T","$","M","E","M"],"items_purchased_type":["Relic"],"build_version":"2020-12-22","purchased_purges":1,"victory":false,"max_hp_per_floor":[77,77,77,77,77,77,77,77,87,87,87,87,87,87,87,87,87,87,87,87,87,87,87,87,87,87,87,87,87,87],"card_choices":[{"not_picked":["Slimebound:HauntingLick","Slimebound:PressTheAttack"],"picked":"Slimebound:Grow","floor":2},{"not_picked":["Slimebound:SplitAcid","Slimebound:Replication"],"picked":"Slimebound:RejuvenatingLick","floor":3},{"not_picked":["Slimebound:Grow","Slimebound:FormOfPuddle"],"picked":"Slimebound:DisruptingSlam","floor":4},{"not_picked":["Slimebound:SlimeBarrage","Slimebound:PressTheAttack"],"picked":"Slimebound:LivingWall","floor":5},{"not_picked":["Slimebound:FinishingTackle","Slimebound:LivingWall","Slimebound:SlimeBrawl"],"picked":"SKIP","floor":8},{"not_picked":["Slimebound:LeechEnergy","Slimebound:Grow","Slimebound:GoopTackle"],"picked":"SKIP","floor":10},{"not_picked":["Slimebound:FlameTackle","Slimebound:Darklings"],"picked":"Slimebound:Nibble","floor":12},{"not_picked":["Slimebound:RollThrough","Slimebound:SplitBruiser"],"picked":"Slimebound:SlimeSpikes","floor":13},{"not_picked":["Slimebound:Prepare","Slimebound:RollThrough"],"picked":"Slimebound:DouseInSlime","floor":14},{"not_picked":["Slimebound:SplitAcid","Slimebound:Schlurp"],"picked":"Slimebound:ItLooksTasty","floor":15},{"not_picked":["Slimebound:Overexert","Slimebound:MinionMaster"],"picked":"Slimebound:MassRepurpose","floor":16},{"not_picked":["Slimebound:SamplingLick","Slimebound:RejuvenatingLick"],"picked":"Slimebound:SplitSpecialist","floor":20},{"not_picked":["Slimebound:Replication","Slimebound:SplitAcid"],"picked":"Slimebound:SplitLeeching","floor":23},{"not_picked":["Slimebound:Schlurp","Slimebound:BestDefense"],"picked":"Slimebound:AcidTongue+1","floor":25},{"not_picked":["Slimebound:Replication","Slimebound:SlimeTap"],"picked":"Slimebound:Equalize","floor":26},{"not_picked":["Slimebound:SlimeBrawl","Slimebound:LeechEnergy","Slimebound:GoopSpray"],"picked":"SKIP","floor":27}],"player_experience":658880,"relics_obtained":[{"floor":7,"key":"Bag of Marbles"},{"floor":8,"key":"The Courier"},{"floor":14,"key":"Boot"},{"floor":24,"key":"PreservedInsect"},{"floor":27,"key":"Art of War"}],"event_choices":[],"is_beta":false,"boss_relics":[{"not_picked":["Slimebound:AbsorbEndCombatUpgraded","Black Star"],"picked":"Pandora\u0027s Box"}],"items_purged_floors":[25],"is_endless":false,"potions_floor_spawned":[4,5,8,13,14,23,26],"killed_by":"Centurion and Healer","ascension_level":0}}