{"host":"7cp3z5w0tcrrm8ys","time":1612951148,"event":{"mods":["AchievementEnabler","BaseMod","DeckTracker","Minty Spire (QoL Compilation)","StSLib","SuperFastMode"],"gold_per_floor":[118,193,193,39,57,57,87,87,87,48,63,63,73,73,73,73,73],"floor_reached":16,"language":"KOR","playtime":267,"items_purged":["Strike_R"],"score":246,"play_id":"020f74d6-3f34-45d6-989a-e2fa23d88e77","local_time":"20210210185908","is_ascension_mode":true,"campfire_choices":[{"data":"Flex","floor":6,"key":"SMITH"},{"data":"Disarm","floor":12,"key":"SMITH"},{"data":"Second Wind","floor":15,"key":"SMITH"}],"circlet_count":0,"master_deck":["AscendersBane","Strike_R","Strike_R+1","Strike_R","Strike_R","Defend_R","Defend_R","Defend_R+1","Defend_R","Bash","Flex+1","Second Wind+1","Disarm+1","Cleave","Body Slam"],"relics":["Burning Blood","NeowsBlessing","Turnip","White Beast Statue","Blood Vial"],"acts_visited":["Exordium"],"potions_floor_usage":[16,16],"damage_taken":[{"damage":0,"enemies":"Cultist","floor":1,"turns":1},{"damage":0,"enemies":"Jaw Worm","floor":5,"turns":1},{"damage":0,"enemies":"Gremlin Nob","floor":7,"turns":1},{"damage":1,"enemies":"2 Louse","floor":11,"turns":5},{"damage":5,"enemies":"Large Slime","floor":13,"turns":5},{"damage":54,"enemies":"Hexaghost","floor":16,"turns":14}],"seed_played":"-765052062783948980","potions_obtained":[{"floor":1,"key":"SteroidPotion"},{"floor":7,"key":"SpeedPotion"}],"is_trial":false,"path_per_floor":["M","?","?","$","M","R","E","?","T","$","M","R","M","?","R","B"],"character_chosen":"IRONCLAD","items_purchased":["Second Wind","Disarm"],"campfire_rested":0,"item_purchase_floors":[4,10],"current_hp_per_floor":[74,63,68,68,74,74,80,56,56,56,61,61,62,51,51,0,0],"gold":73,"neow_bonus":"THREE_ENEMY_KILL","is_daily":false,"chose_seed":false,"campfire_upgraded":3,"win_rate":0.0,"timestamp":1612951148,"path_taken":["M","?","?","?","?","R","E","?","T","$","M","R","M","?","R","BOSS"],"items_purchased_type":["Card","Card"],"build_version":"2020-12-22","purchased_purges":1,"victory":false,"max_hp_per_floor":[75,75,80,80,80,80,80,80,80,80,80,80,80,80,80,80,80],"card_choices":[{"not_picked":["Ghostly Armor","Fire Breathing"],"picked":"Flex","floor":1},{"not_picked":["Flex","Metallicize","Perfected Strike"],"picked":"SKIP","floor":5},{"not_picked":["Uppercut","Iron Wave","Dual Wield"],"picked":"SKIP","floor":7},{"not_picked":["Heavy Blade","Clothesline"],"picked":"Cleave","floor":11},{"not_picked":["Pommel Strike","Bloodletting"],"picked":"Body Slam","floor":13}],"player_experience":813876,"relics_obtained":[{"floor":7,"key":"Turnip"},{"floor":9,"key":"White Beast Statue"}],"event_choices":[{"damage_healed":0,"gold_gain":75,"player_choice":"Gather Gold","damage_taken":11,"max_hp_gain":0,"max_hp_loss":0,"event_name":"World of Goop","floor":2,"gold_loss":0},{"damage_healed":0,"gold_gain":0,"player_choice":"Donut","damage_taken":0,"max_hp_gain":5,"max_hp_loss":0,"event_name":"Big Fish","floor":3,"gold_loss":0},{"damage_healed":0,"gold_gain":0,"player_choice":"Entered Light","damage_taken":24,"max_hp_gain":0,"max_hp_loss":0,"event_name":"Shining Light","floor":8,"gold_loss":0,"cards_upgraded":["Strike_R","Defend_R"]},{"damage_healed":0,"gold_gain":0,"player_choice":"Success","damage_taken":11,"relics_obtained":["Blood Vial"],"max_hp_gain":0,"max_hp_loss":0,"event_name":"Scrap Ooze","floor":14,"gold_loss":0}],"is_beta":false,"boss_relics":[],"items_purged_floors":[4],"is_endless":false,"potions_floor_spawned":[1,7,11,13],"killed_by":"Hexaghost","ascension_level":20}}