{"host":"syozzdlzcqop4jia","time":1612994937,"event":{"mods":["AchievementEnabler","BaseMod","Colored Map","Colored Powertips","Minty Spire (QoL Compilation)","Quick Restart"],"gold_per_floor":[112,124,124,124,136,136,148,158,158,171,186,203,29,63,63,162,162,180,95,113,130,11,11,45,45,121,121,132,145,145,161,161,264,264,284,300,300,118,136,136,186,186,186,203,214,16,32,32,32,32,32,32,32,32,32],"floor_reached":54,"language":"ENG","playtime":2562,"items_purged":[],"score":665,"play_id":"c9e6eb9f-9abb-46ef-8ada-c58f5c3a4b7f","local_time":"20210210230857","is_ascension_mode":false,"campfire_choices":[{"floor":6,"key":"RECALL"},{"data":"Bludgeon","floor":15,"key":"SMITH"},{"floor":23,"key":"REST"},{"floor":27,"key":"REST"},{"floor":30,"key":"REST"},{"floor":32,"key":"REST"},{"floor":40,"key":"REST"},{"data":"Defend_R","floor":42,"key":"PURGE"},{"floor":49,"key":"REST"},{"data":"Defend_R","floor":52,"key":"PURGE"}],"circlet_count":0,"master_deck":["Strike_R","Strike_R","Strike_R","Strike_R","Strike_R","Defend_R","Defend_R","Bash","Limit Break","Wild Strike","Twin Strike","Heavy Blade","Headbutt","Anger","Bludgeon+1","Shrug It Off","Heavy Blade","Sword Boomerang","Flex","Demon Form","Twin Strike","Flex","Anger","Flex","Dramatic Entrance","Reaper","Wild Strike","Sword Boomerang","Rage","Demon Form","Infernal Blade+1","Headbutt","The Bomb","Wild Strike+1","PanicButton","Battle Trance+1"],"relics":["Burning Blood","Sling","Bottled Lightning","Fusion Hammer","Nunchaku","Letter Opener","Nilry\u0027s Codex","Bottled Tornado","Philosopher\u0027s Stone","Peace Pipe","Sundial"],"acts_visited":["Exordium","TheCity","TheBeyond","TheEnding"],"potions_floor_usage":[11,11,21,29,39,47,50,50,50],"damage_taken":[{"damage":0,"enemies":"Small Slimes","floor":1,"turns":4},{"damage":2,"enemies":"2 Louse","floor":2,"turns":3},{"damage":6,"enemies":"Jaw Worm","floor":5,"turns":3},{"damage":10,"enemies":"Looter","floor":7,"turns":3},{"damage":8,"enemies":"Exordium Wildlife","floor":8,"turns":3},{"damage":11,"enemies":"Red Slaver","floor":10,"turns":3},{"damage":12,"enemies":"Blue Slaver","floor":11,"turns":2},{"damage":10,"enemies":"Looter","floor":12,"turns":2},{"damage":14,"enemies":"Gremlin Nob","floor":14,"turns":3},{"damage":45,"enemies":"Slime Boss","floor":16,"turns":9},{"damage":21,"enemies":"Shell Parasite","floor":18,"turns":4},{"damage":2,"enemies":"Spheric Guardian","floor":20,"turns":3},{"damage":39,"enemies":"Centurion and Healer","floor":21,"turns":5},{"damage":42,"enemies":"Slavers","floor":24,"turns":4},{"damage":34,"enemies":"Snake Plant","floor":28,"turns":4},{"damage":6,"enemies":"Sentry and Sphere","floor":29,"turns":4},{"damage":3,"enemies":"Snecko","floor":31,"turns":3},{"damage":60,"enemies":"Collector","floor":33,"turns":7},{"damage":11,"enemies":"Orb Walker","floor":35,"turns":3},{"damage":38,"enemies":"3 Shapes","floor":36,"turns":4},{"damage":26,"enemies":"Jaw Worm Horde","floor":39,"turns":3},{"damage":17,"enemies":"Mind Bloom Boss Battle","floor":41,"turns":5},{"damage":21,"enemies":"Maw","floor":44,"turns":6},{"damage":33,"enemies":"Spire Growth","floor":45,"turns":3},{"damage":28,"enemies":"Sphere and 2 Shapes","floor":47,"turns":4},{"damage":36,"enemies":"Time Eater","floor":50,"turns":4},{"damage":100,"enemies":"Shield and Spear","floor":54,"turns":3}],"seed_played":"-674544837758265102","potions_obtained":[{"floor":5,"key":"GamblersBrew"},{"floor":7,"key":"Regen Potion"},{"floor":11,"key":"Fruit Juice"},{"floor":12,"key":"ElixirPotion"},{"floor":20,"key":"Regen Potion"},{"floor":21,"key":"LiquidMemories"},{"floor":35,"key":"BloodPotion"},{"floor":39,"key":"Swift Potion"},{"floor":47,"key":"FearPotion"}],"is_trial":false,"path_per_floor":["M","M","?","?","M","R","M","M","T","M","M","M","$","E","R","B",null,"M","?","M","M","$","R","E","?","T","R","M","M","R","M","R","B",null,"M","M","?","$","M","R","?","R","T","M","M","$","M","$","R","B",null,"R","$","E"],"character_chosen":"IRONCLAD","items_purchased":["Sword Boomerang","Sling","Flex","Dramatic Entrance","The Bomb","PanicButton","Strength Potion","Fire Potion"],"campfire_rested":6,"item_purchase_floors":[13,13,22,22,38,46,46,46],"current_hp_per_floor":[80,80,80,85,85,85,81,79,79,74,78,74,74,66,66,27,90,75,75,79,60,60,87,51,35,35,62,42,42,69,72,90,54,90,85,53,53,53,57,84,73,73,73,58,31,31,12,12,39,9,90,90,90,0,0],"gold":32,"neow_bonus":"ONE_RANDOM_RARE_CARD","is_daily":false,"chose_seed":false,"campfire_upgraded":1,"win_rate":0.0,"timestamp":1612994937,"path_taken":["M","M","?","?","M","R","M","M","T","M","M","M","$","E","R","BOSS","M","?","M","M","$","R","E","?","T","R","M","M","R","M","R","BOSS","M","M","?","$","M","R","?","R","T","M","M","?","M","$","R","BOSS","R","$","E"],"items_purchased_type":["Card","Relic","Card","Card","Card","Card","Potion","Potion"],"build_version":"2020-12-22","purchased_purges":0,"victory":false,"max_hp_per_floor":[80,80,80,85,85,85,85,85,85,85,90,90,90,90,90,90,90,90,90,90,90,90,90,90,90,90,90,90,90,90,90,90,90,90,90,90,90,90,90,90,90,90,90,90,90,90,90,90,90,90,90,90,90,90,90],"card_choices":[{"not_picked":["Iron Wave","Dropkick"],"picked":"Wild Strike","floor":1},{"not_picked":["Body Slam","Cleave"],"picked":"Twin Strike","floor":2},{"not_picked":["Seeing Red","Perfected Strike"],"picked":"Heavy Blade","floor":5},{"not_picked":["Burning Pact","Havoc"],"picked":"Headbutt","floor":7},{"not_picked":["Havoc","Pommel Strike"],"picked":"Anger","floor":8},{"not_picked":["Anger","Havoc"],"picked":"Bludgeon","floor":10},{"not_picked":["Rampage","Iron Wave"],"picked":"Shrug It Off","floor":11},{"not_picked":["Power Through","Hemokinesis"],"picked":"Heavy Blade","floor":12},{"not_picked":["Sever Soul","Seeing Red"],"picked":"Flex","floor":14},{"not_picked":["Double Tap","Reaper"],"picked":"Demon Form","floor":16},{"not_picked":["Rupture","Ghostly Armor"],"picked":"Twin Strike","floor":18},{"not_picked":["Clothesline","Combust"],"picked":"Flex","floor":20},{"not_picked":["Heavy Blade","Armaments"],"picked":"Anger","floor":21},{"not_picked":["Flex","Anger"],"picked":"Reaper","floor":24},{"not_picked":["Blood for Blood","True Grit"],"picked":"Wild Strike","floor":28},{"not_picked":["Second Wind","Clothesline"],"picked":"Sword Boomerang","floor":29},{"not_picked":["Sever Soul","Perfected Strike+1"],"picked":"Rage","floor":31},{"not_picked":["Exhume","Barricade"],"picked":"Demon Form","floor":33},{"not_picked":["Wild Strike+1","Clothesline"],"picked":"Infernal Blade+1","floor":35},{"not_picked":["Burning Pact+1","Feel No Pain"],"picked":"Headbutt","floor":36},{"not_picked":["Thunderclap+1","Feel No Pain","Body Slam"],"picked":"SKIP","floor":39},{"not_picked":["Disarm","Burning Pact"],"picked":"Wild Strike+1","floor":41},{"not_picked":["Brutality","Bloodletting+1","Rupture"],"picked":"SKIP","floor":44},{"not_picked":["Power Through+1","Clothesline","Cleave"],"picked":"SKIP","floor":45},{"not_picked":["Pommel Strike+1","Clash"],"picked":"Battle Trance+1","floor":47}],"player_experience":666790,"relics_obtained":[{"floor":14,"key":"Bottled Lightning"},{"floor":24,"key":"Letter Opener"},{"floor":25,"key":"Nilry\u0027s Codex"},{"floor":26,"key":"Bottled Tornado"},{"floor":41,"key":"Peace Pipe"},{"floor":43,"key":"Sundial"}],"event_choices":[{"damage_healed":0,"gold_gain":0,"player_choice":"Ignored","damage_taken":0,"max_hp_gain":0,"max_hp_loss":0,"event_name":"Golden Idol","floor":3,"gold_loss":0},{"damage_healed":0,"gold_gain":0,"player_choice":"Donut","damage_taken":0,"max_hp_gain":5,"max_hp_loss":0,"event_name":"Big Fish","floor":4,"gold_loss":0},{"damage_healed":0,"gold_gain":0,"player_choice":"Obtained Relic","damage_taken":0,"relics_obtained":["Nunchaku"],"max_hp_gain":0,"max_hp_loss":0,"event_name":"Addict","floor":19,"gold_loss":85},{"damage_healed":0,"gold_gain":0,"player_choice":"Obtained Book","damage_taken":16,"max_hp_gain":0,"max_hp_loss":0,"event_name":"Cursed Tome","floor":25,"gold_loss":0},{"damage_healed":0,"gold_gain":0,"player_choice":"Ignored","damage_taken":0,"max_hp_gain":0,"max_hp_loss":0,"event_name":"Mysterious Sphere","floor":37,"gold_loss":0},{"damage_healed":0,"gold_gain":0,"player_choice":"Fight","damage_taken":0,"max_hp_gain":0,"max_hp_loss":0,"event_name":"MindBloom","floor":41,"gold_loss":0}],"is_beta":false,"boss_relics":[{"not_picked":["Runic Dome","Runic Cube"],"picked":"Fusion Hammer"},{"not_picked":["Empty Cage","Coffee Dripper"],"picked":"Philosopher\u0027s Stone"}],"items_purged_floors":[],"is_endless":false,"potions_floor_spawned":[5,7,11,12,20,21,28,35,39,47],"killed_by":"Shield and Spear","ascension_level":0}}