{"host":"ffqn1azj9urswy62","time":1612963975,"event":{"mods":["BaseMod","Better Third Choice","Conspire","Googly Eyes","Hubris","Minty Spire (QoL Compilation)","Replay The Spire","StSLib","Wandering Minibosses","slay the spire mod where everything is the same but ironclad has a cowboy hat"],"gold_per_floor":[110,110,110,127,4,4,29,29,29,60,76,76,87,112,112,214,214,225,29,29,39,39,39,66,66,92,104,104],"floor_reached":27,"language":"ENG","playtime":988,"items_purged":["conspire:GhostlyStrike","conspire:GhostlyStrike"],"score":365,"play_id":"95bf4814-03b9-4ee7-9122-a234287e026d","local_time":"20210210083255","is_ascension_mode":true,"campfire_choices":[{"data":"Noxious Fumes","floor":6,"key":"SMITH"},{"data":"Leap","floor":12,"key":"SMITH"},{"data":"Caltrops","floor":15,"key":"SMITH"},{"data":"Replay:Poison Smokescreen","floor":23,"key":"SMITH"},{"data":"Footwork","floor":25,"key":"SMITH"}],"circlet_count":0,"master_deck":["conspire:GhostlyStrike","conspire:GhostlyStrike","conspire:GhostlyStrike","conspire:GhostlyDefend","conspire:GhostlyDefend","conspire:GhostlyDefend","conspire:GhostlyDefend","conspire:GhostlyDefend","Acrobatics","Leap+1","Beam Cell","Noxious Fumes+1","Backflip","Masterful Stab","Crippling Poison","Poisoned Stab","Caltrops+1","Bane","Tools of the Trade","Caltrops","Replay:Poison Smokescreen+1","Footwork+1","hubris:Wrath"],"relics":["Ring of the Snake","NeowsBlessing","Mirror","Smiling Mask","hubris:Reverence","Cursed Key","Snake Skull","Golden Egg","MawBank"],"acts_visited":["Exordium","TheCity"],"potions_floor_usage":[10,13,14,14],"damage_taken":[{"damage":0,"enemies":"Cultist","floor":1,"turns":1},{"damage":0,"enemies":"Small Slimes","floor":4,"turns":1},{"damage":0,"enemies":"Gremlin Nob","floor":7,"turns":1},{"damage":17,"enemies":"Lagavulin","floor":10,"turns":5},{"damage":0,"enemies":"Jaw Worm","floor":11,"turns":4},{"damage":12,"enemies":"Exordium Thugs","floor":13,"turns":3},{"damage":2,"enemies":"Gremlin Nob","floor":14,"turns":4},{"damage":4,"enemies":"The Guardian","floor":16,"turns":9},{"damage":19,"enemies":"2 Thieves","floor":18,"turns":4},{"damage":0,"enemies":"3 Byrds","floor":21,"turns":2},{"damage":19,"enemies":"conspire:Head Lice","floor":24,"turns":5},{"damage":11,"enemies":"3 Cultists","floor":27,"turns":3}],"seed_played":"8373264794025269508","potions_obtained":[{"floor":1,"key":"SkillPotion"},{"floor":10,"key":"EssenceOfSteel"},{"floor":11,"key":"CunningPotion"},{"floor":13,"key":"EssenceOfSteel"},{"floor":14,"key":"Poison Potion"},{"floor":16,"key":"Regen Potion"},{"floor":21,"key":"Venom Potion"},{"floor":24,"key":"Venom Potion"}],"is_trial":false,"path_per_floor":["M","?","?","M","$","R","E","$","T","E","M","R","M","E","R","B",null,"M","$","?","M","$","R","E","R","T","M"],"character_chosen":"THE_SILENT","items_purchased":["Backflip","Snake Skull"],"campfire_rested":0,"item_purchase_floors":[5,19],"current_hp_per_floor":[70,70,70,70,70,70,70,70,70,53,53,53,41,39,39,35,61,42,42,29,29,29,29,10,10,10,0,0],"gold":104,"neow_bonus":"THREE_ENEMY_KILL","is_daily":false,"chose_seed":false,"campfire_upgraded":5,"win_rate":0.0,"timestamp":1612963975,"path_taken":["M","?","?","M","$","R","E","?","T","E","?","R","M","E","R","BOSS","M","$","?","M","$","R","E","R","T","M"],"items_purchased_type":["Card","Relic"],"build_version":"2020-12-22","purchased_purges":2,"victory":false,"max_hp_per_floor":[70,70,70,70,70,70,70,70,70,70,70,70,70,70,70,70,70,70,70,75,75,75,75,75,75,75,75,75],"card_choices":[{"not_picked":["ReplayTheSpireMod:Shiv Toss","Dodge and Roll"],"picked":"Acrobatics","floor":1},{"not_picked":["Calculated Gamble","Poisoned Stab"],"picked":"Noxious Fumes","floor":4},{"not_picked":["Night Terror","Dagger Throw"],"picked":"Masterful Stab","floor":7},{"not_picked":["Blade Dance","Slice"],"picked":"Crippling Poison","floor":10},{"not_picked":["Riddle With Holes","hubris:Counter"],"picked":"Poisoned Stab","floor":11},{"not_picked":["Sucker Punch","Acrobatics"],"picked":"Caltrops","floor":13},{"not_picked":["Quick Slash","Backflip"],"picked":"Bane","floor":14},{"not_picked":["Glass Knife","Doppelganger"],"picked":"Tools of the Trade","floor":16},{"not_picked":["Prepared","Dagger Throw"],"picked":"Caltrops","floor":18},{"not_picked":["Crippling Poison","Dagger Spray+1"],"picked":"Replay:Poison Smokescreen","floor":21},{"not_picked":["Choke+1","Dagger Throw"],"picked":"Footwork","floor":24}],"player_experience":660819,"relics_obtained":[{"floor":7,"key":"Mirror"},{"floor":10,"key":"Smiling Mask"},{"floor":14,"key":"hubris:Reverence"},{"floor":24,"key":"Golden Egg"},{"floor":26,"key":"MawBank"}],"event_choices":[{"damage_healed":0,"gold_gain":0,"player_choice":"Agree","damage_taken":0,"max_hp_gain":0,"max_hp_loss":0,"event_name":"conspire:LoneGhost","floor":3,"gold_loss":0},{"damage_healed":0,"gold_gain":0,"player_choice":"Shed Blood","damage_taken":18,"max_hp_gain":5,"max_hp_loss":0,"event_name":"Forgotten Altar","floor":20,"gold_loss":0}],"is_beta":false,"boss_relics":[{"not_picked":["Snecko Eye","hubris:BlackHole"],"picked":"Cursed Key"}],"items_purged_floors":[5,19],"is_endless":false,"potions_floor_spawned":[1,10,11,13,14,16,21,24],"killed_by":"3 Cultists","ascension_level":5}}