{"host":"Vegetablebread","time":1612982002,"event":{"mods":["BaseMod","Bestiary","Minty Spire (QoL Compilation)","Relic Stats","Slay the Relics Exporter"],"gold_per_floor":[115,115,128,139,150,150,182,200,200,232,244,269,8,23,23,100,100,118,128,144,144,157,157,188,188,188,218,244,256,283,300,300,300,300],"floor_reached":33,"language":"ENG","playtime":8620,"items_purged":[],"score":630,"play_id":"a113382a-eccf-4d5a-bdcb-f3f4d92bc7d5","local_time":"20210210103322","is_ascension_mode":true,"campfire_choices":[{"data":"The Bomb","floor":6.0,"key":"SMITH"},{"data":"Evolve","floor":15.0,"key":"SMITH"},{"data":"Mayhem","floor":23.0,"key":"SMITH"},{"data":"Shockwave","floor":25,"key":"SMITH"},{"data":"Armaments","floor":32,"key":"SMITH"}],"circlet_count":0,"master_deck":["AscendersBane","Strike_R","Defend_R","Defend_R","Defend_R","Defend_R","Bash","The Bomb+1","Iron Wave","Battle Trance","Wild Strike","Iron Wave","Second Wind","Metallicize","Shockwave+1","Intimidate","Power Through","Evolve+1","Mayhem+1","Wild Strike","Offering","Bloodletting+1","Wild Strike+1","Feel No Pain+1","Headbutt","The Bomb+1","Second Wind","Shrug It Off","Armaments+1"],"relics":["Burning Blood","StoneCalendar","Strawberry","Toy Ornithopter","Self Forming Clay","Astrolabe","Matryoshka","Red Skull","PreservedInsect","CeramicFish"],"acts_visited":["Exordium","TheCity"],"potions_floor_usage":[24,27,31,31,33],"damage_taken":[{"damage":11.0,"enemies":"Small Slimes","floor":1.0,"turns":5.0},{"damage":1.0,"enemies":"Cultist","floor":3.0,"turns":4.0},{"damage":4.0,"enemies":"Jaw Worm","floor":4.0,"turns":5.0},{"damage":0.0,"enemies":"Red Slaver","floor":5.0,"turns":4.0},{"damage":10.0,"enemies":"3 Sentries","floor":7.0,"turns":3.0},{"damage":8.0,"enemies":"Lots of Slimes","floor":8.0,"turns":3.0},{"damage":7.0,"enemies":"Lagavulin","floor":10.0,"turns":7.0},{"damage":6.0,"enemies":"Exordium Wildlife","floor":11.0,"turns":4.0},{"damage":35.0,"enemies":"Gremlin Nob","floor":12.0,"turns":5.0},{"damage":3.0,"enemies":"Large Slime","floor":14.0,"turns":4.0},{"damage":14.0,"enemies":"Hexaghost","floor":16.0,"turns":9.0},{"damage":4.0,"enemies":"Chosen","floor":18.0,"turns":6.0},{"damage":22.0,"enemies":"Shell Parasite","floor":19.0,"turns":6.0},{"damage":19.0,"enemies":"Snecko","floor":20.0,"turns":7.0},{"damage":0.0,"enemies":"3 Cultists","floor":22.0,"turns":3.0},{"damage":21,"enemies":"Slavers","floor":24,"turns":3},{"damage":19,"enemies":"Book of Stabbing","floor":27,"turns":5},{"damage":21,"enemies":"Snake Plant","floor":28,"turns":4},{"damage":9,"enemies":"Centurion and Healer","floor":29,"turns":7},{"damage":0,"enemies":"Cultist and Chosen","floor":30,"turns":5},{"damage":6,"enemies":"Snecko","floor":31,"turns":4},{"damage":65,"enemies":"Champ","floor":33,"turns":12}],"seed_played":"-5277329111776332083","potions_obtained":[{"floor":1.0,"key":"ElixirPotion"},{"floor":7.0,"key":"Energy Potion"},{"floor":11.0,"key":"SpeedPotion"},{"floor":12.0,"key":"Regen Potion"},{"floor":19.0,"key":"FearPotion"},{"floor":22.0,"key":"Swift Potion"},{"floor":24,"key":"EssenceOfSteel"},{"floor":29,"key":"Fire Potion"},{"floor":31,"key":"HeartOfIron"}],"is_trial":false,"path_per_floor":["M","?","M","M","M","R","E","M","T","E","M","E","$","M","R","B",null,"M","M","M","?","M","R","E","R","T","E","M","M","M","M","R","B"],"character_chosen":"IRONCLAD","items_purchased":["Evolve","Mayhem"],"campfire_rested":0,"item_purchase_floors":[13,13],"current_hp_per_floor":[45,45,50,52,58,58,54,52,59,58,58,39,39,42,42,54,75,77,61,48,48,54,54,44,44,44,36,21,18,24,34,34,0,0],"gold":300,"neow_bonus":"RANDOM_COLORLESS_2","is_daily":false,"chose_seed":false,"campfire_upgraded":5,"win_rate":0.0,"timestamp":1612982002,"path_taken":["M","?","M","M","?","R","E","M","T","E","M","E","$","M","R","BOSS","M","M","?","?","M","R","E","R","T","E","M","?","M","?","R","BOSS"],"items_purchased_type":["Card","Card"],"build_version":"2020-12-18","purchased_purges":0,"victory":false,"max_hp_per_floor":[75,75,75,75,75,75,75,75,82,82,82,82,82,82,82,82,82,82,82,82,82,82,82,82,82,82,82,82,82,82,82,82,82,82],"relic_stats":{"counters":[22,115],"Self Forming Clay":[78],"Astrolabe":["Bloodletting","Wild Strike","Feel No Pain"],"CeramicFish":18,"StoneCalendar":[108],"PreservedInsect":42,"obtain_stats":[{"Matryoshka":24,"Self Forming Clay":12,"Strawberry":9,"Astrolabe":17,"CeramicFish":27,"StoneCalendar":7,"PreservedInsect":26,"Burning Blood":0,"Toy Ornithopter":10,"Red Skull":26},{"Matryoshka":16,"Self Forming Clay":9,"Strawberry":6,"Astrolabe":11,"CeramicFish":17,"StoneCalendar":5,"PreservedInsect":16,"Burning Blood":0,"Toy Ornithopter":7,"Red Skull":16},{"Matryoshka":78,"Self Forming Clay":40,"Strawberry":24,"Astrolabe":53,"CeramicFish":83,"StoneCalendar":21,"PreservedInsect":78,"Burning Blood":0,"Toy Ornithopter":31,"Red Skull":78}],"Burning Blood":126,"Toy Ornithopter":40},"card_choices":[{"not_picked":["Secret Technique","Master of Strategy"],"picked":"The Bomb","floor":0.0},{"not_picked":["Havoc","Cleave"],"picked":"Iron Wave","floor":1.0},{"not_picked":["Flex","True Grit"],"picked":"Battle Trance","floor":3.0},{"not_picked":["Havoc","Armaments"],"picked":"Wild Strike","floor":4.0},{"not_picked":["Body Slam","Perfected Strike"],"picked":"Iron Wave","floor":5.0},{"not_picked":["Heavy Blade","Wild Strike"],"picked":"Second Wind","floor":7.0},{"not_picked":["Wild Strike","Cleave"],"picked":"Metallicize","floor":8.0},{"not_picked":["Cleave","Rampage"],"picked":"Shockwave","floor":10.0},{"not_picked":["Inflame","Thunderclap"],"picked":"Intimidate","floor":11.0},{"not_picked":["Body Slam","Sentinel"],"picked":"Power Through","floor":12.0},{"not_picked":["Warcry","Infernal Blade"],"picked":"Wild Strike","floor":14.0},{"not_picked":["Demon Form","Bludgeon"],"picked":"Offering","floor":16.0},{"not_picked":["Cleave","True Grit","Uppercut"],"picked":"SKIP","floor":18.0},{"not_picked":["Heavy Blade","Evolve"],"picked":"Headbutt","floor":19.0},{"not_picked":["Havoc","Pommel Strike","Body Slam"],"picked":"SKIP","floor":20.0},{"not_picked":["Headbutt","Cleave"],"picked":"Second Wind","floor":22.0},{"not_picked":["Offering","Warcry","Immolate"],"picked":"SKIP","floor":24},{"not_picked":["Sword Boomerang","Flex+1","Heavy Blade"],"picked":"SKIP","floor":27},{"not_picked":["Clash","Armaments"],"picked":"Shrug It Off","floor":28},{"not_picked":["Entrench","Twin Strike","Havoc"],"picked":"SKIP","floor":29},{"not_picked":["Entrench","Twin Strike","Havoc"],"picked":"SKIP","floor":29},{"not_picked":["Iron Wave","Flex+1"],"picked":"Armaments","floor":30},{"not_picked":["Searing Blow","Iron Wave","Blood for Blood"],"picked":"SKIP","floor":31}],"player_experience":10478965,"relics_obtained":[{"floor":7.0,"key":"StoneCalendar"},{"floor":9.0,"key":"Strawberry"},{"floor":10.0,"key":"Toy Ornithopter"},{"floor":12.0,"key":"Self Forming Clay"},{"floor":24,"key":"Matryoshka"},{"floor":26,"key":"Red Skull"},{"floor":26,"key":"PreservedInsect"},{"floor":27,"key":"CeramicFish"}],"event_choices":[{"cards_removed":["Strike_R"],"damage_healed":0.0,"max_hp_gain":0.0,"max_hp_loss":0.0,"gold_gain":0.0,"event_name":"Bonfire Elementals","player_choice":"Offered Basic","floor":2.0,"gold_loss":0.0,"damage_taken":0.0},{"damage_healed":0.0,"max_hp_gain":0.0,"max_hp_loss":0.0,"gold_gain":0.0,"event_name":"Duplicator","player_choice":"Copied","floor":21.0,"gold_loss":0.0,"damage_taken":0.0,"cards_obtained":["The Bomb"]}],"is_beta":true,"boss_relics":[{"not_picked":["Runic Pyramid","Busted Crown"],"picked":"Astrolabe"}],"items_purged_floors":[],"is_endless":false,"potions_floor_spawned":[1,7,11,12,19,22,24,29,30,31],"killed_by":"Champ","ascension_level":20}}