{"host":"t75twhtg6c476ygg","time":1612978423,"event":{"mods":["AchievementEnabler","BaseMod","Colored Powertips","Minty Spire (QoL Compilation)","Quick Restart","Relic Stats","StSLib","SuperFastMode"],"gold_per_floor":[144,144,144,144,283,373,373,463,463,558,603,618,708,758,758,1058,1058,1103,1153,1248,1293,1338,1338,1428,1473,1523,82,82,127,172,217,217,517,517,562,612,707,802,42,132,132,177,202,252,297,342,387,437,437,437],"floor_reached":51,"language":"ENG","playtime":2436,"items_purged":[],"score":1021,"play_id":"64383fdf-56eb-47ba-b1a5-f0e610f6fcd1","local_time":"20210210173343","daily_mods":["SealedDeck","Purple Cards","Midas"],"is_ascension_mode":false,"campfire_choices":[{"floor":7.0,"key":"REST"},{"floor":15.0,"key":"REST"},{"floor":23.0,"key":"REST"},{"data":"1","floor":28.0,"key":"LIFT"},{"data":"2","floor":32.0,"key":"LIFT"},{"data":"3","floor":41.0,"key":"LIFT"},{"floor":49,"key":"REST"}],"circlet_count":0,"master_deck":["Vengeance","Riddle With Holes","Evaluate","Cloak And Dagger","Outmaneuver","Blade Dance","FearNoEvil","EmptyBody","MentalFortress","ForeignInfluence","After Image","Wallop","EmptyBody","Omniscience","SpiritShield","Consecrate","Apotheosis","Tantrum","Consecrate","Bullet Time","A Thousand Cuts","WaveOfTheHand","Die Die Die","Accuracy","Footwork+1","TalkToTheHand+1"],"relics":["Ring of the Snake","SsserpentHead","Singing Bowl","Unceasing Top","ClockworkSouvenir","Snake Skull","Vajra","Centennial Puzzle","PreservedInsect","Eternal Feather","Fusion Hammer","The Courier","Membership Card","Prayer Wheel","MawBank","Orichalcum","Mummified Hand","Dead Branch","Question Card","The Specimen","Girya","Pen Nib","Sundial","Potion Belt","Strawberry","Dream Catcher","Paper Crane","Lantern","Ancient Tea Set","Art of War","StoneCalendar","Bottled Lightning","Runic Pyramid","Ice Cream","Toy Ornithopter","Gremlin Horn","Meat on the Bone","Boot","Bird Faced Urn","CaptainsWheel","Pear","Matryoshka","Shuriken","Bag of Preparation","Omamori"],"acts_visited":["Exordium","TheCity","TheBeyond"],"potions_floor_usage":[],"damage_taken":[{"damage":5.0,"enemies":"Jaw Worm","floor":1.0,"turns":2.0},{"damage":16.0,"enemies":"Gremlin Nob","floor":6.0,"turns":3.0},{"damage":7.0,"enemies":"Lagavulin","floor":8.0,"turns":6.0},{"damage":0.0,"enemies":"Small Slimes","floor":10.0,"turns":2.0},{"damage":0.0,"enemies":"Cultist","floor":11.0,"turns":2.0},{"damage":2.0,"enemies":"3 Sentries","floor":13.0,"turns":4.0},{"damage":0.0,"enemies":"Slime Boss","floor":16.0,"turns":5.0},{"damage":2.0,"enemies":"3 Byrds","floor":18.0,"turns":4.0},{"damage":0.0,"enemies":"2 Thieves","floor":20.0,"turns":2.0},{"damage":0.0,"enemies":"Snake Plant","floor":21.0,"turns":3.0},{"damage":2.0,"enemies":"Chosen and Byrds","floor":22.0,"turns":5.0},{"damage":5.0,"enemies":"Slavers","floor":24.0,"turns":3.0},{"damage":4.0,"enemies":"Shelled Parasite and Fungi","floor":25.0,"turns":3.0},{"damage":3.0,"enemies":"Centurion and Healer","floor":29.0,"turns":3.0},{"damage":0.0,"enemies":"3 Cultists","floor":30.0,"turns":2.0},{"damage":0.0,"enemies":"Snecko","floor":31.0,"turns":2.0},{"damage":16.0,"enemies":"Collector","floor":33.0,"turns":3.0},{"damage":0.0,"enemies":"3 Shapes","floor":35.0,"turns":2.0},{"damage":0.0,"enemies":"Orb Walker","floor":37.0,"turns":2.0},{"damage":0.0,"enemies":"Maw","floor":38.0,"turns":3.0},{"damage":0.0,"enemies":"Nemesis","floor":40.0,"turns":2.0},{"damage":0.0,"enemies":"Sphere and 2 Shapes","floor":42.0,"turns":1.0},{"damage":0.0,"enemies":"4 Shapes","floor":45.0,"turns":2.0},{"damage":0,"enemies":"Spire Growth","floor":46,"turns":3},{"damage":0,"enemies":"Writhing Mass","floor":47,"turns":2},{"damage":0,"enemies":"Awakened One","floor":50,"turns":4}],"seed_played":"-5810517303651203205","potions_obtained":[{"floor":1.0,"key":"PowerPotion"},{"floor":10.0,"key":"Strength Potion"},{"floor":16.0,"key":"Ancient Potion"},{"floor":18.0,"key":"Swift Potion"},{"floor":22.0,"key":"Fire Potion"},{"floor":30.0,"key":"Dexterity Potion"},{"floor":33.0,"key":"GamblersBrew"},{"floor":46,"key":"DistilledChaos"}],"is_trial":false,"path_per_floor":["M","?","?","?","$","E","R","E","T","M","M","?","E","?","R","B",null,"M","?","M","M","M","R","E","M","T","$","R","M","M","M","R","B",null,"M","?","M","M","$","E","R","M","T","?","M","M","M","?","R","B",null],"character_chosen":"THE_SILENT","items_purchased":["Singing Bowl","Unceasing Top","ClockworkSouvenir","MentalFortress","ForeignInfluence","Membership Card","Orichalcum","Mummified Hand","Bottled Lightning","Dead Branch","Question Card","The Specimen","Girya","Pen Nib","Sundial","Potion Belt","Strawberry","Dream Catcher","Paper Crane","Lantern","Ancient Tea Set","Art of War","StoneCalendar","Apotheosis","Toy Ornithopter","Gremlin Horn","Meat on the Bone","Boot","Bird Faced Urn","CaptainsWheel","Pear","Matryoshka"],"campfire_rested":4,"item_purchase_floors":[5,5,5,5,5,27,27,27,27,27,27,27,27,27,27,27,27,27,27,27,27,27,27,27,39,39,39,39,39,39,39,39],"current_hp_per_floor":[65,65,58,58,58,42,63,56,56,56,58,72,72,65,74,74,74,74,74,76,78,78,82,79,77,77,84,93,90,92,96,99,83,99,103,103,105,105,115,115,115,119,119,119,121,125,129,123,125,125],"gold":437,"neow_bonus":"","is_daily":true,"chose_seed":false,"campfire_upgraded":0,"win_rate":0.0,"timestamp":1612978423,"path_taken":["M","?","?","?","$","E","R","E","T","?","M","?","E","?","R","BOSS","M","?","?","M","M","R","E","M","T","$","R","M","M","M","R","BOSS","M","?","?","?","$","E","R","M","T","?","M","M","M","?","R","BOSS"],"items_purchased_type":["Relic","Relic","Relic","Card","Card","Relic","Relic","Relic","Relic","Relic","Relic","Relic","Relic","Relic","Relic","Relic","Relic","Relic","Relic","Relic","Relic","Relic","Relic","Card","Relic","Relic","Relic","Relic","Relic","Relic","Relic","Relic"],"build_version":"2020-12-22","purchased_purges":0,"victory":true,"max_hp_per_floor":[70,70,70,70,70,70,70,70,70,70,72,72,74,74,74,74,74,76,76,78,80,82,82,84,86,86,93,93,93,95,99,99,99,99,103,103,105,105,115,115,115,119,119,119,121,125,129,123,125,125],"relic_stats":{"Singing Bowl":44,"Gremlin Horn":[6,8],"StoneCalendar":[0],"Snake Skull":[0],"Bag of Preparation":[8],"Boot":[75],"SsserpentHead":500,"Centennial Puzzle":[21],"Dream Catcher":1,"Mummified Hand":[43],"Sundial":[0],"Prayer Wheel":11,"Ring of the Snake":[52],"counters":[26,75],"Dead Branch":[86],"Eternal Feather":25,"PreservedInsect":87,"Pen Nib":[13],"Orichalcum":[12],"MawBank":12,"Question Card":23,"Shuriken":[14],"Bird Faced Urn":[0],"Art of War":[0],"obtain_stats":[{"Ice Cream":34,"Lantern":27,"Singing Bowl":5,"Gremlin Horn":39,"Vajra":8,"StoneCalendar":27,"Snake Skull":6,"Bag of Preparation":43,"Ancient Tea Set":27,"Boot":39,"ClockworkSouvenir":5,"SsserpentHead":4,"Centennial Puzzle":9,"Dream Catcher":27,"Matryoshka":39,"Mummified Hand":27,"Sundial":27,"Strawberry":27,"Prayer Wheel":24,"Fusion Hammer":17,"Ring of the Snake":0,"Runic Pyramid":34,"Potion Belt":27,"Girya":27,"Pear":39,"The Specimen":27,"Dead Branch":27,"Eternal Feather":14,"PreservedInsect":13,"The Courier":24,"Pen Nib":27,"Omamori":43,"Orichalcum":27,"Paper Crane":27,"MawBank":26,"Question Card":27,"CaptainsWheel":39,"Shuriken":40,"Bird Faced Urn":39,"CultistMask":4,"Art of War":27,"Membership Card":24,"Bottled Lightning":27,"Unceasing Top":5,"Toy Ornithopter":39,"Meat on the Bone":39},{"Ice Cream":17,"Lantern":13,"Singing Bowl":1,"Gremlin Horn":20,"Vajra":3,"StoneCalendar":13,"Snake Skull":2,"Bag of Preparation":22,"Ancient Tea Set":13,"Boot":20,"ClockworkSouvenir":1,"SsserpentHead":1,"Centennial Puzzle":3,"Dream Catcher":13,"Matryoshka":20,"Mummified Hand":13,"Sundial":13,"Strawberry":13,"Prayer Wheel":12,"Fusion Hammer":7,"Ring of the Snake":0,"Runic Pyramid":17,"Potion Belt":13,"Girya":13,"Pear":20,"The Specimen":13,"Dead Branch":13,"Eternal Feather":6,"PreservedInsect":6,"The Courier":12,"Pen Nib":13,"Omamori":22,"Orichalcum":13,"Paper Crane":13,"MawBank":13,"Question Card":13,"CaptainsWheel":20,"Shuriken":21,"Bird Faced Urn":20,"CultistMask":1,"Art of War":13,"Membership Card":12,"Bottled Lightning":13,"Unceasing Top":1,"Toy Ornithopter":20,"Meat on the Bone":20},{"Ice Cream":54,"Lantern":44,"Singing Bowl":2,"Gremlin Horn":61,"Vajra":11,"StoneCalendar":44,"Snake Skull":5,"Bag of Preparation":64,"Ancient Tea Set":44,"Boot":61,"ClockworkSouvenir":2,"SsserpentHead":2,"Centennial Puzzle":11,"Dream Catcher":44,"Matryoshka":61,"Mummified Hand":44,"Sundial":44,"Strawberry":44,"Prayer Wheel":41,"Fusion Hammer":24,"Ring of the Snake":0,"Runic Pyramid":54,"Potion Belt":44,"Girya":44,"Pear":61,"The Specimen":44,"Dead Branch":44,"Eternal Feather":19,"PreservedInsect":19,"The Courier":39,"Pen Nib":44,"Omamori":64,"Orichalcum":44,"Paper Crane":44,"MawBank":44,"Question Card":44,"CaptainsWheel":61,"Shuriken":63,"Bird Faced Urn":61,"CultistMask":2,"Art of War":44,"Membership Card":39,"Bottled Lightning":44,"Unceasing Top":2,"Toy Ornithopter":61,"Meat on the Bone":61}],"Unceasing Top":[7],"Toy Ornithopter":0,"Meat on the Bone":0},"card_choices":[{"not_picked":["FollowUp","Dagger Throw"],"picked":"EmptyBody","floor":1.0},{"not_picked":["Catalyst","DeceiveReality"],"picked":"After Image","floor":6.0},{"not_picked":["Perseverance","Prepared"],"picked":"Wallop","floor":8.0},{"not_picked":["LikeWater","Underhanded Strike"],"picked":"EmptyBody","floor":10.0},{"not_picked":["Nirvana","CutThroughFate","Predator"],"picked":"Singing Bowl","floor":11.0},{"not_picked":["Deadly Poison","Outmaneuver","PathToVictory"],"picked":"Singing Bowl","floor":13.0},{"not_picked":["Unload","Venomology"],"picked":"Omniscience","floor":16.0},{"not_picked":["Blur","Wallop","Prepared"],"picked":"Singing Bowl","floor":18.0},{"not_picked":["All Out Attack","Protect+1","Swivel"],"picked":"Singing Bowl","floor":20.0},{"not_picked":["Endless Agony+1","PiercingWail","Blade Dance"],"picked":"Singing Bowl","floor":21.0},{"not_picked":["LikeWater+1","Backflip","Dagger Throw"],"picked":"Singing Bowl","floor":22.0},{"not_picked":["Adaptation","Halt","Deflect"],"picked":"Singing Bowl","floor":24.0},{"not_picked":["InnerPeace+1","Halt"],"picked":"Consecrate","floor":25.0},{"not_picked":["Bane","Adaptation","FlyingSleeves+1"],"picked":"Singing Bowl","floor":25.0},{"not_picked":["EmptyFist","Outmaneuver","CrushJoints"],"picked":"Tantrum","floor":29.0},{"not_picked":["Dodge and Roll+1","WindmillStrike","EmptyMind"],"picked":"Consecrate","floor":29.0},{"not_picked":["CrushJoints+1","Dodge and Roll","Nirvana+1"],"picked":"Bullet Time","floor":30.0},{"not_picked":["Flying Knee","Blade Dance+1","CutThroughFate","Poisoned Stab+1"],"picked":"Singing Bowl","floor":30.0},{"not_picked":["Flechettes+1","Evaluate","Sucker Punch","Prepared"],"picked":"Singing Bowl","floor":31.0},{"not_picked":["DeceiveReality+1","MentalFortress","Quick Slash","PathToVictory"],"picked":"Singing Bowl","floor":31.0},{"not_picked":["Brilliance","Alpha","Devotion"],"picked":"A Thousand Cuts","floor":33.0},{"not_picked":["FlyingSleeves","Protect","EmptyBody","SashWhip"],"picked":"Singing Bowl","floor":35.0},{"not_picked":["WheelKick+1","ClearTheMind+1","LikeWater+1","Noxious Fumes"],"picked":"Singing Bowl","floor":35.0},{"not_picked":["Conclude+1","Blade Dance","Prostrate"],"picked":"Die Die Die","floor":37.0},{"not_picked":["Outmaneuver+1","ReachHeaven+1","CrushJoints","Halt"],"picked":"Singing Bowl","floor":37.0},{"not_picked":["TalkToTheHand","SpiritShield","BowlingBash+1"],"picked":"Accuracy","floor":38.0},{"not_picked":["Collect","Pray+1","ThirdEye"],"picked":"Footwork+1","floor":38.0},{"not_picked":["Crescendo","Poisoned Stab+1","FollowUp","Bouncing Flask"],"picked":"SKIP","floor":40.0},{"not_picked":["Flying Knee","Prepared+1","Blur+1","Backflip+1"],"picked":"Singing Bowl","floor":42.0},{"not_picked":["Prepared+1","BattleHymn","Bane+1","Flying Knee"],"picked":"Singing Bowl","floor":42.0},{"not_picked":["Masterful Stab","Deflect+1","Glass Knife","Crescendo"],"picked":"Singing Bowl","floor":45.0},{"not_picked":["FlyingSleeves","EmptyBody","Glass Knife"],"picked":"TalkToTheHand+1","floor":45.0},{"not_picked":["EmptyFist+1","Slice","EmptyBody","A Thousand Cuts"],"picked":"Singing Bowl","floor":46},{"not_picked":["Nirvana","Pray+1","Quick Slash","Crescendo+1"],"picked":"Singing Bowl","floor":46},{"not_picked":["SashWhip","Catalyst","Deflect","Endless Agony"],"picked":"Singing Bowl","floor":47},{"not_picked":["Consecrate","Outmaneuver","LikeWater+1","EmptyMind+1"],"picked":"Singing Bowl","floor":47},{"not_picked":["Concentrate","Halt","Poisoned Stab","Heel Hook+1"],"picked":"Singing Bowl","floor":49}],"player_experience":367737,"relics_obtained":[{"floor":6.0,"key":"Snake Skull"},{"floor":8.0,"key":"Vajra"},{"floor":9.0,"key":"Centennial Puzzle"},{"floor":13.0,"key":"PreservedInsect"},{"floor":24.0,"key":"Prayer Wheel"},{"floor":26.0,"key":"MawBank"},{"floor":40.0,"key":"Shuriken"},{"floor":43.0,"key":"Bag of Preparation"},{"floor":43.0,"key":"Omamori"}],"event_choices":[{"damage_healed":0.0,"max_hp_gain":0.0,"max_hp_loss":0.0,"gold_gain":0.0,"event_name":"Liars Game","player_choice":"Ignored","floor":2.0,"gold_loss":0.0,"damage_taken":0.0},{"cards_removed":["Slice"],"damage_healed":0.0,"max_hp_gain":0.0,"max_hp_loss":0.0,"gold_gain":0.0,"event_name":"Golden Wing","player_choice":"Card Removal","floor":3.0,"gold_loss":0.0,"damage_taken":7.0},{"damage_healed":0.0,"max_hp_gain":0.0,"max_hp_loss":0.0,"gold_gain":0.0,"event_name":"FaceTrader","player_choice":"Trade","floor":4.0,"gold_loss":0.0,"damage_taken":0.0,"relics_obtained":["CultistMask"]},{"damage_healed":18.0,"max_hp_gain":0.0,"max_hp_loss":0.0,"gold_gain":0.0,"event_name":"The Cleric","player_choice":"Healed","floor":12.0,"gold_loss":35.0,"damage_taken":0.0},{"damage_healed":0.0,"max_hp_gain":0.0,"max_hp_loss":0.0,"gold_gain":0.0,"event_name":"Scrap Ooze","player_choice":"Success","floor":14.0,"gold_loss":0.0,"damage_taken":7.0,"relics_obtained":["Eternal Feather"]},{"damage_healed":0.0,"max_hp_gain":0.0,"max_hp_loss":0.0,"gold_gain":0.0,"cards_transformed":["Protect"],"event_name":"Transmorgrifier","player_choice":"Transformed","floor":19.0,"gold_loss":0.0,"damage_taken":0.0,"cards_obtained":["SpiritShield"]},{"damage_healed":0.0,"max_hp_gain":0.0,"max_hp_loss":0.0,"gold_gain":0.0,"cards_transformed":["FlyingSleeves"],"event_name":"Transmorgrifier","player_choice":"Transformed","floor":36.0,"gold_loss":0.0,"damage_taken":0.0,"cards_obtained":["WaveOfTheHand"]},{"damage_healed":0.0,"max_hp_gain":0.0,"max_hp_loss":0.0,"gold_gain":0.0,"event_name":"Tomb of Lord Red Mask","player_choice":"Ignored","floor":44.0,"gold_loss":0.0,"damage_taken":0.0},{"damage_healed":0,"gold_gain":0,"player_choice":"Max HP","damage_taken":0,"max_hp_gain":0,"max_hp_loss":6,"event_name":"Winding Halls","floor":48,"gold_loss":0}],"is_beta":false,"boss_relics":[{"not_picked":["Ring of the Serpent","WristBlade","Philosopher\u0027s Stone"]},{"not_picked":["Runic Dome","Snecko Eye"],"picked":"Runic Pyramid"}],"items_purged_floors":[],"is_endless":false,"potions_floor_spawned":[1,10,16,18,22,30,33,38,40,42,46,47],"ascension_level":0}}