{"host":"nxma0dbhh74lxenq","time":1612953635,"event":{"mods":["Astrologer","BaseMod","Beaked The Cultist","CapriCore","Colored Map","DeckTracker","Gremlin Mod","Highlight Path","HololiveMod","Koishi","Mad Scientist","Minty Spire (QoL Compilation)","StSLib","SuperFastMode","The Bladedancer","The Cursed","The Immortal","The Mystic","YoumuÅiç∞ÈÆódöÎÅj"],"gold_per_floor":[115,133,149,249,266,266,285,39,39,39,71,87,87,416,416,490,490,507,493,493,543,560,560,593,593,618,618,618],"floor_reached":27,"language":"JPN","playtime":756,"items_purged":[],"score":437,"play_id":"084ccca7-57e7-4488-bb4f-709383b6a6ea","local_time":"20210210194035","is_ascension_mode":true,"campfire_choices":[{"data":"Koishi:JumpScare","floor":6,"key":"SMITH"},{"data":"Koishi:PredatoryInstincts","floor":13,"key":"SMITH"},{"data":"Koishi:Catatonia","floor":15,"key":"SMITH"},{"data":"Koishi:Ego","floor":23,"key":"SMITH"},{"data":"Koishi:HeartStoppingHorror","floor":25,"key":"SMITH"}],"circlet_count":0,"master_deck":["AscendersBane","Koishi:BasicStrike","Koishi:BasicStrike","Koishi:BasicDefend","Koishi:BasicDefend","Koishi:BasicDefend","Koishi:BasicDefend","Koishi:Provoke","Koishi:HauntingSlash","Koishi:PhantomStrike","Koishi:Catatonia+1","Koishi:JumpScare+1","Koishi:Jaunt","Koishi:LastRemote","Koishi:ParalyzingFear","Koishi:TremblingHands","Koishi:PredatoryInstincts+1","Koishi:VengefulSpirit","Koishi:Ego+1","Koishi:HeartStoppingHorror+1","Koishi:BloodcurdlingScream+1","Koishi:MassHysteria","Ghostly","Ghostly","Ghostly"],"relics":["Koishi:ImaginaryFriend","PreservedInsect","Sundial","Dream Catcher","Old Coin","Empty Cage","Regal Pillow","Smiling Mask"],"acts_visited":["Exordium","TheCity"],"potions_floor_usage":[22,24],"damage_taken":[{"damage":7,"enemies":"Cultist","floor":1,"turns":5},{"damage":1,"enemies":"2 Louse","floor":2,"turns":4},{"damage":7,"enemies":"Jaw Worm","floor":3,"turns":3},{"damage":11,"enemies":"Blue Slaver","floor":5,"turns":4},{"damage":0,"enemies":"Large Slime","floor":7,"turns":4},{"damage":13,"enemies":"Gremlin Nob","floor":11,"turns":3},{"damage":0,"enemies":"2 Fungi Beasts","floor":12,"turns":3},{"damage":7,"enemies":"Lagavulin","floor":14,"turns":7},{"damage":13,"enemies":"Hexaghost","floor":16,"turns":9},{"damage":30,"enemies":"Spheric Guardian","floor":18,"turns":5},{"damage":13,"enemies":"2 Thieves","floor":19,"turns":4},{"damage":10,"enemies":"Shelled Parasite and Fungi","floor":22,"turns":6},{"damage":17,"enemies":"Book of Stabbing","floor":24,"turns":5},{"damage":31,"enemies":"Slavers","floor":27,"turns":3}],"seed_played":"375695082914930096","potions_obtained":[{"floor":2,"key":"Block Potion"},{"floor":5,"key":"Strength Potion"},{"floor":16,"key":"AttackPotion"},{"floor":19,"key":"DuplicationPotion"}],"is_trial":false,"path_per_floor":["M","M","M","?","M","R","M","$","T","$","E","M","R","E","R","B",null,"M","M","?","?","M","R","E","R","T","E"],"character_chosen":"KOISHI","items_purchased":["PreservedInsect","Koishi:TremblingHands"],"campfire_rested":0,"item_purchase_floors":[8,8],"current_hp_per_floor":[46,46,42,42,35,35,35,35,35,35,27,36,36,40,40,40,53,29,26,26,26,26,26,20,20,20,0,0],"gold":618,"neow_bonus":"THREE_CARDS","is_daily":false,"chose_seed":false,"campfire_upgraded":5,"win_rate":0.0,"timestamp":1612953635,"path_taken":["M","M","?","?","?","R","M","?","T","$","E","M","R","E","R","BOSS","M","M","?","?","M","R","E","R","T","E"],"items_purchased_type":["Relic","Card"],"build_version":"2020-12-22","purchased_purges":0,"victory":false,"max_hp_per_floor":[57,57,57,57,57,57,57,57,57,57,57,57,57,57,57,57,57,57,57,28,28,28,28,28,28,28,28,28],"card_choices":[{"not_picked":["Koishi:DreadfulBlow","Koishi:UnansweredLove"],"picked":"Koishi:PhantomStrike","floor":0},{"not_picked":["Koishi:ReflexRadar","Koishi:RacingHeart"],"picked":"Koishi:Catatonia","floor":1},{"not_picked":["Koishi:PhantomStrike","Koishi:VengefulSpirit"],"picked":"Koishi:JumpScare","floor":2},{"not_picked":["Koishi:StingingMind","Koishi:MassHysteria"],"picked":"Koishi:Jaunt","floor":3},{"not_picked":["Koishi:SubterraneanRose","Koishi:Prune"],"picked":"Koishi:LastRemote","floor":5},{"not_picked":["Koishi:DanmakuParanoia","Koishi:ConfinedInnocent"],"picked":"Koishi:ParalyzingFear","floor":7},{"not_picked":["Koishi:DNAsFlaw","Koishi:Heartbroken"],"picked":"Koishi:PredatoryInstincts","floor":11},{"not_picked":["Koishi:IdleWhim","Koishi:UnansweredLove"],"picked":"Koishi:VengefulSpirit","floor":12},{"not_picked":["Koishi:Prune","Koishi:FourthEye"],"picked":"Koishi:Ego","floor":14},{"not_picked":["Koishi:FadingMemory","Koishi:MentalBreakdown"],"picked":"Koishi:HeartStoppingHorror","floor":16},{"not_picked":["Koishi:Jaunt+1","Koishi:EmbryosDream"],"picked":"Koishi:BloodcurdlingScream+1","floor":18},{"not_picked":["Koishi:DreadfulBlow","Koishi:Jaunt"],"picked":"Koishi:MassHysteria","floor":19},{"not_picked":["Koishi:UnconsciousUprising","Koishi:UnansweredLove","Koishi:PhantomStrike"],"picked":"SKIP","floor":22},{"not_picked":["Koishi:RollingInRichesHeart","Koishi:PhantomStrike","Koishi:ConditionedTeleport"],"picked":"SKIP","floor":24}],"player_experience":579735,"relics_obtained":[{"floor":9,"key":"Sundial"},{"floor":11,"key":"Dream Catcher"},{"floor":14,"key":"Old Coin"},{"floor":24,"key":"Regal Pillow"},{"floor":26,"key":"Smiling Mask"}],"event_choices":[{"damage_healed":0,"gold_gain":100,"player_choice":"Gold","damage_taken":0,"max_hp_gain":0,"max_hp_loss":0,"event_name":"Wheel of Change","floor":4,"gold_loss":0},{"damage_healed":0,"gold_gain":0,"player_choice":"Became a Ghost","damage_taken":0,"max_hp_gain":0,"max_hp_loss":29,"event_name":"Ghosts","floor":20,"gold_loss":0,"cards_obtained":["Ghostly","Ghostly","Ghostly"]},{"damage_healed":0,"gold_gain":50,"player_choice":"Stole From Cult","damage_taken":0,"max_hp_gain":0,"max_hp_loss":0,"event_name":"Nest","floor":21,"gold_loss":0}],"is_beta":false,"boss_relics":[{"not_picked":["Hololive_TopUpMoneyS","beaked:MawFillet"],"picked":"Empty Cage"}],"items_purged_floors":[],"is_endless":false,"potions_floor_spawned":[2,5,7,11,16,18,19],"killed_by":"Slavers","ascension_level":16}}