{"host":"farxtl2u8hmkbdo2","time":1612974545,"event":{"mods":["A Magickal Journey","BaseMod","Better Altar","Better Note","Better Sensory Stone","Better Skull","Better Third Choice","Challenge The Spire","Colored Map","Colored Powertips","Current Relic Mod","Downfall","Energized Spire","Fox Events","Gremlin Mod","Hermit","Hubris","Mimic Mod","Minty Spire (QoL Compilation)","Quick Restart","READ ME - Guardian Mod","Rare Cards Sparkle","StSLib","The Bladedancer","The Bug Knight","The Cursed","The Disciple","The Hierophant","The Marked","The Necromancer","The Runesmith","Transform Curses"],"gold_per_floor":[99,117,135,154,183,200,332,332,332,350,377,387,287,306,321,417,494,494,494,510,510,543,543,620,640,7,7,0,0,18,28,38,133,210,210,238,257,257,269,313,399,485,485,485,485],"floor_reached":43,"language":"SPA","playtime":3336,"items_purged":[],"score":537,"play_id":"7eabeb1d-1810-4e4d-9ade-0c52d812d1f4","local_time":"20210210132905","is_ascension_mode":false,"campfire_choices":[{"data":"hexamod:Float","floor":1.0,"key":"SMITH"},{"data":"hexamod:HeatCrush","floor":9,"key":"SMITH"},{"data":"hexamod:SoulSteal","floor":13,"key":"SMITH"},{"data":"hexamod:VolcanoVisage","floor":18,"key":"SMITH"},{"data":"hexamod:TimeOfNeed","floor":23,"key":"SMITH"},{"data":"hexamod:NecessarySacrifice","floor":29,"key":"SMITH"},{"data":"hexamod:SearingWound","floor":35,"key":"SMITH"}],"circlet_count":0,"master_deck":["hexamod:Strike+1","hexamod:Strike+1","hexamod:Strike+1","hexamod:Strike","hexamod:Defend","hexamod:Defend+1","hexamod:Defend+1","hexamod:Defend","hexamod:Sear+1","hexamod:Float+1","hexamod:HeatCrush+1","hexamod:Firestarter+1","hexamod:Incineration+1","hexamod:SoulSteal+1","hexamod:EmpoweredFlame","hexamod:NightmareStrike","hexamod:FourthSeal","hexamod:SoulSteal","hexamod:FirstSeal","hexamod:VolcanoVisage+1","hexamod:HauntingEcho+1","hexamod:NecessarySacrifice+1","Slimebound:CorrosiveSpit+1","hexamod:TimeOfNeed+1","hexamod:HeatShield+1","hexamod:ThermalTransfer+1","hexamod:HauntingEcho","hexamod:FifthSeal","hexamod:NightmareGuise","hexamod:FirstSeal","hexamod:ForkedFlame","hexamod:HauntingEcho+1","hexamod:HeatCrush+1","hexamod:SixthSeal","hexamod:RecurringNightmare+1","hexamod:SixthSeal","hexamod:Firestarter+1","hexamod:SecondSeal","hexamod:EtherealExpedition+1","hexamod:FirstSeal","hexamod:SpectralAdrenaline+1","hexamod:SearingWound+1","hexamod:PhantomFireball","hexamod:GhostflameBarrier+1","AscendersBane","Madness","hexamod:BurningTouch+1","hexamod:SpectralAdrenaline+1","hubris:Despair","hubris:Greed"],"relics":["hexamod:SpiritBrand","foxEvents:LuckyCharm","Whetstone","Gremlin Horn","downfall:HeartBlessingGreen","energizedSpire:DeadBattery","Red Mask","Runesmith:Locket","HollowMod:StagPassRelic","Pen Nib","Orrery","Cursed Key","CeramicFish","hexamod:InflammatoryLetter"],"acts_visited":["Exordium","TheCity","TheBeyond"],"potions_floor_usage":[6,11,16,16,26,28,30,32,33,33,33,40,40,40],"damage_taken":[{"damage":0.0,"enemies":"Cultist","floor":2.0,"turns":4.0},{"damage":1.0,"enemies":"2 Louse","floor":3.0,"turns":4.0},{"damage":11.0,"enemies":"Jaw Worm","floor":4.0,"turns":4.0},{"damage":4,"enemies":"Colosseum Slavers","floor":5,"turns":4},{"damage":0,"enemies":"3 Louse","floor":6,"turns":4},{"damage":22,"enemies":"Gremlin Gang","floor":10,"turns":5},{"damage":0,"enemies":"Gremlin Nob","floor":11,"turns":2},{"damage":0,"enemies":"2 Fungi Beasts","floor":12,"turns":3},{"damage":9,"enemies":"Lots of Slimes","floor":14,"turns":3},{"damage":6,"enemies":"Exordium Wildlife","floor":15,"turns":4},{"damage":13,"enemies":"IC_STATUS_ARCHETYPE","floor":16,"turns":6},{"damage":0,"enemies":"Chosen","floor":19,"turns":1},{"damage":7,"enemies":"3 Byrds","floor":20,"turns":3},{"damage":20,"enemies":"Masked Bandits","floor":22,"turns":5},{"damage":2,"enemies":"Cultist and Chosen","floor":25,"turns":3},{"damage":4,"enemies":"downfall:FleeingMerchant","floor":26,"turns":4},{"damage":9,"enemies":"downfall:FleeingMerchant","floor":28,"turns":4},{"damage":1,"enemies":"Snake Plant","floor":30,"turns":3},{"damage":21,"enemies":"Centurion and Healer","floor":31,"turns":7},{"damage":24,"enemies":"Snecko","floor":32,"turns":6},{"damage":22,"enemies":"DF_ARCHETYPE_CLAW","floor":33,"turns":4},{"damage":5,"enemies":"Orb Walker","floor":36,"turns":4},{"damage":5,"enemies":"3 Darklings","floor":37,"turns":3},{"damage":24,"enemies":"4 Shapes","floor":39,"turns":5},{"damage":6,"enemies":"Reptomancer","floor":40,"turns":4},{"damage":83,"enemies":"Giant Head","floor":43,"turns":8}],"seed_played":"-6277103592827228905","potions_obtained":[{"floor":2.0,"key":"Weak Potion"},{"floor":5,"key":"Block Potion"},{"floor":6,"key":"DuplicationPotion"},{"floor":14,"key":"DistilledChaos"},{"floor":15,"key":"SmokeBomb"},{"floor":15,"key":"SkillPotion"},{"floor":20,"key":"champ:CounterPotion"},{"floor":22,"key":"EssenceOfSteel"},{"floor":22,"key":"SkillPotion"},{"floor":25,"key":"CultistPotion"},{"floor":25,"key":"ColorlessPotion"},{"floor":28,"key":"AttackPotion"},{"floor":30,"key":"hexamod:SoulburnPotion"},{"floor":31,"key":"hexamod:EctoCoolerPotion"},{"floor":32,"key":"GamblersBrew"},{"floor":37,"key":"Dexterity Potion"},{"floor":37,"key":"hexamod:SoulburnPotion"},{"floor":39,"key":"bronze:BurnAndBuffPotion"},{"floor":39,"key":"LiquidBronze"}],"is_trial":false,"path_per_floor":["R","M","M","M","?","M","T","?","R","M","E","M","R","M","M","B",null,"R","M","M","?","?","R","T","M","$","?","$","R","M","M","M","B",null,"R","M","M","?","M","E","T","?","E"],"character_chosen":"THE_SPIRIT","items_purchased":["HollowMod:StagPassRelic","Pen Nib","hexamod:HauntingEcho","Orrery","hexamod:HeatCrush"],"campfire_rested":0,"item_purchase_floors":[26,26,26,26,26],"current_hp_per_floor":[77,77,76,65,61,61,61,61,61,39,39,39,39,30,24,11,77,77,77,77,77,64,64,64,62,65,65,63,63,62,55,38,16,77,77,72,67,67,57,65,65,65,0,0,0],"gold":485,"neow_bonus":"TEN_PERCENT_HP_BONUS","is_daily":false,"chose_seed":false,"campfire_upgraded":7,"win_rate":0.0,"timestamp":1612974545,"path_taken":["R","M","M","M","?","M","T","?","R","?","E","M","R","M","M","BOSS","R","M","M","?","?","R","T","M","$","?","$","R","M","?","M","BOSS","R","M","M","?","M","E","T","?","E"],"items_purchased_type":["Relic","Relic","Card","Relic","Card"],"build_version":"2020-12-22","purchased_purges":0,"victory":false,"max_hp_per_floor":[77,77,77,77,77,77,77,77,77,77,77,77,77,77,77,77,77,77,77,77,77,77,77,77,77,77,77,77,77,77,77,77,77,77,77,77,77,77,77,77,77,77,77,77,77],"card_choices":[{"not_picked":["hexamod:FirstSeal","hexamod:SpectersWail"],"picked":"hexamod:HeatCrush","floor":2.0},{"not_picked":["hexamod:NightmareStrike","hexamod:GhostLash"],"picked":"hexamod:Firestarter","floor":3.0},{"not_picked":["hexamod:FastForward","hexamod:HauntingEcho"],"picked":"hexamod:Incineration","floor":4.0},{"not_picked":["hexamod:StepThrough","hexamod:InspiringFlames"],"picked":"hexamod:SoulSteal","floor":6},{"not_picked":["hexamod:Haunt","hexamod:EtherealExpedition"],"picked":"hexamod:EmpoweredFlame","floor":10},{"not_picked":["hexamod:RecurringNightmare","hexamod:Incineration"],"picked":"hexamod:NightmareStrike","floor":11},{"not_picked":["hexamod:FastForward","hexamod:HeatShield"],"picked":"hexamod:FourthSeal","floor":12},{"not_picked":["hexamod:RetreatToShadows","hexamod:Incineration"],"picked":"hexamod:SoulSteal","floor":14},{"not_picked":["hexamod:CatchUp","hexamod:GhostShield"],"picked":"hexamod:FirstSeal","floor":15},{"not_picked":["hexamod:ForkedFlame","hexamod:UnlimitedPower"],"picked":"hexamod:VolcanoVisage","floor":16},{"not_picked":["hexamod:SwordOfDarkness","hexamod:Hexaguard"],"picked":"hexamod:HauntingEcho","floor":19},{"not_picked":["hexamod:SwordOfDarkness+1","hexamod:GhostLash+1"],"picked":"hexamod:NecessarySacrifice","floor":20},{"not_picked":["hexamod:GhostLash","hexamod:RecurringNightmare"],"picked":"hexamod:TimeOfNeed","floor":22},{"not_picked":["hexamod:InspiringFlames+1","hexamod:Firestarter"],"picked":"hexamod:HeatShield+1","floor":25},{"not_picked":["hexamod:RainOfEmbers+1","hexamod:AdvancingGuard"],"picked":"hexamod:ThermalTransfer+1","floor":26},{"not_picked":["hexamod:GhostOfSpireFuture","hexamod:InspiringFlames"],"picked":"hexamod:FifthSeal","floor":26},{"not_picked":["hexamod:SpectersWail","hexamod:GhostLash"],"picked":"hexamod:NightmareGuise","floor":26},{"not_picked":["hexamod:ThermalTransfer","hexamod:Firestarter"],"picked":"hexamod:FirstSeal","floor":26},{"not_picked":["hexamod:SoulSteal","hexamod:SpectralAdrenaline"],"picked":"hexamod:ForkedFlame","floor":26},{"not_picked":["hexamod:SpectersWail+1","hexamod:BacktrackSmack+1"],"picked":"hexamod:HauntingEcho+1","floor":26},{"not_picked":["hexamod:FourthSeal","hexamod:FirstSeal"],"picked":"hexamod:SixthSeal","floor":28},{"not_picked":["hexamod:NightmareGuise","hexamod:SpectersWail"],"picked":"hexamod:RecurringNightmare","floor":28},{"not_picked":["hexamod:SecondSeal","hexamod:FourthSeal"],"picked":"hexamod:SixthSeal","floor":30},{"not_picked":["hexamod:NightmareGuise","hexamod:HauntingEcho+1"],"picked":"hexamod:Firestarter+1","floor":30},{"not_picked":["hexamod:FirstSeal","hexamod:SixthSeal"],"picked":"hexamod:SecondSeal","floor":31},{"not_picked":["hexamod:ThermalTransfer+1","hexamod:Incineration+1"],"picked":"hexamod:EtherealExpedition+1","floor":31},{"not_picked":["hexamod:ThirdSeal","hexamod:SixthSeal"],"picked":"hexamod:FirstSeal","floor":32},{"not_picked":["hexamod:HauntingEcho","hexamod:StepThrough"],"picked":"hexamod:SpectralAdrenaline+1","floor":32},{"not_picked":["hexamod:ForkedFlame","hexamod:GhostflameInferno"],"picked":"hexamod:SearingWound","floor":33},{"not_picked":["hexamod:SoulSteal","hexamod:FourthSeal"],"picked":"hexamod:PhantomFireball","floor":36},{"not_picked":["hexamod:HeatCrush","hexamod:RetreatToShadows"],"picked":"hexamod:GhostflameBarrier+1","floor":37},{"not_picked":["hexamod:RetreatToShadows","hexamod:ShieldOfDarkness"],"picked":"hexamod:BurningTouch+1","floor":39},{"not_picked":["hexamod:GhostOfSpirePast","hexamod:FirstSeal"],"picked":"hexamod:SpectralAdrenaline+1","floor":40}],"player_experience":2088629,"relics_obtained":[{"floor":5,"key":"foxEvents:LuckyCharm"},{"floor":7,"key":"Whetstone"},{"floor":11,"key":"Gremlin Horn"},{"floor":22,"key":"Red Mask"},{"floor":24,"key":"Runesmith:Locket"},{"floor":40,"key":"CeramicFish"},{"floor":41,"key":"hexamod:InflammatoryLetter"}],"event_choices":[{"damage_healed":0,"gold_gain":0,"player_choice":"Take","damage_taken":0,"max_hp_gain":0,"max_hp_loss":0,"event_name":"betterNote:BetterNote","floor":21,"gold_loss":0,"cards_obtained":["Slimebound:CorrosiveSpit"]},{"damage_healed":0,"gold_gain":0,"player_choice":"Fought Bandits","damage_taken":0,"max_hp_gain":0,"max_hp_loss":0,"event_name":"Masked Bandits","floor":22,"gold_loss":0},{"damage_healed":0,"gold_gain":3,"player_choice":"3","damage_taken":0,"max_hp_gain":0,"max_hp_loss":0,"event_name":"betterStone:BetterStone","floor":38,"gold_loss":0,"cards_obtained":["Madness"]}],"is_beta":false,"boss_relics":[{"not_picked":["Sozu","Tiny House"],"picked":"energizedSpire:DeadBattery"},{"not_picked":["energizedSpire:StickyHand","hubris:HollowSoul"],"picked":"Cursed Key"}],"items_purged_floors":[],"is_endless":false,"potions_floor_spawned":[2,5,6,15,22,25,30,31,37,39],"killed_by":"Giant Head","ascension_level":0}}