{"host":"19r1ww88x2tc73i0","time":1612990905,"event":{"mods":["BaseMod","BetterRewards","Colored Map","Minty Spire (QoL Compilation)","Relic Stats","StSLib","SuperFastMode","slay the spire mod where everything is the same but ironclad has a cowboy hat"],"gold_per_floor":[109,127,140,140,104,104,116,146,146,179,129,129,144,178,178,253,253,267,267,284,301,135,135,160,160,183,183,217,217,247,266,266,340,340,357,357,377,389,407,438,463,489,489,517,527,190,205,205,205,205,205,205],"floor_reached":51,"language":"ENG","playtime":2403,"items_purged":["Strike_R","Defend_R"],"score":1755,"play_id":"e6a7a3b7-a7fa-4e8a-a4f4-6fcc2f073612","local_time":"25640211040145","is_ascension_mode":true,"campfire_choices":[{"data":"Feed","floor":6.0,"key":"SMITH"},{"data":"Inflame","floor":12.0,"key":"SMITH"},{"data":"Bash","floor":15.0,"key":"SMITH"},{"data":"Demon Form","floor":23,"key":"SMITH"},{"floor":27,"key":"REST"},{"floor":32,"key":"REST"},{"floor":49,"key":"RECALL"}],"circlet_count":0,"master_deck":["AscendersBane","Strike_R+1","Strike_R","Strike_R","Strike_R","Bash+1","Feed+1","Disarm","Iron Wave+1","Fire Breathing","Armaments+1","Feel No Pain","Inflame+1","Sword Boomerang","Battle Trance","Thunderclap","Shockwave","Shrug It Off","Demon Form+1","Body Slam+1","Flame Barrier","Bloodletting","Pummel+1","Seeing Red","Double Tap","Burning Pact","Spot Weakness+1","Exhume","Offering","Entrench+1","Second Wind+1","Fiend Fire+1","Pommel Strike+1","Sentinel","Feel No Pain","Sword Boomerang+1","Disarm","Ghostly Armor"],"relics":["Burning Blood","Champion Belt","Matryoshka","Toy Ornithopter","Pear","Paper Frog","Nunchaku","Whetstone","Sozu","OrangePellets","Dream Catcher","Enchiridion","Vajra","Bag of Marbles","StrikeDummy","Dead Branch","Astrolabe","Boot","Lizard Tail","Red Skull","Regal Pillow","ClockworkSouvenir"],"acts_visited":["Exordium","TheCity","TheBeyond"],"potions_floor_usage":[30,44],"damage_taken":[{"damage":9.0,"enemies":"Jaw Worm","floor":1.0,"turns":5.0},{"damage":4.0,"enemies":"Cultist","floor":2.0,"turns":3.0},{"damage":13.0,"enemies":"Small Slimes","floor":3.0,"turns":4.0},{"damage":3.0,"enemies":"2 Fungi Beasts","floor":7.0,"turns":5.0},{"damage":26.0,"enemies":"3 Sentries","floor":8.0,"turns":6.0},{"damage":6.0,"enemies":"Gremlin Nob","floor":10.0,"turns":3.0},{"damage":9.0,"enemies":"3 Louse","floor":13.0,"turns":3.0},{"damage":14.0,"enemies":"Lagavulin","floor":14.0,"turns":8.0},{"damage":28.0,"enemies":"Hexaghost","floor":16.0,"turns":11.0},{"damage":19.0,"enemies":"3 Byrds","floor":18.0,"turns":5.0},{"damage":17,"enemies":"Shell Parasite","floor":20,"turns":5},{"damage":3,"enemies":"3 Cultists","floor":21,"turns":4},{"damage":57,"enemies":"Slavers","floor":24,"turns":5},{"damage":20,"enemies":"Gremlin Leader","floor":28,"turns":6},{"damage":16,"enemies":"Slavers","floor":30,"turns":4},{"damage":14,"enemies":"Centurion and Healer","floor":31,"turns":4},{"damage":36,"enemies":"Collector","floor":33,"turns":9},{"damage":12,"enemies":"3 Shapes","floor":35,"turns":8},{"damage":12,"enemies":"Orb Walker","floor":37,"turns":3},{"damage":31,"enemies":"Sphere and 2 Shapes","floor":38,"turns":3},{"damage":15,"enemies":"Writhing Mass","floor":39,"turns":3},{"damage":37,"enemies":"Reptomancer","floor":40,"turns":4},{"damage":19,"enemies":"Mind Bloom Boss Battle","floor":41,"turns":9},{"damage":27,"enemies":"Giant Head","floor":42,"turns":4},{"damage":36,"enemies":"Reptomancer","floor":44,"turns":3},{"damage":6,"enemies":"4 Shapes","floor":45,"turns":7},{"damage":0,"enemies":"Maw","floor":47,"turns":4},{"damage":18,"enemies":"Time Eater","floor":50,"turns":9},{"damage":51,"enemies":"Donu and Deca","floor":51,"turns":4}],"seed_played":"6781008166550226299","potions_obtained":[{"floor":3.0,"key":"Regen Potion"},{"floor":8.0,"key":"Fire Potion"},{"floor":16.0,"key":"DuplicationPotion"}],"is_trial":false,"path_per_floor":["M","M","M","?","$","R","M","E","T","E","$","R","M","E","R","B",null,"M","?","M","M","$","R","E","?","T","R","E","?","E","M","R","B",null,"M","$","M","M","M","E","?","E","T","E","M","$","M","?","R","B","B"],"character_chosen":"IRONCLAD","items_purchased":["Feed","Champion Belt","Matryoshka","Disarm","Feel No Pain","Thunderclap","OrangePellets","ClockworkSouvenir","Disarm"],"campfire_rested":2,"item_purchase_floors":[0,0,0,0,5,11,22,46,46],"current_hp_per_floor":[68,73,69,69,69,69,76,71,81,85,85,85,86,82,82,60,98,89,89,82,89,89,89,42,21,21,58,48,48,43,39,79,53,117,111,111,105,84,75,44,31,10,10,59,63,63,69,69,69,57,6,6],"gold":205,"neow_bonus":"","is_daily":false,"chose_seed":false,"campfire_upgraded":4,"win_rate":0.0,"timestamp":1612990905,"path_taken":["M","M","M","?","?","R","?","E","T","E","$","R","M","E","R","BOSS","M","?","M","M","$","R","E","?","T","R","E","?","E","M","R","BOSS","M","$","M","M","M","E","?","E","T","E","M","$","M","?","R","BOSS","BOSS"],"items_purchased_type":["Card","Relic","Relic","Card","Card","Card","Relic","Relic","Card"],"build_version":"2020-12-22","purchased_purges":2,"victory":false,"max_hp_per_floor":[78,81,84,84,84,84,88,88,98,102,102,102,106,110,110,110,110,114,114,118,122,122,122,126,126,126,126,130,130,130,134,134,138,138,138,138,138,142,142,142,142,142,142,142,146,146,146,139,139,139,139,139],"relic_stats":{"Regal Pillow":0,"counters":[50,230],"Dead Branch":[109],"Astrolabe":["Entrench","Second Wind","Fiend Fire"],"Whetstone":["Strike_R","Iron Wave"],"Boot":[6],"Burning Blood":282,"Sozu":7,"OrangePellets":[9],"Nunchaku":[18],"Dream Catcher":2,"Lizard Tail":71,"Champion Belt":[110],"obtain_stats":[{"Darkstone Periapt":24,"Regal Pillow":44,"Vajra":25,"Enchiridion":25,"Mango":9,"Bag of Preparation":0,"Whetstone":14,"Bottled Tornado":8,"Boot":27,"Burning Blood":0,"Old Coin":7,"ClockworkSouvenir":46,"Sozu":17,"Nunchaku":10,"Dream Catcher":24,"Lizard Tail":41,"Shovel":0,"Matryoshka":15,"MealTicket":6,"Necronomicon":21,"Red Skull":42,"Paper Frog":10,"Runic Cube":17,"Pear":9,"Self Forming Clay":26,"Dead Branch":30,"Astrolabe":34,"Pen Nib":0,"MawBank":9,"OrangePellets":22,"CaptainsWheel":23,"Bird Faced Urn":6,"Bronze Scales":26,"Bag of Marbles":26,"Champion Belt":0,"StrikeDummy":28,"Toy Ornithopter":29},{"Darkstone Periapt":20,"Regal Pillow":46,"Vajra":20,"Enchiridion":34,"Mango":11,"Bag of Preparation":7,"Whetstone":29,"Bottled Tornado":11,"Boot":20,"Burning Blood":0,"Old Coin":11,"ClockworkSouvenir":47,"Sozu":30,"Nunchaku":27,"Dream Catcher":34,"Lizard Tail":44,"Shovel":7,"Matryoshka":15,"MealTicket":4,"Necronomicon":18,"Red Skull":45,"Paper Frog":11,"Runic Cube":16,"Pear":26,"Self Forming Clay":20,"Dead Branch":36,"Astrolabe":38,"Pen Nib":0,"MawBank":5,"OrangePellets":33,"CaptainsWheel":19,"Bird Faced Urn":10,"Bronze Scales":20,"Bag of Marbles":34,"Champion Belt":21,"StrikeDummy":35,"Toy Ornithopter":20},{"Darkstone Periapt":78,"Regal Pillow":206,"Vajra":78,"Enchiridion":146,"Mango":43,"Bag of Preparation":29,"Whetstone":116,"Bottled Tornado":43,"Boot":78,"Burning Blood":0,"Old Coin":43,"ClockworkSouvenir":213,"Sozu":127,"Nunchaku":105,"Dream Catcher":146,"Lizard Tail":199,"Shovel":29,"Matryoshka":56,"MealTicket":18,"Necronomicon":73,"Red Skull":203,"Paper Frog":43,"Runic Cube":65,"Pear":102,"Self Forming Clay":78,"Dead Branch":156,"Astrolabe":169,"Pen Nib":0,"MawBank":21,"OrangePellets":141,"CaptainsWheel":74,"Bird Faced Urn":38,"Bronze Scales":78,"Bag of Marbles":146,"Champion Belt":79,"StrikeDummy":152,"Toy Ornithopter":78}],"Toy Ornithopter":10},"card_choices":[{"not_picked":["Perfected Strike","Searing Blow"],"picked":"Iron Wave","floor":1.0},{"not_picked":["Anger","Iron Wave"],"picked":"Fire Breathing","floor":2.0},{"not_picked":["Hemokinesis","Heavy Blade"],"picked":"Armaments","floor":3.0},{"not_picked":["Dual Wield","Feed"],"picked":"Inflame","floor":7.0},{"not_picked":["Armaments","Anger"],"picked":"Sword Boomerang","floor":8.0},{"not_picked":["Second Wind","Thunderclap"],"picked":"Battle Trance","floor":10.0},{"not_picked":["True Grit","Rupture"],"picked":"Shockwave","floor":13.0},{"not_picked":["Twin Strike","Seeing Red"],"picked":"Shrug It Off","floor":14.0},{"not_picked":["Bludgeon","Barricade"],"picked":"Demon Form","floor":16.0},{"not_picked":["Armaments","Havoc","Anger"],"picked":"SKIP","floor":18.0},{"not_picked":["Thunderclap","Warcry"],"picked":"Body Slam+1","floor":20},{"not_picked":["Havoc+1","Body Slam"],"picked":"Flame Barrier","floor":21},{"not_picked":["Twin Strike","Iron Wave"],"picked":"Bloodletting","floor":24},{"not_picked":["Twin Strike","Iron Wave"],"picked":"Pummel+1","floor":27},{"not_picked":["Warcry","Hemokinesis"],"picked":"Seeing Red","floor":28},{"not_picked":["True Grit","Perfected Strike"],"picked":"Burning Pact","floor":30},{"not_picked":["Cleave","Combust"],"picked":"Spot Weakness+1","floor":31},{"not_picked":["Flex","Body Slam"],"picked":"Exhume","floor":32},{"not_picked":["Limit Break","Juggernaut"],"picked":"Offering","floor":33},{"not_picked":["True Grit","Headbutt"],"picked":"Pommel Strike+1","floor":35},{"not_picked":["Ghostly Armor","Havoc"],"picked":"Sentinel","floor":37},{"not_picked":["Evolve","Dual Wield"],"picked":"Feel No Pain","floor":38},{"not_picked":["Reckless Charge","Pummel","Searing Blow"],"picked":"SKIP","floor":39},{"not_picked":["Flex","Feed","Metallicize"],"picked":"SKIP","floor":40},{"not_picked":["Reckless Charge+1","Rampage"],"picked":"Sword Boomerang+1","floor":41},{"not_picked":["Sword Boomerang+1","Rampage","Metallicize"],"picked":"SKIP","floor":42},{"not_picked":["Warcry","Spot Weakness","Hemokinesis"],"picked":"SKIP","floor":44},{"not_picked":["Spot Weakness+1","Sever Soul","Searing Blow"],"picked":"SKIP","floor":45},{"not_picked":["Bloodletting","Sword Boomerang"],"picked":"Ghostly Armor","floor":47}],"player_experience":1049170,"relics_obtained":[{"floor":8.0,"key":"Toy Ornithopter"},{"floor":9.0,"key":"Pear"},{"floor":9.0,"key":"Paper Frog"},{"floor":10.0,"key":"Nunchaku"},{"floor":14.0,"key":"Whetstone"},{"floor":24,"key":"Dream Catcher"},{"floor":25,"key":"Enchiridion"},{"floor":26,"key":"Vajra"},{"floor":26,"key":"Bag of Marbles"},{"floor":28,"key":"StrikeDummy"},{"floor":30,"key":"Dead Branch"},{"floor":40,"key":"Boot"},{"floor":41,"key":"Lizard Tail"},{"floor":42,"key":"Red Skull"},{"floor":44,"key":"Regal Pillow"}],"event_choices":[{"damage_healed":0.0,"max_hp_gain":0.0,"max_hp_loss":0.0,"gold_gain":0.0,"event_name":"Living Wall","player_choice":"Grow","floor":4.0,"gold_loss":0.0,"damage_taken":0.0,"cards_upgraded":["Armaments"]},{"damage_healed":0,"gold_gain":0,"player_choice":"Obtained Book","damage_taken":21,"max_hp_gain":0,"max_hp_loss":0,"event_name":"Cursed Tome","floor":25,"gold_loss":0},{"damage_healed":0,"gold_gain":0,"player_choice":"Read","damage_taken":0,"max_hp_gain":0,"max_hp_loss":0,"event_name":"The Library","floor":29,"gold_loss":0,"cards_obtained":["Double Tap"]},{"damage_healed":0,"gold_gain":0,"player_choice":"Fight","damage_taken":0,"max_hp_gain":0,"max_hp_loss":0,"event_name":"MindBloom","floor":41,"gold_loss":0},{"damage_healed":0,"gold_gain":0,"player_choice":"Max HP","damage_taken":0,"max_hp_gain":0,"max_hp_loss":7,"event_name":"Winding Halls","floor":48,"gold_loss":0}],"is_beta":false,"boss_relics":[{"not_picked":["Runic Cube","Mark of Pain"],"picked":"Sozu"},{"not_picked":["Cursed Key","SlaversCollar"],"picked":"Astrolabe"}],"items_purged_floors":[0,46],"is_endless":false,"potions_floor_spawned":[3,8,16,20,24,33,37,38,41,44],"killed_by":"Donu and Deca","ascension_level":20}}