{"host":"xsuxkwaivmtd234a","time":1612995776,"event":{"mods":["BaseMod","Colored Map","Filter the Spire","Minty Spire (QoL Compilation)","Relic Stats","StSLib"],"gold_per_floor":[13,30,40,57,34,64,64,76,99,111,138,138,173,184,184,285,285,296,296,221,3,14,14,49,49,131,83,94,129,228,258,258,360,360,376,376,376,386,5,5,5],"floor_reached":40,"language":"ENG","playtime":2163,"items_purged":["Strike_R"],"score":636,"play_id":"8060f99c-d25b-462b-9d6f-2d69e89ba82f","local_time":"20210210172256","is_ascension_mode":true,"campfire_choices":[{"data":"Limit Break","floor":7.0,"key":"SMITH"},{"data":"Flex","floor":12.0,"key":"SMITH"},{"data":"Limit Break","floor":15.0,"key":"SMITH"},{"data":"Power Through","floor":23.0,"key":"SMITH"},{"data":"Entrench","floor":25.0,"key":"SMITH"},{"floor":32.0,"key":"REST"}],"circlet_count":0,"master_deck":["Strike_R","Defend_R","Defend_R","Defend_R","Defend_R","Bash","Cleave","Spot Weakness","Pommel Strike","Thunderclap","Limit Break+1","Wild Strike","Sword Boomerang","Flex+1","Anger","Dropkick","Corruption","Entrench+1","Limit Break+1","Feel No Pain","Barricade","Feel No Pain","Shrug It Off+1","Power Through+1","True Grit+1","Havoc+1","Impervious+1","Body Slam","Body Slam","Dropkick+1","Feed","True Grit+1","Clothesline+1","Dual Wield+1","Fiend Fire","Anger+1","Shrug It Off+1","Spot Weakness+1"],"relics":["Burning Blood","Prayer Wheel","Centennial Puzzle","Anchor","MealTicket","Omamori","Empty Cage","Shuriken","Lee\u0027s Waffle","Vajra","Toxic Egg 2","Bag of Preparation","Matryoshka","Calling Bell","Boot","Pantograph","Du-Vu Doll","OrangePellets","Bronze Scales"],"acts_visited":["Exordium","TheCity","TheBeyond"],"potions_floor_usage":[40],"damage_taken":[{"damage":1.0,"enemies":"Cultist","floor":1.0,"turns":3.0},{"damage":12.0,"enemies":"Jaw Worm","floor":2.0,"turns":2.0},{"damage":2.0,"enemies":"2 Louse","floor":3.0,"turns":2.0},{"damage":13.0,"enemies":"Exordium Wildlife","floor":4.0,"turns":4.0},{"damage":10.0,"enemies":"Gremlin Nob","floor":6.0,"turns":3.0},{"damage":0.0,"enemies":"3 Louse","floor":8.0,"turns":1.0},{"damage":0.0,"enemies":"Gremlin Gang","floor":10.0,"turns":3.0},{"damage":15.0,"enemies":"3 Sentries","floor":11.0,"turns":4.0},{"damage":40.0,"enemies":"Lagavulin","floor":13.0,"turns":6.0},{"damage":0.0,"enemies":"Blue Slaver","floor":14.0,"turns":2.0},{"damage":43.0,"enemies":"Slime Boss","floor":16.0,"turns":13.0},{"damage":2.0,"enemies":"Chosen","floor":18.0,"turns":4.0},{"damage":20.0,"enemies":"Shell Parasite","floor":22.0,"turns":4.0},{"damage":45.0,"enemies":"Slavers","floor":24.0,"turns":6.0},{"damage":4.0,"enemies":"Centurion and Healer","floor":28.0,"turns":6.0},{"damage":41.0,"enemies":"Gremlin Leader","floor":29.0,"turns":8.0},{"damage":39.0,"enemies":"Slavers","floor":31.0,"turns":5.0},{"damage":22.0,"enemies":"Automaton","floor":33.0,"turns":8.0},{"damage":38.0,"enemies":"Orb Walker","floor":35.0,"turns":5.0},{"damage":29.0,"enemies":"3 Darklings","floor":38.0,"turns":4.0},{"damage":63,"enemies":"Reptomancer","floor":40,"turns":7}],"seed_played":"-6939574280680642813","potions_obtained":[{"floor":2.0,"key":"SteroidPotion"},{"floor":3.0,"key":"Strength Potion"},{"floor":6.0,"key":"Weak Potion"},{"floor":8.0,"key":"BloodPotion"},{"floor":13.0,"key":"BloodPotion"},{"floor":14.0,"key":"EntropicBrew"},{"floor":22.0,"key":"FearPotion"},{"floor":24.0,"key":"Energy Potion"},{"floor":31.0,"key":"BloodPotion"},{"floor":38.0,"key":"EssenceOfSteel"}],"is_trial":false,"path_per_floor":["M","M","M","M","$","E","R","M","T","M","E","R","E","M","R","B",null,"M","?","?","$","M","R","E","R","T","$","M","E","?","E","R","B",null,"M","?","?","M","$","E"],"character_chosen":"IRONCLAD","items_purchased":["Wild Strike","Lee\u0027s Waffle","Havoc+1","OrangePellets","Bronze Scales","Shrug It Off+1","Spot Weakness+1"],"campfire_rested":1,"item_purchase_floors":[5,21,27,39,39,39,39],"current_hp_per_floor":[80,74,78,71,71,67,67,73,73,79,70,70,36,58,58,21,65,69,69,69,87,73,73,68,68,68,83,85,50,50,17,43,27,72,40,40,40,34,49,0,0],"gold":5,"neow_bonus":"ONE_RARE_RELIC","is_daily":false,"chose_seed":false,"campfire_upgraded":5,"win_rate":0.0,"timestamp":1612995776,"path_taken":["M","M","M","?","?","E","R","M","T","M","E","R","E","M","R","BOSS","M","?","?","?","M","R","E","R","T","$","M","E","?","E","R","BOSS","M","?","?","?","$","E"],"items_purchased_type":["Card","Relic","Card","Relic","Relic","Card","Card"],"build_version":"2020-12-22","purchased_purges":1,"victory":false,"max_hp_per_floor":[80,80,80,80,80,80,80,80,80,80,80,80,80,80,80,80,80,80,80,80,87,87,87,87,87,87,87,87,87,87,87,87,87,87,87,87,87,87,87,87,87],"relic_stats":{"Lee\u0027s Waffle":7,"counters":[21,100],"Bag of Preparation":[10],"Boot":[3],"Burning Blood":115,"OrangePellets":[0],"Centennial Puzzle":[39],"Shuriken":[10],"Pantograph":0,"Bronze Scales":[27],"Prayer Wheel":12,"MealTicket":41,"obtain_stats":[{"Lee\u0027s Waffle":21,"Vajra":24,"Omamori":13,"Bag of Preparation":29,"Empty Cage":17,"Boot":34,"Burning Blood":0,"Calling Bell":34,"Du-Vu Doll":34,"OrangePellets":39,"Centennial Puzzle":6,"Anchor":9,"Matryoshka":31,"Shuriken":19,"Pantograph":34,"Bronze Scales":39,"Prayer Wheel":0,"MealTicket":11,"Toxic Egg 2":26},{"Lee\u0027s Waffle":12,"Vajra":14,"Omamori":9,"Bag of Preparation":16,"Empty Cage":11,"Boot":18,"Burning Blood":0,"Calling Bell":18,"Du-Vu Doll":18,"OrangePellets":20,"Centennial Puzzle":5,"Anchor":6,"Matryoshka":17,"Shuriken":12,"Pantograph":18,"Bronze Scales":20,"Prayer Wheel":0,"MealTicket":8,"Toxic Egg 2":14},{"Lee\u0027s Waffle":47,"Vajra":57,"Omamori":28,"Bag of Preparation":71,"Empty Cage":43,"Boot":84,"Burning Blood":0,"Calling Bell":84,"Du-Vu Doll":84,"OrangePellets":93,"Centennial Puzzle":14,"Anchor":15,"Matryoshka":76,"Shuriken":47,"Pantograph":84,"Bronze Scales":93,"Prayer Wheel":0,"MealTicket":22,"Toxic Egg 2":57}]},"card_choices":[{"not_picked":["Flex","Searing Blow"],"picked":"Cleave","floor":1.0},{"not_picked":["Infernal Blade","Body Slam","Dropkick"],"picked":"SKIP","floor":1.0},{"not_picked":["Reckless Charge","Anger"],"picked":"Spot Weakness","floor":2.0},{"not_picked":["Heavy Blade","Whirlwind"],"picked":"Pommel Strike","floor":2.0},{"not_picked":["True Grit","Cleave"],"picked":"Thunderclap","floor":3.0},{"not_picked":["Blood for Blood","Wild Strike","Perfected Strike"],"picked":"SKIP","floor":3.0},{"not_picked":["Evolve","Sever Soul"],"picked":"Limit Break","floor":4.0},{"not_picked":["True Grit","Evolve","Warcry"],"picked":"SKIP","floor":4.0},{"not_picked":["Armaments","Twin Strike"],"picked":"Sword Boomerang","floor":6.0},{"not_picked":["Metallicize","Heavy Blade"],"picked":"Flex","floor":8.0},{"not_picked":["Combust","Thunderclap"],"picked":"Anger","floor":8.0},{"not_picked":["Flex","Pummel"],"picked":"Dropkick","floor":10.0},{"not_picked":["Armaments","Pommel Strike","Heavy Blade"],"picked":"SKIP","floor":10.0},{"not_picked":["Dark Embrace","Headbutt"],"picked":"Corruption","floor":11.0},{"not_picked":["Iron Wave","Thunderclap"],"picked":"Entrench","floor":13.0},{"not_picked":["True Grit","Bloodletting"],"picked":"Limit Break","floor":14.0},{"not_picked":["Uppercut","Metallicize"],"picked":"Feel No Pain","floor":14.0},{"not_picked":["Limit Break","Bludgeon"],"picked":"Barricade","floor":16.0},{"not_picked":["Rampage","Reckless Charge"],"picked":"Feel No Pain","floor":18.0},{"not_picked":["Sword Boomerang","Rupture","Sever Soul"],"picked":"SKIP","floor":18.0},{"not_picked":["Armaments","Body Slam"],"picked":"Shrug It Off+1","floor":22.0},{"not_picked":["Spot Weakness+1","Iron Wave"],"picked":"Power Through","floor":22.0},{"not_picked":["Body Slam","Armaments"],"picked":"True Grit+1","floor":24.0},{"not_picked":["Whirlwind","Thunderclap"],"picked":"Impervious+1","floor":28.0},{"not_picked":["Wild Strike","Armaments+1"],"picked":"Body Slam","floor":28.0},{"not_picked":["Clothesline","Uppercut"],"picked":"Body Slam","floor":29.0},{"not_picked":["Armaments+1","Clothesline"],"picked":"Dropkick+1","floor":31.0},{"not_picked":["Barricade","Double Tap+1"],"picked":"Feed","floor":33.0},{"not_picked":["Sword Boomerang+1","Pummel+1"],"picked":"True Grit+1","floor":35.0},{"not_picked":["Heavy Blade","Perfected Strike"],"picked":"Clothesline+1","floor":35.0},{"not_picked":["Cleave+1","Blood for Blood"],"picked":"Fiend Fire","floor":38.0},{"not_picked":["Wild Strike+1","Perfected Strike+1"],"picked":"Anger+1","floor":38.0}],"player_experience":1230677,"relics_obtained":[{"floor":6.0,"key":"Centennial Puzzle"},{"floor":9.0,"key":"Anchor"},{"floor":11.0,"key":"MealTicket"},{"floor":13.0,"key":"Omamori"},{"floor":24.0,"key":"Vajra"},{"floor":26.0,"key":"Toxic Egg 2"},{"floor":29.0,"key":"Bag of Preparation"},{"floor":31.0,"key":"Matryoshka"},{"floor":34.0,"key":"Boot"},{"floor":34.0,"key":"Pantograph"},{"floor":34.0,"key":"Du-Vu Doll"}],"event_choices":[{"damage_healed":0.0,"max_hp_gain":0.0,"max_hp_loss":0.0,"gold_gain":0.0,"event_name":"The Mausoleum","player_choice":"Opened","floor":19.0,"gold_loss":0.0,"damage_taken":0.0,"relics_obtained":["Shuriken"],"cards_obtained":["Writhe"]},{"cards_removed":["Strike_R"],"damage_healed":0.0,"max_hp_gain":0.0,"max_hp_loss":0.0,"gold_gain":0.0,"event_name":"Beggar","player_choice":"Gave Gold","floor":20.0,"gold_loss":75.0,"damage_taken":0.0},{"damage_healed":0.0,"max_hp_gain":0.0,"max_hp_loss":0.0,"gold_gain":99.0,"event_name":"Nest","player_choice":"Stole From Cult","floor":30.0,"gold_loss":0.0,"damage_taken":0.0},{"damage_healed":0.0,"max_hp_gain":0.0,"max_hp_loss":0.0,"gold_gain":0.0,"event_name":"The Moai Head","player_choice":"Ignored","floor":36.0,"gold_loss":0.0,"damage_taken":0.0},{"damage_healed":0.0,"max_hp_gain":0.0,"max_hp_loss":0.0,"gold_gain":0.0,"event_name":"Match and Keep!","player_choice":"1 cards matched","floor":37.0,"gold_loss":0.0,"damage_taken":0.0,"cards_obtained":["Dual Wield"]}],"is_beta":false,"boss_relics":[{"not_picked":["Tiny House","Black Blood"],"picked":"Empty Cage"},{"not_picked":["Pandora\u0027s Box","SlaversCollar"],"picked":"Calling Bell"}],"items_purged_floors":[21],"is_endless":false,"potions_floor_spawned":[2,3,6,8,13,14,22,24,31,38],"killed_by":"Reptomancer","ascension_level":5}}