{"host":"c97twqu0op5dg8i4","time":1612943860,"event":{"mods":["AchievementEnabler","BaseMod","Colored Map","Minty Spire (QoL Compilation)","Permanent Neow"],"gold_per_floor":[117,117,32,44,44,75,95,95,120,120,146,160,179,179,179,281,281,298,213,114,39,57,76,76,106,106,126,126,143,143,163,163,259,259,272,285,285,296,296,296,307,324,377,377,377],"floor_reached":44,"language":"ENG","playtime":1455,"items_purged":["Strike_G"],"score":724,"play_id":"55f0bb8c-ff4e-47af-85c8-876967f96bd7","local_time":"20210210025740","is_ascension_mode":true,"campfire_choices":[{"data":"Catalyst","floor":8,"key":"SMITH"},{"data":"Noxious Fumes","floor":10,"key":"SMITH"},{"floor":15,"key":"REST"},{"data":"Deadly Poison","floor":24,"key":"SMITH"},{"floor":30,"key":"REST"},{"data":"Bouncing Flask","floor":32,"key":"SMITH"},{"floor":40,"key":"REST"}],"circlet_count":0,"master_deck":["AscendersBane","Strike_G+1","Defend_G","Defend_G","Defend_G","Defend_G","Survivor","Neutralize","Dagger Spray+1","Catalyst+1","Leg Sweep+1","Backflip+1","Bouncing Flask+1","Noxious Fumes+1","Deadly Poison+1","Poisoned Stab","Deadly Poison","Bullet Time","Deadly Poison","Dash+1","Deflect+1","Choke+1"],"relics":["Ring of the Snake","War Paint","Art of War","Anchor","Bag of Marbles","Busted Crown","Ancient Tea Set","Whetstone","Blood Vial","Astrolabe","Bag of Preparation"],"acts_visited":["Exordium","TheCity","TheBeyond"],"potions_floor_usage":[18,25,33,42],"damage_taken":[{"damage":3,"enemies":"Small Slimes","floor":1,"turns":4},{"damage":3,"enemies":"2 Louse","floor":4,"turns":3},{"damage":12,"enemies":"Lagavulin","floor":6,"turns":7},{"damage":6,"enemies":"Cultist","floor":7,"turns":3},{"damage":31,"enemies":"Gremlin Nob","floor":11,"turns":5},{"damage":0,"enemies":"Large Slime","floor":12,"turns":6},{"damage":0,"enemies":"Blue Slaver","floor":13,"turns":4},{"damage":4,"enemies":"Hexaghost","floor":16,"turns":6},{"damage":9,"enemies":"3 Byrds","floor":18,"turns":6},{"damage":2,"enemies":"Chosen","floor":22,"turns":4},{"damage":0,"enemies":"Snecko","floor":23,"turns":3},{"damage":24,"enemies":"Gremlin Leader","floor":25,"turns":5},{"damage":0,"enemies":"Shelled Parasite and Fungi","floor":27,"turns":2},{"damage":7,"enemies":"3 Cultists","floor":29,"turns":6},{"damage":0,"enemies":"Centurion and Healer","floor":31,"turns":5},{"damage":50,"enemies":"Automaton","floor":33,"turns":9},{"damage":0,"enemies":"3 Shapes","floor":35,"turns":5},{"damage":2,"enemies":"Orb Walker","floor":36,"turns":4},{"damage":37,"enemies":"Transient","floor":38,"turns":5},{"damage":28,"enemies":"Writhing Mass","floor":41,"turns":5},{"damage":12,"enemies":"Jaw Worm Horde","floor":42,"turns":5},{"damage":18,"enemies":"Spire Growth","floor":44,"turns":3}],"seed_played":"504256031725131617","potions_obtained":[{"floor":1,"key":"Weak Potion"},{"floor":12,"key":"Block Potion"},{"floor":16,"key":"Block Potion"},{"floor":23,"key":"BlessingOfTheForge"},{"floor":25,"key":"Strength Potion"},{"floor":33,"key":"PowerPotion"},{"floor":42,"key":"Energy Potion"}],"is_trial":false,"path_per_floor":["M","?","$","M","?","E","M","R","T","R","E","M","M","?","R","B",null,"M","?","$","?","M","M","R","E","T","M","T","M","R","M","R","B",null,"M","M","?","M","?","R","M","M","T","M"],"character_chosen":"THE_SILENT","items_purchased":["Leg Sweep","Backflip","Deadly Poison"],"campfire_rested":3,"item_purchase_floors":[3,3,20],"current_hp_per_floor":[60,60,60,57,57,45,39,39,39,39,8,8,8,8,29,25,59,50,50,50,50,48,48,48,24,24,24,24,19,40,42,42,37,62,64,64,64,29,29,50,24,14,14,0,0],"gold":377,"neow_bonus":"THREE_CARDS","is_daily":false,"chose_seed":false,"campfire_upgraded":4,"win_rate":0.0,"timestamp":1612943860,"path_taken":["M","?","$","M","?","E","M","R","T","R","E","?","M","?","R","BOSS","M","?","$","?","M","M","R","E","T","M","?","M","R","M","R","BOSS","M","M","?","?","?","R","?","M","T","M"],"items_purchased_type":["Card","Card","Card"],"build_version":"2020-12-22","purchased_purges":1,"victory":false,"max_hp_per_floor":[70,70,70,70,70,70,70,70,70,70,70,70,70,70,70,70,70,70,70,70,70,70,70,70,70,70,70,70,70,70,70,70,70,70,70,70,70,70,70,70,70,70,70,70,70],"card_choices":[{"not_picked":["Dodge and Roll","Acrobatics"],"picked":"Dagger Spray","floor":0},{"not_picked":["Flying Knee","PiercingWail"],"picked":"Catalyst","floor":1},{"not_picked":["Cloak And Dagger","Escape Plan"],"picked":"Bouncing Flask","floor":4},{"not_picked":["Leg Sweep","Heel Hook"],"picked":"Noxious Fumes","floor":6},{"not_picked":["Setup","Underhanded Strike"],"picked":"Deadly Poison","floor":7},{"not_picked":["Envenom","Slice","Finisher"],"picked":"SKIP","floor":11},{"not_picked":["Underhanded Strike","Choke"],"picked":"Poisoned Stab","floor":12},{"not_picked":["Underhanded Strike","Sucker Punch"],"picked":"Deadly Poison","floor":13},{"not_picked":["Phantasmal Killer","A Thousand Cuts"],"picked":"Bullet Time","floor":16},{"not_picked":["Terror+1"],"picked":"SKIP","floor":18},{"not_picked":["Flying Knee"],"picked":"SKIP","floor":22},{"not_picked":["Setup"],"picked":"SKIP","floor":23},{"not_picked":["Setup+1"],"picked":"SKIP","floor":25},{"not_picked":["Outmaneuver+1"],"picked":"SKIP","floor":27},{"not_picked":["Concentrate+1"],"picked":"SKIP","floor":29},{"not_picked":["Backflip"],"picked":"SKIP","floor":31},{"not_picked":["Cloak And Dagger"],"picked":"SKIP","floor":35},{"not_picked":["Expertise"],"picked":"SKIP","floor":36},{"not_picked":["Concentrate"],"picked":"SKIP","floor":38},{"not_picked":["Bane"],"picked":"SKIP","floor":41},{"not_picked":["Finisher+1"],"picked":"SKIP","floor":42}],"player_experience":359999,"relics_obtained":[{"floor":6,"key":"Art of War"},{"floor":9,"key":"Anchor"},{"floor":11,"key":"Bag of Marbles"},{"floor":25,"key":"Whetstone"},{"floor":28,"key":"Blood Vial"},{"floor":43,"key":"Bag of Preparation"}],"event_choices":[{"damage_healed":0,"gold_gain":0,"player_choice":"Leave","damage_taken":0,"max_hp_gain":0,"max_hp_loss":0,"event_name":"The Cleric","floor":2,"gold_loss":0},{"damage_healed":0,"gold_gain":0,"player_choice":"Gave Potion","damage_taken":0,"relics_obtained":["War Paint"],"max_hp_gain":0,"max_hp_loss":0,"event_name":"WeMeetAgain","floor":5,"gold_loss":0},{"damage_healed":0,"gold_gain":0,"player_choice":"Ignored","damage_taken":0,"max_hp_gain":0,"max_hp_loss":0,"event_name":"Liars Game","floor":14,"gold_loss":0},{"damage_healed":0,"gold_gain":0,"player_choice":"Obtained Relic","damage_taken":0,"relics_obtained":["Ancient Tea Set"],"max_hp_gain":0,"max_hp_loss":0,"event_name":"Addict","floor":19,"gold_loss":85},{"cards_removed":["Strike_G"],"damage_healed":0,"gold_gain":0,"player_choice":"Gave Gold","damage_taken":0,"max_hp_gain":0,"max_hp_loss":0,"event_name":"Beggar","floor":21,"gold_loss":75},{"damage_healed":0,"gold_gain":0,"player_choice":"0 cards matched","damage_taken":0,"max_hp_gain":0,"max_hp_loss":0,"event_name":"Match and Keep!","floor":37,"gold_loss":0,"cards_obtained":[]},{"damage_healed":0,"gold_gain":0,"player_choice":"Ignored","damage_taken":0,"max_hp_gain":0,"max_hp_loss":0,"event_name":"SecretPortal","floor":39,"gold_loss":0}],"is_beta":false,"boss_relics":[{"not_picked":["Cursed Key","Ectoplasm"],"picked":"Busted Crown"},{"not_picked":["Velvet Choker","Black Star"],"picked":"Astrolabe"}],"items_purged_floors":[20],"is_endless":false,"potions_floor_spawned":[1,12,16,23,25,29,33,36,41,42],"killed_by":"Spire Growth","ascension_level":11}}