{"host":"vumwfieg2b2mnrfl","time":1612931101,"event":{"mods":["AchievementEnabler","BaseMod","Minty Spire (QoL Compilation)","Rare Cards Sparkle","Relic Stats"],"gold_per_floor":[365,382,394,413,432,466,482,482,506,79,79,79,79,79],"floor_reached":13,"language":"ENG","playtime":450,"items_purged":["Strike_R"],"score":174,"play_id":"44bbf522-d1e2-422e-9821-6fe0b6b7df5b","local_time":"20210209222501","is_ascension_mode":true,"campfire_choices":[{"floor":8.0,"key":"REST"},{"data":"HandOfGreed","floor":11.0,"key":"SMITH"}],"circlet_count":0,"master_deck":["AscendersBane","Strike_R","Strike_R","Strike_R","Strike_R","Defend_R","Defend_R","Defend_R","Defend_R","Bash","Spot Weakness","Clash","Dual Wield","Battle Trance","Sword Boomerang","Shrug It Off","HandOfGreed+1"],"relics":["Burning Blood","Self Forming Clay","Smiling Mask","HandDrill"],"acts_visited":["Exordium"],"potions_floor_usage":[13],"damage_taken":[{"damage":6.0,"enemies":"Cultist","floor":1.0,"turns":3.0},{"damage":8.0,"enemies":"2 Louse","floor":2.0,"turns":4.0},{"damage":4.0,"enemies":"Jaw Worm","floor":3.0,"turns":4.0},{"damage":12.0,"enemies":"Looter","floor":4.0,"turns":3.0},{"damage":13.0,"enemies":"Red Slaver","floor":5.0,"turns":3.0},{"damage":50.0,"enemies":"3 Sentries","floor":6.0,"turns":12.0},{"damage":6.0,"enemies":"Exordium Wildlife","floor":7.0,"turns":3.0},{"damage":32,"enemies":"Lagavulin","floor":13,"turns":8}],"seed_played":"2218939656207334076","potions_obtained":[{"floor":1.0,"key":"Ancient Potion"},{"floor":4.0,"key":"Weak Potion"}],"is_trial":false,"path_per_floor":["M","M","M","M","M","E","M","R","T","$","R","?","E"],"character_chosen":"IRONCLAD","items_purchased":["HandDrill","Shrug It Off","HandOfGreed"],"campfire_rested":1,"item_purchase_floors":[10,10,10],"current_hp_per_floor":[68,66,68,62,55,11,11,31,31,31,31,31,0,0],"gold":79,"neow_bonus":"TWO_FIFTY_GOLD","is_daily":false,"chose_seed":false,"campfire_upgraded":1,"win_rate":0.0,"timestamp":1612931101,"path_taken":["M","M","M","M","?","E","M","R","T","$","R","?","E"],"items_purchased_type":["Relic","Card","Card"],"build_version":"2020-12-22","purchased_purges":1,"victory":false,"max_hp_per_floor":[68,68,68,68,68,68,68,68,68,68,68,68,68,68],"relic_stats":{"counters":[8,40],"Self Forming Clay":[9],"HandDrill":[4],"Smiling Mask":25,"obtain_stats":[{"Self Forming Clay":6,"HandDrill":10,"Smiling Mask":9,"Burning Blood":0},{"Self Forming Clay":6,"HandDrill":7,"Smiling Mask":7,"Burning Blood":0},{"Self Forming Clay":29,"HandDrill":32,"Smiling Mask":32,"Burning Blood":0}],"Burning Blood":42},"card_choices":[{"not_picked":["Clash","Perfected Strike"],"picked":"Spot Weakness","floor":1.0},{"not_picked":["Sentinel","Entrench"],"picked":"Clash","floor":2.0},{"not_picked":["Clash","Anger"],"picked":"Dual Wield","floor":3.0},{"not_picked":["Rage","Intimidate","Havoc"],"picked":"SKIP","floor":4.0},{"not_picked":["Clash","Carnage"],"picked":"Battle Trance","floor":5.0},{"not_picked":["Rupture","Sever Soul"],"picked":"Sword Boomerang","floor":6.0},{"not_picked":["Anger","Seeing Red","Carnage"],"picked":"SKIP","floor":7.0}],"player_experience":542650,"relics_obtained":[{"floor":6.0,"key":"Self Forming Clay"},{"floor":9.0,"key":"Smiling Mask"}],"event_choices":[{"damage_healed":0.0,"max_hp_gain":0.0,"max_hp_loss":0.0,"gold_gain":0.0,"event_name":"Scrap Ooze","player_choice":"Fled","floor":12.0,"gold_loss":0.0,"damage_taken":0.0}],"is_beta":false,"boss_relics":[],"items_purged_floors":[10],"is_endless":false,"potions_floor_spawned":[1,4,5,6],"killed_by":"Lagavulin","ascension_level":20}}