{"host":"0rxdudjy6rylha1k","time":1612932648,"event":{"mods":["Aspiration","BaseMod","Colored Map","Colored Powertips","Downfall","Highlight Path","Hubris","Minty Spire (QoL Compilation)","StSLib"],"gold_per_floor":[99,113,129,139,139,166,189,208,228,18,18,18,18,3,19,122,122,22,22,33,48,48,83,164,164,3,16,16,29,29,29,47,146,146,146,165,183,4,24,24,50,50,74,93,93,93,93,11,11,11],"floor_reached":51,"language":"ENG","playtime":7356,"items_purged":[],"score":1026,"play_id":"33b6c5f9-d244-4dc6-88e7-8cf137cea655","local_time":"20210209215048","is_ascension_mode":true,"campfire_choices":[{"floor":1.0,"key":"RECALL"},{"floor":13.0,"key":"REST"},{"data":"Guardian:Orbwalk","floor":18.0,"key":"SMITH"},{"floor":25.0,"key":"REST"},{"floor":28.0,"key":"REST"},{"data":"Guardian:Preprogram","floor":30.0,"key":"SMITH"},{"data":"Guardian:PrismaticBarrier","floor":35.0,"key":"SMITH"},{"data":"Guardian:PrismaticBeam","floor":40.0,"key":"SMITH"},{"data":"Guardian:Orbwalk","floor":42.0,"key":"SMITH"},{"floor":45,"key":"REST"},{"data":"Guardian:Orbwalk","floor":47,"key":"SMITH"},{"data":"Guardian:BronzeArmor","floor":49,"key":"SMITH"}],"circlet_count":0,"master_deck":["AscendersBane","Guardian:Strike_Guardian","Guardian:Strike_Guardian","Guardian:Strike_Guardian","Guardian:Defend_Guardian","Guardian:Defend_Guardian+1","Guardian:Defend_Guardian","Guardian:Defend_Guardian","Guardian:CurlUp+1","Guardian:TwinSlam","Guardian:Orbwalk+1","Guardian:PrismaticBeam+1","Guardian:SentryBeam","Guardian:StasisStrike","Guardian:Orbwalk+1","Guardian:TemporalStrike","Guardian:PrismaticBarrier+1","Guardian:Orbwalk+1","Guardian:Preprogram+1","Armaments+1","CurseOfTheBell","Guardian:RevengeProtocol","Bloodletting","Guardian:SpikerProtocol","Guardian:PiercingHide+1","Guardian:DecasProtection+1","Guardian:BronzeArmor+1"],"relics":["Guardian:ModeShifter","Guardian:SackOfGems","hubris:SlimyHat","Bronze Scales","MealTicket","aspiration:IroncladSkillbook","downfall:HeartBlessingRed","downfall:KnowingSkull","Bag of Marbles","Mummified Hand","Guardian:BottledStasis","Calling Bell","hubris:TenFootPole","Kunai","hubris:Potato","Pen Nib","champ:DuelingGlove","War Paint"],"acts_visited":["Exordium","TheCity","TheBeyond"],"potions_floor_usage":[50,50,50],"damage_taken":[{"damage":8.0,"enemies":"Jaw Worm","floor":2.0,"turns":4.0},{"damage":5.0,"enemies":"2 Louse","floor":3.0,"turns":3.0},{"damage":10.0,"enemies":"Cultist","floor":4.0,"turns":4.0},{"damage":33.0,"enemies":"Gremlin Nob","floor":6.0,"turns":6.0},{"damage":0.0,"enemies":"Lots of Slimes","floor":8.0,"turns":2.0},{"damage":1.0,"enemies":"Red Slaver","floor":9.0,"turns":3.0},{"damage":0.0,"enemies":"downfall:FleeingMerchant","floor":10.0,"turns":4.0},{"damage":0.0,"enemies":"downfall:FleeingMerchant","floor":14.0,"turns":4.0},{"damage":9.0,"enemies":"2 Fungi Beasts","floor":15.0,"turns":3.0},{"damage":42.0,"enemies":"WA_ARCHETYPE_RETAIN","floor":16.0,"turns":11.0},{"damage":15.0,"enemies":"Shell Parasite","floor":20.0,"turns":4.0},{"damage":17.0,"enemies":"Spheric Guardian","floor":21.0,"turns":4.0},{"damage":17.0,"enemies":"Book of Stabbing","floor":23.0,"turns":5.0},{"damage":10.0,"enemies":"downfall:FleeingMerchant","floor":26.0,"turns":4.0},{"damage":15.0,"enemies":"Cultist and Chosen","floor":27.0,"turns":5.0},{"damage":5.0,"enemies":"Snecko","floor":29.0,"turns":4.0},{"damage":0.0,"enemies":"Centurion and Healer","floor":31.0,"turns":1.0},{"damage":6.0,"enemies":"Chosen and Byrds","floor":32.0,"turns":4.0},{"damage":31.0,"enemies":"DF_ARCHETYPE_CLAW","floor":33.0,"turns":6.0},{"damage":1.0,"enemies":"Orb Walker","floor":36.0,"turns":3.0},{"damage":6.0,"enemies":"3 Darklings","floor":37.0,"turns":5.0},{"damage":0.0,"enemies":"downfall:FleeingMerchant","floor":38.0,"turns":3.0},{"damage":23.0,"enemies":"4 Shapes","floor":39.0,"turns":7.0},{"damage":9,"enemies":"Sphere and 2 Shapes","floor":44,"turns":4},{"damage":66,"enemies":"SI_POISON_ARCHETYPE","floor":50,"turns":8}],"seed_played":"8010999010480580409","potions_obtained":[{"floor":3.0,"key":"champ:CounterPotion"},{"floor":6.0,"key":"EntropicBrew"},{"floor":8.0,"key":"DistilledChaos"},{"floor":9.0,"key":"Fire Potion"},{"floor":16.0,"key":"FearPotion"},{"floor":23.0,"key":"Weak Potion"},{"floor":27.0,"key":"hexamod:SoulburnPotion"},{"floor":29.0,"key":"SmokeBomb"},{"floor":37.0,"key":"Guardian:DefensiveModePotion"}],"is_trial":false,"path_per_floor":["R","M","M","M","?","E","T","M","M","$","?","?","R","$","M","B",null,"R","?","M","M","?","E","T","R","$","M","R","M","R","M","M","B",null,"R","M","M","$","M","R","T","R","T","M","R","$","R","$","R","B",null],"character_chosen":"GUARDIAN","items_purchased":["MealTicket","Guardian:TemporalStrike","Guardian:BottledStasis","Pen Nib","champ:DuelingGlove","Guardian:SpikerProtocol","Guardian:BronzeArmor","SkillPotion"],"campfire_rested":4,"item_purchase_floors":[10,10,26,38,38,38,48,48],"current_hp_per_floor":[72,64,59,49,49,16,16,16,15,15,39,39,60,72,63,21,59,59,59,48,35,27,14,14,35,44,33,54,53,53,57,55,28,61,61,64,62,72,53,53,53,53,53,48,69,72,72,72,72,15],"gold":11,"neow_bonus":"ONE_RARE_RELIC","is_daily":false,"chose_seed":false,"campfire_upgraded":7,"win_rate":0.0,"timestamp":1612932648,"path_taken":["R","M","M","M","?","E","T","M","M","$","?","?","R","$","M","BOSS","R","?","?","M","?","E","T","R","$","M","R","?","R","M","M","BOSS","R","M","M","?","M","R","T","R","?","M","R","$","R","$","R","BOSS"],"items_purchased_type":["Relic","Card","Relic","Relic","Relic","Card","Card","Potion"],"build_version":"2020-12-22","purchased_purges":0,"victory":true,"max_hp_per_floor":[72,72,72,72,72,72,72,72,72,72,72,72,72,72,72,72,72,72,72,72,72,72,72,72,72,72,72,72,72,72,72,72,72,72,72,72,72,72,72,72,72,72,72,72,72,72,72,72,72,77],"card_choices":[{"not_picked":["Guardian:WalkerClaw","Guardian:SpikerProtocol"],"picked":"Guardian:Orbwalk","floor":2.0},{"not_picked":["Guardian:ShieldCharger","Guardian:RollAttack"],"picked":"Guardian:PrismaticBeam","floor":3.0},{"not_picked":["Guardian:Planning","Guardian:ShieldCharger"],"picked":"Guardian:SentryBeam","floor":4.0},{"not_picked":["Guardian:EvasiveProtocol","Guardian:ShieldCharger"],"picked":"Guardian:StasisStrike","floor":6.0},{"not_picked":["Guardian:TemporalShield","Guardian:ArmoredProtocol"],"picked":"Guardian:Orbwalk","floor":8.0},{"not_picked":["Guardian:Gem_Yellow","Guardian:Gem_Blue"],"picked":"Guardian:Gem_Crimson","floor":9.0},{"not_picked":["Guardian:Gem_Red","Guardian:Gem_Green"],"picked":"Guardian:Gem_Yellow","floor":10.0},{"not_picked":["Guardian:TemporalShield","Guardian:Gem_Green"],"picked":"Guardian:Orbwalk","floor":14.0},{"not_picked":["Guardian:PrimingBeam","Guardian:Reroute","Guardian:WalkerClaw"],"picked":"SKIP","floor":15.0},{"not_picked":["Guardian:BaubleBeam","Guardian:ConstructionForm"],"picked":"Guardian:Gem_Orange","floor":16.0},{"not_picked":["Entrench","Guardian:VentSteam","Cleave","Rage"],"picked":"SKIP","floor":20.0},{"not_picked":["Guardian:ShieldCharger+1","Guardian:Gem_Lightblue","Carnage","Guardian:PiercingHide"],"picked":"SKIP","floor":21.0},{"not_picked":["Dual Wield","Guardian:RollAttack","Second Wind+1","Flex"],"picked":"SKIP","floor":23.0},{"not_picked":["Guardian:GuardianWhirl","Headbutt+1","Shockwave"],"picked":"Guardian:Gem_Purple","floor":26.0},{"not_picked":["Guardian:ChargeCore","Guardian:Gem_Crimson","Seeing Red"],"picked":"Guardian:Preprogram","floor":27.0},{"not_picked":["Flex","Wild Strike+1","Guardian:Gem_Red"],"picked":"Guardian:Gem_Yellow","floor":29.0},{"not_picked":["Guardian:Preprogram","Guardian:VentSteam+1","Rampage"],"picked":"Armaments+1","floor":32.0},{"not_picked":["Guardian:StasisField","Guardian:StasisEngine","Offering"],"picked":"Guardian:Gem_Synthetic","floor":33.0},{"not_picked":["Clothesline","Guardian:Gem_Red","Guardian:PolyBeam+1","Ghostly Armor+1"],"picked":"SKIP","floor":36.0},{"not_picked":["Iron Wave","Guardian:BronzeOrb","Guardian:Gem_Crimson"],"picked":"Guardian:RevengeProtocol","floor":37.0},{"not_picked":["Battle Trance","hubris:StunningStrike","Guardian:Repulse"],"picked":"Bloodletting","floor":38.0},{"not_picked":["Guardian:Gem_Fragmented","Cleave","Guardian:CrystalBeam+1"],"picked":"Guardian:PiercingHide+1","floor":39.0},{"not_picked":["Guardian:PiercingHide","Ghostly Armor+1","Clash"],"picked":"Guardian:DecasProtection+1","floor":44}],"player_experience":2895011,"relics_obtained":[{"floor":6.0,"key":"hubris:SlimyHat"},{"floor":7.0,"key":"Bronze Scales"},{"floor":23.0,"key":"Bag of Marbles"},{"floor":24.0,"key":"Mummified Hand"},{"floor":34.0,"key":"hubris:TenFootPole"},{"floor":34.0,"key":"Kunai"},{"floor":34.0,"key":"hubris:Potato"},{"floor":43.0,"key":"War Paint"}],"event_choices":[{"damage_healed":0.0,"max_hp_gain":0.0,"max_hp_loss":0.0,"gold_gain":0.0,"event_name":"Scrap Ooze","player_choice":"Fled","floor":5.0,"gold_loss":0.0,"damage_taken":0.0},{"damage_healed":24.0,"max_hp_gain":0.0,"max_hp_loss":0.0,"gold_gain":0.0,"event_name":"Big Fish","player_choice":"Banana","floor":11.0,"gold_loss":0.0,"damage_taken":0.0}],"is_beta":false,"boss_relics":[{"not_picked":["bronze:MakeshiftBattery","aspiration:RitualDagger"],"picked":"aspiration:IroncladSkillbook"},{"not_picked":["Cursed Key","aspiration:FutureDiary"],"picked":"Calling Bell"}],"items_purged_floors":[],"is_endless":false,"potions_floor_spawned":[3,6,8,9,16,23,27,29,31,37],"ascension_level":10}}