{"host":"szp1d6dso4pv7ddl","time":1612932663,"event":{"mods":["AchievementEnabler","Alarm Clock","BaseMod","Bestiary","Block Reminder","Colored Map","Colored Powertips","Curses Come First","Dark Map","Displayed Cursed Tome","Highlight Path","Minty Spire (QoL Compilation)","Permanent Neow","Quick Restart","Relic Sorter","Relic Stats","StSLib","Synergy Search"],"gold_per_floor":[112,112,132,57,74,74,103,103,103,114,114,114,124,64,64,64,64],"floor_reached":16,"language":"ENG","playtime":751,"items_purged":["Defend_G"],"score":190,"play_id":"99e85d76-f5ff-415c-adb7-656466b11adf","local_time":"20210209205103","is_ascension_mode":true,"campfire_choices":[{"data":"Sucker Punch","floor":6,"key":"SMITH"},{"floor":8,"key":"REST"},{"data":"Neutralize","floor":11,"key":"SMITH"},{"floor":15,"key":"REST"}],"circlet_count":0,"master_deck":["AscendersBane","Strike_G","Strike_G","Strike_G","Strike_G","Defend_G","Defend_G","Defend_G","Defend_G","Survivor","Neutralize+1","Sucker Punch+1","Escape Plan","Dagger Throw","Leg Sweep","Dash","Blade Dance"],"relics":["Ring of the Snake","NeowsBlessing","Paper Crane","The Courier","Sundial"],"acts_visited":["Exordium"],"potions_floor_usage":[],"damage_taken":[{"damage":0,"enemies":"Cultist","floor":1,"turns":1},{"damage":0,"enemies":"2 Louse","floor":3,"turns":1},{"damage":0,"enemies":"Jaw Worm","floor":5,"turns":1},{"damage":49,"enemies":"Lagavulin","floor":7,"turns":10},{"damage":2,"enemies":"Exordium Wildlife","floor":10,"turns":4},{"damage":3,"enemies":"Lots of Slimes","floor":13,"turns":7},{"damage":43,"enemies":"Hexaghost","floor":16,"turns":14}],"seed_played":"6876269733254560852","potions_obtained":[{"floor":13,"key":"Energy Potion"}],"is_trial":false,"path_per_floor":["M","T","M","?","M","R","E","R","T","M","R","?","M","$","R","B"],"character_chosen":"THE_SILENT","items_purchased":[],"campfire_rested":2,"item_purchase_floors":[],"current_hp_per_floor":[59,59,59,59,59,59,10,29,29,27,27,27,24,24,43,0,0],"gold":64,"neow_bonus":"THREE_ENEMY_KILL","is_daily":false,"chose_seed":false,"campfire_upgraded":2,"win_rate":0.0,"timestamp":1612932663,"path_taken":["M","?","?","?","M","R","E","R","T","M","R","?","M","?","R","BOSS"],"items_purchased_type":[],"build_version":"2020-12-22","purchased_purges":1,"victory":false,"max_hp_per_floor":[66,66,66,66,66,66,66,66,66,66,66,66,66,66,66,66,66],"relic_stats":{"counters":[7,38],"Sundial":[4],"obtain_stats":[{"NeowsBlessing":0,"Sundial":9,"The Courier":7,"Paper Crane":2,"Ring of the Snake":0},{"NeowsBlessing":0,"Sundial":4,"The Courier":4,"Paper Crane":1,"Ring of the Snake":0},{"NeowsBlessing":0,"Sundial":13,"The Courier":13,"Paper Crane":1,"Ring of the Snake":0}],"Ring of the Snake":[14]},"card_choices":[{"not_picked":["Outmaneuver","Underhanded Strike"],"picked":"Sucker Punch","floor":1},{"not_picked":["Deadly Poison","Doppelganger"],"picked":"Escape Plan","floor":3},{"not_picked":["Prepared","Dodge and Roll"],"picked":"Dagger Throw","floor":5},{"not_picked":["Dagger Throw","Backflip"],"picked":"Leg Sweep","floor":7},{"not_picked":["Dodge and Roll","Backflip"],"picked":"Dash","floor":10},{"not_picked":["Backflip","Distraction"],"picked":"Blade Dance","floor":13}],"player_experience":1412663,"relics_obtained":[{"floor":2,"key":"Paper Crane"},{"floor":7,"key":"The Courier"},{"floor":9,"key":"Sundial"}],"event_choices":[{"cards_removed":["Strike_G"],"damage_healed":0,"gold_gain":0,"player_choice":"Card Removal","damage_taken":0,"max_hp_gain":0,"max_hp_loss":0,"event_name":"The Cleric","floor":4,"gold_loss":75},{"damage_healed":0,"gold_gain":0,"player_choice":"Ignored","damage_taken":0,"max_hp_gain":0,"max_hp_loss":0,"event_name":"Shining Light","floor":12,"gold_loss":0}],"is_beta":false,"boss_relics":[],"items_purged_floors":[14],"is_endless":false,"potions_floor_spawned":[13],"killed_by":"Hexaghost","ascension_level":18}}