{"host":"wz9xchfsxwfj1bs2","time":1612954442,"event":{"mods":["BaseMod","Minty Spire (QoL Compilation)","Quick Restart","StSLib"],"gold_per_floor":[115,127,127,143,161,189,199,474,546,546,559,572,572,157,157,282,282,307,307,307,307,317,344,364,364,389,146,162,189,15,48,48,144,144,163,163,179,179,192,209,209,233,233,233,90,106,132,132,132,132,132,132,5,32,32],"floor_reached":56,"language":"ZHS","playtime":5173,"items_purged":["Strike_P","Regret","Defend_P"],"score":1440,"play_id":"8bd8e624-3a12-4258-a90d-a81ad966cc01","local_time":"20210210185402","is_ascension_mode":true,"campfire_choices":[{"floor":10.0,"key":"REST"},{"data":"Vault","floor":15.0,"key":"SMITH"},{"data":"DevaForm","floor":25.0,"key":"SMITH"},{"floor":32.0,"key":"RECALL"},{"data":"Alpha","floor":41.0,"key":"SMITH"},{"data":"Study","floor":49.0,"key":"SMITH"},{"floor":52.0,"key":"DIG"}],"circlet_count":0,"master_deck":["Strike_P","Strike_P","Defend_P+1","Defend_P","Defend_P","Eruption+1","Vigilance","ThirdEye","Nirvana","CutThroughFate","SandsOfTime","Vault+1","Injury","Purity","DevaForm+1","Prostrate+1","Shame","Study+1","Vault","Vault+1","Crescendo+1","Alpha+1","Devotion","CurseOfTheBell","Parasite","Sanctity+1","ClearTheMind+1"],"relics":["PureWater","Du-Vu Doll","Letter Opener","Bloody Idol","Matryoshka","Coffee Dripper","StoneCalendar","Orichalcum","Vajra","DollysMirror","Tiny Chest","Darkstone Periapt","Calling Bell","PreservedInsect","HornCleat","Shovel","Strawberry","Blood Vial","White Beast Statue","InkBottle","Strange Spoon","Eternal Feather","Pear","Ornamental Fan"],"acts_visited":["Exordium","TheCity","TheBeyond","TheEnding"],"potions_floor_usage":[55,55,55],"damage_taken":[{"damage":12.0,"enemies":"Cultist","floor":1.0,"turns":3.0},{"damage":6.0,"enemies":"Jaw Worm","floor":2.0,"turns":2.0},{"damage":0.0,"enemies":"2 Louse","floor":4.0,"turns":1.0},{"damage":0.0,"enemies":"Blue Slaver","floor":5.0,"turns":1.0},{"damage":0.0,"enemies":"Lagavulin","floor":6.0,"turns":3.0},{"damage":10.0,"enemies":"3 Louse","floor":7.0,"turns":4.0},{"damage":3.0,"enemies":"Exordium Wildlife","floor":11.0,"turns":3.0},{"damage":0.0,"enemies":"Looter","floor":12.0,"turns":3.0},{"damage":6.0,"enemies":"Slime Boss","floor":16.0,"turns":6.0},{"damage":6.0,"enemies":"2 Thieves","floor":18.0,"turns":4.0},{"damage":6.0,"enemies":"Shell Parasite","floor":22.0,"turns":5.0},{"damage":31.0,"enemies":"Book of Stabbing","floor":23.0,"turns":6.0},{"damage":4.0,"enemies":"Centurion and Healer","floor":24.0,"turns":4.0},{"damage":14.0,"enemies":"Snake Plant","floor":28.0,"turns":6.0},{"damage":0.0,"enemies":"Gremlin Leader","floor":29.0,"turns":5.0},{"damage":49.0,"enemies":"Slavers","floor":31.0,"turns":5.0},{"damage":14.0,"enemies":"Champ","floor":33.0,"turns":8.0},{"damage":0.0,"enemies":"Orb Walker","floor":35.0,"turns":6.0},{"damage":0.0,"enemies":"3 Darklings","floor":37.0,"turns":5.0},{"damage":0.0,"enemies":"Writhing Mass","floor":39.0,"turns":5.0},{"damage":10.0,"enemies":"Maw","floor":40.0,"turns":8.0},{"damage":11.0,"enemies":"Sphere and 2 Shapes","floor":46.0,"turns":7.0},{"damage":0.0,"enemies":"Giant Head","floor":47.0,"turns":6.0},{"damage":22.0,"enemies":"Donu and Deca","floor":50.0,"turns":7.0},{"damage":32.0,"enemies":"Shield and Spear","floor":54.0,"turns":5.0},{"damage":87,"enemies":"The Heart","floor":55,"turns":9}],"seed_played":"-3863727340784391399","potions_obtained":[{"floor":1.0,"key":"Strength Potion"},{"floor":2.0,"key":"FairyPotion"},{"floor":4.0,"key":"SneckoOil"},{"floor":12.0,"key":"Swift Potion"},{"floor":16.0,"key":"LiquidMemories"},{"floor":22.0,"key":"SteroidPotion"},{"floor":23.0,"key":"Block Potion"},{"floor":24.0,"key":"AttackPotion"},{"floor":46.0,"key":"PowerPotion"},{"floor":47.0,"key":"Dexterity Potion"},{"floor":54.0,"key":"DistilledChaos"}],"is_trial":false,"path_per_floor":["M","M","?","M","M","E","M","?","T","R","M","M","?","$","R","B",null,"M","?","?","?","M","E","M","R","T","$","M","E","$","E","R","B",null,"M","?","M","?","M","M","R","T","T","T","$","M","E","$","R","B",null,"R","$","E","B",null],"character_chosen":"WATCHER","items_purchased":["Matryoshka","Purity","DollysMirror","BottledMiracle","Strange Spoon","Swift Potion","Regen Potion"],"campfire_rested":1,"item_purchase_floors":[14,14,27,30,45,53,53],"current_hp_per_floor":[60,54,40,40,40,40,30,30,30,51,48,48,48,48,48,42,72,66,66,66,66,65,39,40,40,45,45,36,41,41,26,26,17,78,78,78,78,78,84,79,79,91,91,91,91,85,91,91,91,69,91,101,101,74,4],"gold":32,"neow_bonus":"THREE_CARDS","is_daily":false,"chose_seed":false,"campfire_upgraded":4,"win_rate":0.0,"timestamp":1612954442,"path_taken":["M","?","?","M","M","E","M","?","T","R","M","?","?","$","R","BOSS","M","?","?","?","M","E","M","R","T","$","?","E","$","E","R","BOSS","M","?","M","?","M","M","R","?","T","?","$","?","E","?","R","BOSS","R","$","E","BOSS"],"items_purchased_type":["Relic","Card","Relic","Potion","Relic","Potion","Potion"],"build_version":"2020-12-22","purchased_purges":3,"victory":true,"max_hp_per_floor":[72,72,72,72,72,72,72,72,72,72,72,72,72,72,72,72,72,72,72,72,72,72,72,72,72,72,72,72,72,72,72,72,72,78,78,78,78,78,84,84,84,91,91,91,91,91,91,91,91,91,91,101,101,101,101],"card_choices":[{"not_picked":["Protect","BowlingBash"],"picked":"ThirdEye","floor":0.0},{"not_picked":["WaveOfTheHand","Halt"],"picked":"Nirvana","floor":1.0},{"not_picked":["Adaptation","LikeWater","EmptyFist"],"picked":"SKIP","floor":2.0},{"not_picked":["FollowUp","Halt"],"picked":"CutThroughFate","floor":4.0},{"not_picked":["CutThroughFate","EmptyFist","BowlingBash"],"picked":"SKIP","floor":5.0},{"not_picked":["EmptyMind","EmptyFist","CrushJoints"],"picked":"SKIP","floor":6.0},{"not_picked":["Study","Adaptation"],"picked":"SandsOfTime","floor":7.0},{"not_picked":["Meditate","DeceiveReality"],"picked":"Vault","floor":11.0},{"not_picked":["FlyingSleeves","Prostrate","Protect"],"picked":"SKIP","floor":12.0},{"not_picked":["Scrawl","MasterReality"],"picked":"DevaForm","floor":16.0},{"not_picked":["Consecrate","BowlingBash+1"],"picked":"Prostrate+1","floor":18.0},{"not_picked":["Pray","Collect","SandsOfTime"],"picked":"SKIP","floor":22.0},{"not_picked":["FollowUp","CrushJoints"],"picked":"Vault","floor":23.0},{"not_picked":["JustLucky+1","ThirdEye","Wallop+1"],"picked":"SKIP","floor":24.0},{"not_picked":["WheelKick","Meditate"],"picked":"Crescendo+1","floor":28.0},{"not_picked":["CutThroughFate+1","Protect"],"picked":"Alpha","floor":29.0},{"not_picked":["EmptyFist","WreathOfFlame","Brilliance"],"picked":"SKIP","floor":31.0},{"not_picked":["Brilliance","DevaForm"],"picked":"Devotion","floor":33.0},{"not_picked":["FlyingSleeves","Evaluate","TalkToTheHand"],"picked":"SKIP","floor":35.0},{"not_picked":["PathToVictory+1","ThirdEye+1","Protect+1"],"picked":"SKIP","floor":37.0},{"not_picked":["Halt+1","CrushJoints"],"picked":"Sanctity+1","floor":39.0},{"not_picked":["Perseverance+1","SashWhip","Prostrate"],"picked":"SKIP","floor":40.0},{"not_picked":["Adaptation+1","WreathOfFlame+1"],"picked":"ClearTheMind+1","floor":46.0},{"not_picked":["FollowUp+1","Worship+1","JustLucky"],"picked":"SKIP","floor":47.0},{"not_picked":["Wallop","Protect","PathToVictory"],"picked":"SKIP","floor":54.0}],"player_experience":109939,"relics_obtained":[{"floor":6.0,"key":"Du-Vu Doll"},{"floor":9.0,"key":"Letter Opener"},{"floor":23.0,"key":"Orichalcum"},{"floor":26.0,"key":"Vajra"},{"floor":29.0,"key":"Tiny Chest"},{"floor":31.0,"key":"Darkstone Periapt"},{"floor":34.0,"key":"PreservedInsect"},{"floor":34.0,"key":"HornCleat"},{"floor":34.0,"key":"Shovel"},{"floor":42.0,"key":"Strawberry"},{"floor":42.0,"key":"Blood Vial"},{"floor":43.0,"key":"White Beast Statue"},{"floor":44.0,"key":"InkBottle"},{"floor":47.0,"key":"Eternal Feather"},{"floor":52.0,"key":"Pear"},{"floor":54.0,"key":"Ornamental Fan"}],"event_choices":[{"damage_healed":0.0,"max_hp_gain":0.0,"max_hp_loss":0.0,"gold_gain":0.0,"event_name":"Shining Light","player_choice":"Entered Light","floor":3.0,"gold_loss":0.0,"damage_taken":14.0,"cards_upgraded":["Defend_P","Eruption"]},{"damage_healed":0.0,"max_hp_gain":0.0,"max_hp_loss":0.0,"gold_gain":275.0,"event_name":"Golden Shrine","player_choice":"Desecrate","floor":8.0,"gold_loss":0.0,"damage_taken":0.0,"cards_obtained":["Regret"]},{"damage_healed":0.0,"max_hp_gain":0.0,"max_hp_loss":0.0,"gold_gain":0.0,"event_name":"Golden Idol","player_choice":"Take Wound","floor":13.0,"gold_loss":0.0,"damage_taken":0.0,"relics_obtained":["Golden Idol"],"cards_obtained":["Injury"]},{"damage_healed":0.0,"max_hp_gain":0.0,"max_hp_loss":0.0,"gold_gain":0.0,"event_name":"Addict","player_choice":"Stole Relic","floor":19.0,"gold_loss":0.0,"damage_taken":0.0,"relics_obtained":["StoneCalendar"],"cards_obtained":["Shame"]},{"damage_healed":0.0,"max_hp_gain":0.0,"max_hp_loss":0.0,"gold_gain":0.0,"event_name":"Forgotten Altar","player_choice":"Gave Idol","floor":20.0,"relics_lost":["Golden Idol"],"gold_loss":0.0,"damage_taken":0.0,"relics_obtained":["Bloody Idol"]},{"damage_healed":0.0,"max_hp_gain":0.0,"max_hp_loss":0.0,"gold_gain":0.0,"event_name":"The Library","player_choice":"Read","floor":21.0,"gold_loss":0.0,"damage_taken":0.0,"cards_obtained":["Study"]},{"damage_healed":0.0,"max_hp_gain":0.0,"max_hp_loss":0.0,"gold_gain":0.0,"event_name":"Tomb of Lord Red Mask","player_choice":"Ignored","floor":36.0,"gold_loss":0.0,"damage_taken":0.0},{"cards_removed":["Strike_P"],"damage_healed":0.0,"max_hp_gain":0.0,"max_hp_loss":0.0,"gold_gain":0.0,"event_name":"Falling","player_choice":"Removed Attack","floor":38.0,"gold_loss":0.0,"damage_taken":0.0}],"is_beta":false,"boss_relics":[{"not_picked":["Tiny House","VioletLotus"],"picked":"Coffee Dripper"},{"not_picked":["Snecko Eye","Fusion Hammer"],"picked":"Calling Bell"}],"items_purged_floors":[14,27,30],"is_endless":false,"potions_floor_spawned":[1,2,4,12,16,22,23,24,46,47,54],"ascension_level":1}}