{"host":"g2yp6paluzgljz05","time":1612970927,"event":{"mods":["BaseMod","Bestiary","Colored Powertips","DeckTracker","Highlight Path","Minty Spire (QoL Compilation)","Quick Restart"],"gold_per_floor":[113,188,37,37,50,77,89,115,151,163,187,229,241,253,265,378,390,421,452,117,132,7,7,7],"floor_reached":23,"language":"ENG","playtime":894,"items_purged":["Strike_B","Strike_B","Strike_B"],"score":258,"play_id":"4e9d581e-d181-4cc9-a918-c52ff85ecc53","local_time":"20210211022847","is_ascension_mode":true,"campfire_choices":[{"data":"Reboot","floor":7,"key":"SMITH"},{"data":"Dualcast","floor":10,"key":"SMITH"},{"floor":15,"key":"REST"}],"circlet_count":0,"master_deck":["Defend_B","Defend_B","Defend_B","Defend_B","Zap+1","Dualcast+1","Self Repair+1","Capacitor","Reboot+1","Chaos","All For One+1","Machine Learning","Darkness+1"],"relics":["Cracked Core","NeowsBlessing","MawBank","Vajra","Singing Bowl","Sozu","Toxic Egg 2"],"acts_visited":["Exordium","TheCity"],"potions_floor_usage":[16],"damage_taken":[{"damage":0,"enemies":"Small Slimes","floor":1,"turns":1},{"damage":0,"enemies":"Cultist","floor":5,"turns":1},{"damage":0,"enemies":"Lagavulin","floor":6,"turns":1},{"damage":2,"enemies":"2 Louse","floor":8,"turns":2},{"damage":10,"enemies":"Exordium Wildlife","floor":11,"turns":4},{"damage":34,"enemies":"3 Sentries","floor":12,"turns":9},{"damage":30,"enemies":"The Guardian","floor":16,"turns":8},{"damage":15,"enemies":"Spheric Guardian","floor":18,"turns":4},{"damage":37,"enemies":"2 Thieves","floor":19,"turns":4},{"damage":43,"enemies":"Snake Plant","floor":21,"turns":4},{"damage":18,"enemies":"Slavers","floor":23,"turns":1}],"seed_played":"4037311235846305548","potions_obtained":[{"floor":5,"key":"EssenceOfDarkness"},{"floor":6,"key":"GamblersBrew"},{"floor":11,"key":"Explosive Potion"},{"floor":16,"key":"FocusPotion"}],"is_trial":false,"path_per_floor":["M","?","$","?","M","E","R","M","T","R","M","E","?","?","R","B",null,"M","M","$","M","$","E"],"character_chosen":"DEFECT","items_purchased":["Capacitor","Toxic Egg 2"],"campfire_rested":1,"item_purchase_floors":[3,20],"current_hp_per_floor":[75,64,64,64,64,64,64,62,62,62,59,34,34,19,42,22,77,74,49,49,16,16,0,0],"gold":7,"neow_bonus":"THREE_ENEMY_KILL","is_daily":false,"chose_seed":false,"campfire_upgraded":2,"win_rate":0.0,"timestamp":1612970927,"path_taken":["M","?","$","?","M","E","R","?","T","R","M","E","?","?","R","BOSS","M","M","$","M","$","E"],"items_purchased_type":["Card","Relic"],"build_version":"2020-12-22","purchased_purges":3,"victory":false,"max_hp_per_floor":[75,75,75,75,75,75,75,75,75,75,75,77,77,77,77,77,77,79,81,81,81,81,81,81],"card_choices":[{"not_picked":["Stack","Ball Lightning"],"picked":"Self Repair","floor":1},{"not_picked":["Turbo","Recycle","Sunder"],"picked":"SKIP","floor":5},{"not_picked":["Chill","Cold Snap"],"picked":"Reboot","floor":6},{"not_picked":["Stack","FTL","Barrage"],"picked":"SKIP","floor":8},{"not_picked":["Doom and Gloom","Steam Power"],"picked":"Chaos","floor":11},{"not_picked":["Auto Shields","Ball Lightning","Rip and Tear"],"picked":"Singing Bowl","floor":12},{"not_picked":["Seek","Reboot"],"picked":"Machine Learning","floor":16},{"not_picked":["Ball Lightning","Stack+1","Steam Power"],"picked":"Singing Bowl","floor":18},{"not_picked":["Turbo+1","Hologram+1","White Noise"],"picked":"Singing Bowl","floor":19},{"not_picked":["Sweeping Beam","Streamline"],"picked":"Darkness+1","floor":21}],"player_experience":350305,"relics_obtained":[{"floor":6,"key":"MawBank"},{"floor":9,"key":"Vajra"},{"floor":12,"key":"Singing Bowl"}],"event_choices":[{"damage_healed":0,"gold_gain":75,"player_choice":"Gather Gold","damage_taken":11,"max_hp_gain":0,"max_hp_loss":0,"event_name":"World of Goop","floor":2,"gold_loss":0},{"damage_healed":0,"gold_gain":0,"player_choice":"Upgraded","damage_taken":0,"max_hp_gain":0,"max_hp_loss":0,"event_name":"Upgrade Shrine","floor":4,"gold_loss":0,"cards_upgraded":["Zap"]},{"damage_healed":0,"gold_gain":0,"cards_transformed":["Strike_B"],"player_choice":"Change","damage_taken":0,"max_hp_gain":0,"max_hp_loss":0,"event_name":"Living Wall","floor":13,"gold_loss":0,"cards_obtained":["All For One"]},{"damage_healed":0,"gold_gain":0,"player_choice":"Entered Light","damage_taken":15,"max_hp_gain":0,"max_hp_loss":0,"event_name":"Shining Light","floor":14,"gold_loss":0,"cards_upgraded":["Self Repair","All For One"]}],"is_beta":false,"boss_relics":[{"not_picked":["Snecko Eye","Nuclear Battery"],"picked":"Sozu"}],"items_purged_floors":[3,20,22],"is_endless":false,"potions_floor_spawned":[5,6,11,16,18],"killed_by":"Slavers","ascension_level":3}}