{"host":"8srk5r1dwtmjotwd","time":1612934126,"event":{"mods":["AchievementEnabler","Act Like it!","Aspiration","BaseMod","Beaked The Cultist","Bestiary","Better Note","Better Third Choice","Colored Map","Colored Powertips","Conspire","Custom Start","Friendly Minions","GifTheSpireLib","Halation","Hallownest","Hermit","Highlight Path","Hubris","Infinite Spire","Mimic Mod","Minty Spire (QoL Compilation)","Morshu Shopkeeper - ENHANCED","Quick Restart","Rare Cards Sparkle","Reliquary","Replay The Spire","Shop Mod","StSLib","SuperFastMode","Synergy Search","The Bug Knight","The Construct","The Cursed","The Disciple","The Marked","Thieving Mod","Wide Potions","Yohane!","everything is the same but u backflip on backflip","slay the spire mod where everything is the same but ironclad has a cowboy hat"],"gold_per_floor":[119,132,132,132,132,46,46,63,96,96,116,156,21,21,21,33,68,68,164,164,179,196,207,207,482,497,510,470,505,505,505,25,40,50,50,50,50],"floor_reached":36,"language":"ENG","playtime":1917,"items_purged":[],"score":299,"play_id":"e027208a-b0e5-4de9-82ab-8138ba8e174a","local_time":"20210210001526","is_ascension_mode":false,"campfire_choices":[{"data":"Panacea","floor":10.0,"key":"SMITH"},{"data":"Demon Form","floor":14.0,"key":"SMITH"},{"data":"ReplayTheSpireMod:LeadingStrike","floor":18,"key":"SMITH"},{"floor":31,"key":"REST"},{"floor":35,"key":"REST"}],"circlet_count":0,"master_deck":["Strike_R","Strike_R","Strike_R","Strike_R","Strike_R","Defend_R","Defend_R","Defend_R","Defend_R","Bash","Perfected Strike+1","Panacea+1","Thunderclap","Rage","conspire:Purge","Demon Form+1","Replay:Undeath\u0027s Touch","ReplayTheSpireMod:LeadingStrike+1","conspire:HitWhereItHurts","CurseOfTheBell","Inflame","conspire:Charge","Replay:Undeath\u0027s Touch","Heavy Blade","ReplayTheSpireMod:Private Reserves","Whirlwind"],"relics":["Burning Blood","NeowsBlessing","infinitespire:Joker Card","Orichalcum","reliquary:TuningFork","Pear","Calling Bell","reliquary:RoseTintedGlasses","infinitespire:EmpoweringShard","Ginger","aspiration:FetidBarrel","Eternal Feather","ReplayTheSpireMod:ShopPack"],"acts_visited":["Exordium","TheCity"],"potions_floor_usage":[27,29,29,33,33,34,36],"damage_taken":[{"damage":0.0,"enemies":"Jaw Worm","floor":1.0,"turns":1.0},{"damage":0.0,"enemies":"Small Slimes","floor":2.0,"turns":1.0},{"damage":0.0,"enemies":"2 Louse","floor":8.0,"turns":1.0},{"damage":11.0,"enemies":"Replay:BlueRogue","floor":9.0,"turns":3.0},{"damage":14.0,"enemies":"Blue Slaver","floor":11.0,"turns":3.0},{"damage":5.0,"enemies":"3 Louse","floor":12.0,"turns":7.0},{"damage":7,"enemies":"3 Louse","floor":16,"turns":4},{"damage":0,"enemies":"HollowMod:MossKnight","floor":17,"turns":4},{"damage":47,"enemies":"Fading Forest","floor":19,"turns":11},{"damage":31,"enemies":"conspire:FuzzyDice","floor":21,"turns":6},{"damage":4,"enemies":"Chosen","floor":22,"turns":3},{"damage":26,"enemies":"Centurion and Healer","floor":23,"turns":5},{"damage":26,"enemies":"Chosen and Byrds","floor":26,"turns":6},{"damage":21,"enemies":"3 Cultists","floor":27,"turns":4},{"damage":2,"enemies":"Snake Plant","floor":29,"turns":4},{"damage":11,"enemies":"Snake Plant","floor":33,"turns":3},{"damage":3,"enemies":"Shelled Parasite and Fungi","floor":34,"turns":3},{"damage":76,"enemies":"Champ","floor":36,"turns":8}],"seed_played":"1065581265808769448","potions_obtained":[{"floor":1.0,"key":"ColorlessPotion"},{"floor":8.0,"key":"ElixirPotion"},{"floor":19,"key":"SteroidPotion"},{"floor":22,"key":"Dexterity Potion"},{"floor":28,"key":"DistilledChaos"},{"floor":28,"key":"PowerPotion"},{"floor":33,"key":"DistilledChaos"},{"floor":34,"key":"Explosive Potion"}],"is_trial":false,"path_per_floor":["M","M","PTL","PTL","?","$","?","M","E","R","M","MIM","$","R","?","M","E","R","B",null,"M","M","M","?","?","M","M","?","MIM","?","R","$","M","M","R","B"],"character_chosen":"IRONCLAD","items_purchased":["Panacea","Demon Form","Eternal Feather","Fire Potion","Adrenaline Potion","ReplayTheSpireMod:ShopPack"],"campfire_rested":2,"item_purchase_floors":[6,13,32,32,32,32],"current_hp_per_floor":[80,80,80,80,80,80,80,80,75,75,67,68,68,68,68,67,83,83,42,90,65,67,47,47,47,27,12,12,16,4,31,31,26,29,71,0,0],"gold":50,"neow_bonus":"THREE_ENEMY_KILL","is_daily":false,"chose_seed":false,"campfire_upgraded":3,"win_rate":0.0,"timestamp":1612934126,"path_taken":["M","M","PTL","PTL","?","?","?","?","E","R","M","MIM","$","R","?","M","E","R","BOSS","M","M","M","?","?","M","M","?","MIM","?","R","?","M","?","R","BOSS"],"items_purchased_type":["Card","Card","Relic","Potion","Potion","Relic"],"build_version":"2020-12-22","purchased_purges":0,"victory":false,"max_hp_per_floor":[80,80,80,80,80,80,80,80,80,80,80,80,80,80,80,80,90,90,90,90,90,90,90,90,90,90,90,90,90,90,90,90,90,90,90,90,90],"card_choices":[{"not_picked":["Pommel Strike","Dark Embrace","Armaments"],"picked":"SKIP","floor":1.0},{"not_picked":["Shrug It Off","Heavy Blade"],"picked":"Perfected Strike","floor":2.0},{"not_picked":["Clothesline","Power Through","Reckless Charge"],"picked":"SKIP","floor":8.0},{"not_picked":["True Grit","Eclipse"],"picked":"Thunderclap","floor":9.0},{"not_picked":["Clash","Pommel Strike"],"picked":"Rage","floor":11.0},{"not_picked":["Twin Strike","Armaments"],"picked":"conspire:Purge","floor":12.0},{"not_picked":["Shrug It Off","Reckless Charge"],"picked":"Replay:Undeath\u0027s Touch","floor":16},{"not_picked":["Evolve","Flex"],"picked":"ReplayTheSpireMod:LeadingStrike","floor":17},{"not_picked":["Brutality","Immolate"],"picked":"conspire:HitWhereItHurts","floor":19},{"not_picked":["Second Wind","Twin Strike"],"picked":"Inflame","floor":21},{"not_picked":["Replay:Undeath\u0027s Touch","Headbutt"],"picked":"conspire:Charge","floor":22},{"not_picked":["Wild Strike","Abandon+1"],"picked":"conspire:Charge","floor":23},{"not_picked":["infinitespire:OneForAll","Evolve"],"picked":"Replay:Undeath\u0027s Touch","floor":26},{"not_picked":["Shrug It Off","Power Through","Battle Trance"],"picked":"SKIP","floor":27},{"not_picked":["ReplayTheSpireMod:Stacked","Metallicize"],"picked":"Heavy Blade","floor":29},{"not_picked":["ReplayTheSpireMod:Trickstab","Forethought"],"picked":"ReplayTheSpireMod:Private Reserves","floor":32},{"not_picked":["Exhume","Dropkick+1","Twin Strike+1"],"picked":"SKIP","floor":33},{"not_picked":["Run Through","Anger"],"picked":"Whirlwind","floor":34}],"player_experience":126880,"relics_obtained":[{"floor":9.0,"key":"infinitespire:Joker Card"},{"floor":12.0,"key":"Orichalcum"},{"floor":17,"key":"Pear"},{"floor":20,"key":"reliquary:RoseTintedGlasses"},{"floor":20,"key":"infinitespire:EmpoweringShard"},{"floor":20,"key":"Ginger"},{"floor":29,"key":"aspiration:FetidBarrel"}],"event_choices":[{"damage_healed":0.0,"max_hp_gain":0.0,"max_hp_loss":0.0,"gold_gain":0.0,"event_name":"Accursed Blacksmith","player_choice":"Forge","floor":5.0,"gold_loss":0.0,"damage_taken":0.0,"cards_upgraded":["Perfected Strike"]},{"damage_healed":0.0,"max_hp_gain":0.0,"max_hp_loss":0.0,"gold_gain":0.0,"event_name":"Big Fish","player_choice":"Box","floor":15.0,"gold_loss":0.0,"damage_taken":0.0,"relics_obtained":["reliquary:TuningFork"],"cards_obtained":["Regret"]},{"cards_removed":["conspire:Charge"],"damage_healed":0,"gold_gain":0,"player_choice":"Purged","damage_taken":0,"max_hp_gain":0,"max_hp_loss":0,"event_name":"Purifier","floor":24,"gold_loss":0},{"damage_healed":0,"gold_gain":275,"player_choice":"Desecrate","damage_taken":0,"max_hp_gain":0,"max_hp_loss":0,"event_name":"Golden Shrine","floor":25,"gold_loss":0,"cards_obtained":["Regret"]},{"damage_healed":0,"gold_gain":0,"player_choice":"Bought 3 Potions","damage_taken":0,"max_hp_gain":0,"max_hp_loss":0,"event_name":"The Woman in Blue","floor":28,"gold_loss":0},{"damage_healed":0,"gold_gain":0,"player_choice":"POTION ","damage_taken":12,"max_hp_gain":0,"max_hp_loss":0,"event_name":"Knowing Skull","floor":30,"potions_obtained":["SmokeBomb"],"gold_loss":0,"cards_obtained":[]}],"is_beta":false,"boss_relics":[{"not_picked":["hubris:CrackedHourglass","SlaversCollar"],"picked":"Calling Bell"}],"items_purged_floors":[],"is_endless":false,"potions_floor_spawned":[1,8,19,22,33,34],"killed_by":"Champ","ascension_level":0}}