{"host":"mqhvlr3kpxebko0t","time":1612966317,"event":{"mods":["AchievementEnabler","BaseMod","Colored Map","Colored Powertips","KOR Keyword Fix","Keyboard Shortcuts","Minty Spire (QoL Compilation)","StSLib","SuperFastMode"],"gold_per_floor":[113,38,188,188,188,220,36,69,119,130,145,156,168,168,168,168,168],"floor_reached":16,"language":"KOR","playtime":192,"items_purged":["Strike_G","Strike_G"],"score":288,"play_id":"4d851e80-ed8a-4935-ad06-ddcfa7a11918","local_time":"20210210231157","is_ascension_mode":true,"campfire_choices":[{"data":"Cloak And Dagger","floor":15,"key":"SMITH"}],"circlet_count":0,"master_deck":["AscendersBane","Strike_G","Strike_G+1","Strike_G","Defend_G","Defend_G","Defend_G","Defend_G+1","Defend_G","Survivor","Neutralize","Choke","Cloak And Dagger+1","Escape Plan","Calculated Gamble","Masterful Stab"],"relics":["Ring of the Snake","NeowsBlessing","Ancient Tea Set","Gambling Chip","Bag of Marbles","MealTicket"],"acts_visited":["Exordium"],"potions_floor_usage":[16],"damage_taken":[{"damage":0,"enemies":"Cultist","floor":1,"turns":1},{"damage":0,"enemies":"Gremlin Nob","floor":6,"turns":1},{"damage":0,"enemies":"3 Sentries","floor":8,"turns":1},{"damage":3,"enemies":"Jaw Worm","floor":10,"turns":2},{"damage":4,"enemies":"Small Slimes","floor":11,"turns":2},{"damage":2,"enemies":"Looter","floor":12,"turns":2},{"damage":0,"enemies":"Blue Slaver","floor":13,"turns":2},{"damage":20,"enemies":"The Guardian","floor":16,"turns":9}],"seed_played":"4945695592654574916","potions_obtained":[{"floor":10,"key":"AttackPotion"}],"is_trial":false,"path_per_floor":["M","$","?","?","?","E","$","E","T","M","M","M","M","?","R","B"],"character_chosen":"THE_SILENT","items_purchased":["Escape Plan"],"campfire_rested":0,"item_purchase_floors":[7],"current_hp_per_floor":[59,59,59,39,39,39,39,39,39,36,32,30,30,19,19,0,0],"gold":168,"neow_bonus":"THREE_ENEMY_KILL","is_daily":false,"chose_seed":false,"campfire_upgraded":1,"win_rate":0.0,"timestamp":1612966317,"path_taken":["M","$","?","?","?","E","?","E","T","M","?","M","M","?","R","BOSS"],"items_purchased_type":["Card"],"build_version":"2020-12-22","purchased_purges":2,"victory":false,"max_hp_per_floor":[66,66,66,66,66,66,66,66,66,66,66,66,66,66,66,66,66],"card_choices":[{"not_picked":["Acrobatics","Prepared"],"picked":"Choke","floor":1},{"not_picked":["Dash","Slice"],"picked":"Cloak And Dagger","floor":6},{"not_picked":["Dagger Throw","Outmaneuver"],"picked":"Calculated Gamble","floor":8},{"not_picked":["Outmaneuver","Quick Slash","Deadly Poison"],"picked":"SKIP","floor":10},{"not_picked":["Finisher","Heel Hook"],"picked":"Masterful Stab","floor":11},{"not_picked":["Distraction","Slice","Night Terror"],"picked":"SKIP","floor":12},{"not_picked":["Distraction","Slice","Night Terror"],"picked":"SKIP","floor":12},{"not_picked":["Dagger Spray","Dash","Dodge and Roll"],"picked":"SKIP","floor":13}],"player_experience":703559,"relics_obtained":[{"floor":6,"key":"Ancient Tea Set"},{"floor":8,"key":"Gambling Chip"},{"floor":9,"key":"Bag of Marbles"}],"event_choices":[{"damage_healed":0,"gold_gain":150,"player_choice":"AGREE","damage_taken":0,"max_hp_gain":0,"max_hp_loss":0,"event_name":"Liars Game","floor":3,"gold_loss":0,"cards_obtained":["Doubt"]},{"damage_healed":0,"gold_gain":0,"player_choice":"Entered Light","damage_taken":20,"max_hp_gain":0,"max_hp_loss":0,"event_name":"Shining Light","floor":4,"gold_loss":0,"cards_upgraded":["Defend_G","Strike_G"]},{"cards_removed":["Doubt"],"damage_healed":0,"gold_gain":0,"player_choice":"Forget","damage_taken":0,"max_hp_gain":0,"max_hp_loss":0,"event_name":"Living Wall","floor":5,"gold_loss":0},{"damage_healed":0,"gold_gain":0,"player_choice":"Success","damage_taken":11,"relics_obtained":["MealTicket"],"max_hp_gain":0,"max_hp_loss":0,"event_name":"Scrap Ooze","floor":14,"gold_loss":0}],"is_beta":false,"boss_relics":[],"items_purged_floors":[2,7],"is_endless":false,"potions_floor_spawned":[10],"killed_by":"The Guardian","ascension_level":16}}