{"host":"oehe2dxjvdgux73m","time":1612968997,"event":{"mods":["AchievementEnabler","BaseMod","Colored Map","Colored Powertips","DeckTracker","Keyboard Shortcuts","Minty Spire (QoL Compilation)","Permanent Neow","Quick Restart","StSLib","SuperFastMode"],"gold_per_floor":[15,25,25,42,57,57,68,68,116,145,145,165,165,90,90,162,162,181,96,146,157,171,171,171,171],"floor_reached":24,"language":"KOR","playtime":489,"items_purged":["Strike_R"],"score":366,"play_id":"a1683ad1-3d4d-4e6a-adff-f3644c9783b9","local_time":"20210210235637","is_ascension_mode":true,"campfire_choices":[{"data":"Armaments","floor":6.0,"key":"SMITH"},{"data":"Bash","floor":8.0,"key":"SMITH"},{"data":"Blood for Blood","floor":11.0,"key":"SMITH"},{"floor":13.0,"key":"REST"},{"data":"Bludgeon","floor":15.0,"key":"SMITH"},{"data":"Corruption","floor":23,"key":"SMITH"}],"circlet_count":0,"master_deck":["AscendersBane","Strike_R","Strike_R","Strike_R","Strike_R","Defend_R","Defend_R","Defend_R","Defend_R","Bash+1","Thinking Ahead","Pommel Strike","Infernal Blade","Evolve","Armaments+1","Dropkick","Blood for Blood+1","Bludgeon+1","Corruption+1","True Grit","Flame Barrier"],"relics":["Burning Blood","Bottled Flame","Centennial Puzzle","WingedGreaves","Mark of Pain","Omamori"],"acts_visited":["Exordium","TheCity"],"potions_floor_usage":[24,24],"damage_taken":[{"damage":2.0,"enemies":"Cultist","floor":1.0,"turns":4.0},{"damage":1.0,"enemies":"2 Louse","floor":2.0,"turns":3.0},{"damage":10.0,"enemies":"Small Slimes","floor":4.0,"turns":3.0},{"damage":19.0,"enemies":"Blue Slaver","floor":5.0,"turns":5.0},{"damage":18.0,"enemies":"Red Slaver","floor":7.0,"turns":5.0},{"damage":30.0,"enemies":"Lagavulin","floor":10.0,"turns":6.0},{"damage":6.0,"enemies":"Looter","floor":12.0,"turns":3.0},{"damage":33.0,"enemies":"Hexaghost","floor":16.0,"turns":6.0},{"damage":22.0,"enemies":"Shell Parasite","floor":18.0,"turns":3.0},{"damage":7.0,"enemies":"Chosen","floor":21.0,"turns":3.0},{"damage":13,"enemies":"Centurion and Healer","floor":22,"turns":4},{"damage":37,"enemies":"Slavers","floor":24,"turns":3}],"seed_played":"-8054069915241492887","potions_obtained":[{"floor":4.0,"key":"ElixirPotion"},{"floor":7.0,"key":"Dexterity Potion"},{"floor":10.0,"key":"ColorlessPotion"},{"floor":18.0,"key":"PowerPotion"},{"floor":21.0,"key":"SkillPotion"}],"is_trial":false,"path_per_floor":["M","M","T","M","M","R","M","R","T","E","R","M","R","$","R","B",null,"M","?","?","M","M","R","E"],"character_chosen":"IRONCLAD","items_purchased":[],"campfire_rested":1,"item_purchase_floors":[],"current_hp_per_floor":[72,75,75,71,58,58,46,46,46,22,22,22,44,44,44,17,61,45,45,45,44,37,37,0,0],"gold":171,"neow_bonus":"RANDOM_COLORLESS_2","is_daily":false,"chose_seed":false,"campfire_upgraded":5,"win_rate":0.0,"timestamp":1612968997,"path_taken":["M","M","?","M","M","R","M","R","T","E","R","M","R","$","R","BOSS","M","?","?","M","M","R","E"],"items_purchased_type":[],"build_version":"2020-12-22","purchased_purges":1,"victory":false,"max_hp_per_floor":[75,75,75,75,75,75,75,75,75,75,75,75,75,75,75,75,75,75,75,75,75,75,75,75,75],"card_choices":[{"not_picked":["Violence","Secret Weapon"],"picked":"Thinking Ahead","floor":0.0},{"not_picked":["Sword Boomerang","Havoc"],"picked":"Pommel Strike","floor":1.0},{"not_picked":["Reckless Charge","Iron Wave"],"picked":"Infernal Blade","floor":2.0},{"not_picked":["Entrench","Cleave"],"picked":"Evolve","floor":4.0},{"not_picked":["Metallicize","Body Slam"],"picked":"Armaments","floor":5.0},{"not_picked":["True Grit","Cleave"],"picked":"Dropkick","floor":7.0},{"not_picked":["Second Wind","Evolve"],"picked":"Blood for Blood","floor":10.0},{"not_picked":["Thunderclap","Sword Boomerang"],"picked":"Bludgeon","floor":12.0},{"not_picked":["Offering","Juggernaut"],"picked":"Corruption","floor":16.0},{"not_picked":["Heavy Blade","Wild Strike"],"picked":"True Grit","floor":18.0},{"not_picked":["Perfected Strike","Clash"],"picked":"Flame Barrier","floor":21.0},{"not_picked":["Brutality","Iron Wave","Flex"],"picked":"SKIP","floor":22}],"player_experience":454032,"relics_obtained":[{"floor":3.0,"key":"Bottled Flame"},{"floor":9.0,"key":"Centennial Puzzle"},{"floor":10.0,"key":"WingedGreaves"}],"event_choices":[{"damage_healed":0.0,"max_hp_gain":0.0,"max_hp_loss":0.0,"gold_gain":0.0,"event_name":"Addict","player_choice":"Obtained Relic","floor":19.0,"gold_loss":85.0,"damage_taken":0.0,"relics_obtained":["Omamori"]},{"damage_healed":0.0,"max_hp_gain":0.0,"max_hp_loss":0.0,"gold_gain":50.0,"event_name":"Nest","player_choice":"Stole From Cult","floor":20.0,"gold_loss":0.0,"damage_taken":0.0}],"is_beta":false,"boss_relics":[{"not_picked":["Busted Crown","Cursed Key"],"picked":"Mark of Pain"}],"items_purged_floors":[14],"is_endless":false,"potions_floor_spawned":[4,7,10,18,21,22],"killed_by":"Slavers","ascension_level":17}}