{"host":"hw9lt6p3yhr90vz0","time":1612927657,"event":{"mods":["BaseMod","DeckTracker","Minty Spire (QoL Compilation)","Relic Stats"],"gold_per_floor":[114,132,150,160,174,200,200,214,214,214,214,214,247,247,247,350,350,366,366,36,36,51,51,51],"floor_reached":23,"language":"ENG","playtime":1320,"items_purged":[],"score":261,"play_id":"6bd0bca5-ab67-465d-b9ab-462446975e4a","local_time":"20210209222737","is_ascension_mode":true,"campfire_choices":[{"floor":7,"key":"REST"},{"floor":10,"key":"RECALL"},{"floor":15,"key":"REST"}],"circlet_count":0,"master_deck":["Strike_B+1","Defend_B","Defend_B","Defend_B","Defend_B","Zap","Dualcast+1","Coolheaded","Gash","Go for the Eyes","Glacier","Chill","Undo","Gash","Parasite","Hello World","All For One","Reinforced Body+1","Go for the Eyes+1","Consume+1","Go for the Eyes","Shame","Defragment","Pain","Rebound"],"relics":["Cracked Core","Du-Vu Doll","Toy Ornithopter","Regal Pillow","PreservedInsect","Astrolabe","Happy Flower","Toxic Egg 2","WarpedTongs"],"acts_visited":["Exordium","TheCity"],"potions_floor_usage":[5,6,16,23],"damage_taken":[{"damage":2,"enemies":"Jaw Worm","floor":1,"turns":3},{"damage":7,"enemies":"Small Slimes","floor":2,"turns":3},{"damage":0,"enemies":"Cultist","floor":3,"turns":3},{"damage":5,"enemies":"Red Slaver","floor":4,"turns":3},{"damage":0,"enemies":"Gremlin Gang","floor":5,"turns":1},{"damage":15,"enemies":"3 Sentries","floor":6,"turns":8},{"damage":1,"enemies":"Exordium Thugs","floor":8,"turns":5},{"damage":25,"enemies":"Gremlin Nob","floor":13,"turns":6},{"damage":44,"enemies":"The Guardian","floor":16,"turns":15},{"damage":27,"enemies":"Spheric Guardian","floor":18,"turns":6},{"damage":13,"enemies":"2 Thieves","floor":22,"turns":3},{"damage":29,"enemies":"Slavers","floor":23,"turns":1}],"seed_played":"9058662665041393637","potions_obtained":[{"floor":4,"key":"AttackPotion"},{"floor":5,"key":"Explosive Potion"},{"floor":8,"key":"PotionOfCapacity"},{"floor":18,"key":"SkillPotion"}],"is_trial":false,"path_per_floor":["M","M","M","M","M","E","R","M","T","R","?","?","E","T","R","B",null,"M","?","$","?","M","E"],"character_chosen":"DEFECT","items_purchased":["Toxic Egg 2","Defragment"],"campfire_rested":2,"item_purchase_floors":[20,20],"current_hp_per_floor":[48,41,41,36,36,21,43,42,42,42,60,45,20,20,57,18,61,34,34,34,34,21,0,0],"gold":51,"neow_bonus":"ONE_RARE_RELIC","is_daily":false,"chose_seed":false,"campfire_upgraded":0,"win_rate":0.0,"timestamp":1612927657,"path_taken":["M","M","M","M","M","E","R","M","T","R","?","?","E","?","R","BOSS","M","?","$","?","M","E"],"items_purchased_type":["Relic","Card"],"build_version":"2020-12-22","purchased_purges":0,"victory":false,"max_hp_per_floor":[75,75,75,75,75,75,75,75,75,75,75,75,75,75,75,75,75,75,75,75,75,75,75,75],"relic_stats":{"Regal Pillow":15,"Happy Flower":[1],"counters":[12,57],"Astrolabe":["Reinforced Body","Go for the Eyes","Consume"],"PreservedInsect":39,"obtain_stats":[{"Du-Vu Doll":0,"Regal Pillow":9,"Happy Flower":19,"Astrolabe":17,"PreservedInsect":13,"Toxic Egg 2":20,"Cracked Core":0,"Toy Ornithopter":6,"WarpedTongs":21},{"Du-Vu Doll":0,"Regal Pillow":7,"Happy Flower":10,"Astrolabe":9,"PreservedInsect":8,"Toxic Egg 2":10,"Cracked Core":0,"Toy Ornithopter":6,"WarpedTongs":10},{"Du-Vu Doll":0,"Regal Pillow":26,"Happy Flower":53,"Astrolabe":47,"PreservedInsect":32,"Toxic Egg 2":53,"Cracked Core":0,"Toy Ornithopter":21,"WarpedTongs":53}],"Toy Ornithopter":10,"WarpedTongs":[4]},"card_choices":[{"not_picked":["Barrage","Stack"],"picked":"Coolheaded","floor":1},{"not_picked":["Leap","Streamline"],"picked":"Gash","floor":2},{"not_picked":["Beam Cell","Cold Snap"],"picked":"Go for the Eyes","floor":3},{"not_picked":["Barrage","Redo"],"picked":"Glacier","floor":4},{"not_picked":["Beam Cell","Steam"],"picked":"Chill","floor":5},{"not_picked":["Storm","Compile Driver"],"picked":"Undo","floor":6},{"not_picked":["Rip and Tear","Storm"],"picked":"Gash","floor":8},{"not_picked":["Conserve Battery","Beam Cell"],"picked":"Hello World","floor":13},{"not_picked":["Electrodynamics","Machine Learning"],"picked":"All For One","floor":16},{"not_picked":["Darkness+1","Coolheaded+1"],"picked":"Go for the Eyes","floor":18},{"not_picked":["Static Discharge","Conserve Battery+1"],"picked":"Rebound","floor":22}],"player_experience":1395562,"relics_obtained":[{"floor":6,"key":"Toy Ornithopter"},{"floor":9,"key":"Regal Pillow"},{"floor":13,"key":"PreservedInsect"}],"event_choices":[{"damage_healed":18,"gold_gain":0,"player_choice":"Healed and dodged fight","damage_taken":0,"max_hp_gain":0,"max_hp_loss":0,"event_name":"Mushrooms","floor":11,"gold_loss":0,"cards_obtained":["Parasite"]},{"damage_healed":0,"gold_gain":0,"player_choice":"Entered Light","damage_taken":15,"max_hp_gain":0,"max_hp_loss":0,"event_name":"Shining Light","floor":12,"gold_loss":0,"cards_upgraded":["Strike_B","Dualcast"]},{"damage_healed":0,"gold_gain":0,"player_choice":"Stole Relic","damage_taken":0,"relics_obtained":["Happy Flower"],"max_hp_gain":0,"max_hp_loss":0,"event_name":"Addict","floor":19,"gold_loss":0,"cards_obtained":["Shame"]},{"damage_healed":0,"gold_gain":0,"player_choice":"Rummage","damage_taken":0,"relics_obtained":["WarpedTongs"],"max_hp_gain":0,"max_hp_loss":0,"event_name":"Accursed Blacksmith","floor":21,"gold_loss":0,"cards_obtained":["Pain"]}],"is_beta":false,"boss_relics":[{"not_picked":["Coffee Dripper","Sozu"],"picked":"Astrolabe"}],"items_purged_floors":[],"is_endless":false,"potions_floor_spawned":[4,5,8,18],"killed_by":"Slavers","ascension_level":6}}