{"host":"4nqeo0vu1vuav7gg","time":1612937221,"event":{"mods":["AchievementEnabler","BaseMod","Block Reminder","Colored Map","Colored Powertips","Highlight Path","Minty Spire (QoL Compilation)","Quick Restart","Rare Cards Sparkle","Relic Relevance Reorder","StSLib"],"gold_per_floor":[119,138,138,138,154,154,5,35,35,35,46,46,81,101,101,178,178,190,251,301,301],"floor_reached":20,"language":"ENG","playtime":772,"items_purged":["Strike_B"],"score":368,"play_id":"22504caf-7883-4841-98aa-b1bab8223f8c","local_time":"20210210070701","is_ascension_mode":true,"campfire_choices":[{"data":"Zap","floor":6.0,"key":"SMITH"},{"floor":10.0,"key":"REST"},{"floor":15.0,"key":"REST"}],"circlet_count":0,"master_deck":["AscendersBane","Defend_B","Defend_B","Defend_B","Defend_B","Zap+1","Dualcast","Capacitor","Cold Snap","Capacitor","Undo","Fusion","Defragment","Loop","Biased Cognition","Redo+1","Capacitor+1","Blizzard+1","Barrage","Chill"],"relics":["Cracked Core","Happy Flower","Emotion Chip","FossilizedHelix","Bronze Scales","Darkstone Periapt","SsserpentHead","Astrolabe"],"acts_visited":["Exordium","TheCity"],"potions_floor_usage":[18],"damage_taken":[{"damage":7.0,"enemies":"2 Louse","floor":1.0,"turns":2.0},{"damage":1.0,"enemies":"Small Slimes","floor":2.0,"turns":3.0},{"damage":9.0,"enemies":"Cultist","floor":5.0,"turns":4.0},{"damage":25.0,"enemies":"3 Sentries","floor":8.0,"turns":8.0},{"damage":6.0,"enemies":"2 Fungi Beasts","floor":11.0,"turns":3.0},{"damage":33.0,"enemies":"Gremlin Nob","floor":13.0,"turns":5.0},{"damage":0.0,"enemies":"Looter","floor":14.0,"turns":4.0},{"damage":19.0,"enemies":"Slime Boss","floor":16.0,"turns":10.0},{"damage":15,"enemies":"Chosen","floor":18,"turns":6},{"damage":24,"enemies":"3 Byrds","floor":19,"turns":4},{"damage":26,"enemies":"Masked Bandits","floor":20,"turns":2}],"seed_played":"-8263493451746340830","potions_obtained":[{"floor":2.0,"key":"LiquidBronze"},{"floor":14.0,"key":"ColorlessPotion"},{"floor":16.0,"key":"GamblersBrew"}],"is_trial":false,"path_per_floor":["M","M","?","?","M","R","$","E","T","R","M","?","E","M","R","B",null,"M","M","?"],"character_chosen":"DEFECT","items_purchased":["Undo"],"campfire_rested":2,"item_purchase_floors":[7],"current_hp_per_floor":[57,56,62,55,46,46,46,21,21,44,38,38,5,5,28,9,60,45,21,0,0],"gold":301,"neow_bonus":"RANDOM_COMMON_RELIC","is_daily":false,"chose_seed":false,"campfire_upgraded":1,"win_rate":0.0,"timestamp":1612937221,"path_taken":["M","M","?","?","M","R","$","E","T","R","M","?","E","M","R","BOSS","M","?","?"],"items_purchased_type":["Card"],"build_version":"2020-12-22","purchased_purges":1,"victory":false,"max_hp_per_floor":[71,71,77,77,77,77,77,77,77,77,77,77,77,77,77,77,77,77,77,77,77],"card_choices":[{"not_picked":["Leap","Cold Snap"],"picked":"Capacitor","floor":1.0},{"not_picked":["Steam","Beam Cell"],"picked":"Cold Snap","floor":2.0},{"not_picked":["Beam Cell","Barrage"],"picked":"Capacitor","floor":5.0},{"not_picked":["Force Field","Sweeping Beam"],"picked":"Fusion","floor":8.0},{"not_picked":["Skim","Aggregate","Beam Cell"],"picked":"SKIP","floor":11.0},{"not_picked":["Tempest","Chaos"],"picked":"Defragment","floor":13.0},{"not_picked":["Streamline","Hologram"],"picked":"Loop","floor":14.0},{"not_picked":["Core Surge","Fission"],"picked":"Biased Cognition","floor":16.0},{"not_picked":["Beam Cell","Rebound"],"picked":"Barrage","floor":18},{"not_picked":["Loop","Steam"],"picked":"Chill","floor":19}],"player_experience":1098476,"relics_obtained":[{"floor":8.0,"key":"FossilizedHelix"},{"floor":9.0,"key":"Bronze Scales"},{"floor":13.0,"key":"Emotion Chip"}],"event_choices":[{"damage_healed":0.0,"max_hp_gain":0.0,"max_hp_loss":0.0,"gold_gain":0.0,"event_name":"Big Fish","player_choice":"Box","floor":3.0,"gold_loss":0.0,"damage_taken":0.0,"relics_obtained":["Darkstone Periapt"],"cards_obtained":["Regret"]},{"cards_removed":["Regret"],"damage_healed":0.0,"max_hp_gain":0.0,"max_hp_loss":0.0,"gold_gain":0.0,"event_name":"Golden Wing","player_choice":"Card Removal","floor":4.0,"gold_loss":0.0,"damage_taken":7.0},{"damage_healed":0.0,"max_hp_gain":0.0,"max_hp_loss":0.0,"gold_gain":0.0,"event_name":"FaceTrader","player_choice":"Trade","floor":12.0,"gold_loss":0.0,"damage_taken":0.0,"relics_obtained":["SsserpentHead"]},{"damage_healed":0,"gold_gain":0,"player_choice":"Fought Bandits","damage_taken":0,"max_hp_gain":0,"max_hp_loss":0,"event_name":"Masked Bandits","floor":20,"gold_loss":0}],"is_beta":false,"boss_relics":[{"not_picked":["Runic Pyramid","Nuclear Battery"],"picked":"Astrolabe"}],"items_purged_floors":[7],"is_endless":false,"potions_floor_spawned":[2,14,16],"killed_by":"Masked Bandits","ascension_level":20}}