{"host":"zs3tguvuxkh90jf4","time":1612923820,"event":{"mods":["AchievementEnabler","BaseMod","Better Silent Start","Better-Laid Plans","BetterRewards","Block Reminder","Colored Map","Colored Powertips","Gold Saver","Minty Spire (QoL Compilation)","Shop Mod","StSLib","Transform Curses"],"gold_per_floor":[3015,3015,3027,3044,1843,1843,1843],"floor_reached":6,"language":"ENG","playtime":238,"items_purged":["Strike_G"],"score":70,"play_id":"701fdc20-e5be-48d0-b290-d14a365c0bf9","local_time":"20210209182340","is_ascension_mode":true,"campfire_choices":[],"circlet_count":0,"master_deck":["AscendersBane","Strike_G","Strike_G","Strike_G","Defend_G","Defend_G","Defend_G","Defend_G","Survivor","Neutralize","Noxious Fumes","Cloak And Dagger","Terror","Footwork","Blade Dance","Accuracy","Footwork","Distraction"],"relics":["Ring of the Snake","TwistedFunnel","Singing Bowl","Dream Catcher","Pen Nib","Torii","Strange Spoon","MerchantsRug"],"acts_visited":["Exordium"],"potions_floor_usage":[6],"damage_taken":[{"damage":2,"enemies":"Cultist","floor":1,"turns":4},{"damage":0,"enemies":"2 Louse","floor":3,"turns":2},{"damage":7,"enemies":"Jaw Worm","floor":4,"turns":4},{"damage":24,"enemies":"Gremlin Nob","floor":6,"turns":3}],"seed_played":"-6099069199012800059","potions_obtained":[],"is_trial":false,"path_per_floor":["M","?","M","M","$","E"],"character_chosen":"THE_SILENT","items_purchased":["TwistedFunnel","Singing Bowl","Noxious Fumes","Cloak And Dagger","Terror","Pen Nib","Torii","Strange Spoon","Footwork","Distraction","MerchantsRug","SkillPotion","Ancient Potion"],"campfire_rested":0,"item_purchase_floors":[0,0,0,0,0,5,5,5,5,5,5,5,5],"current_hp_per_floor":[57,31,31,24,24,0,0],"gold":1843,"neow_bonus":"","is_daily":false,"chose_seed":false,"campfire_upgraded":0,"win_rate":0.0,"timestamp":1612923820,"path_taken":["M","?","M","M","$","E"],"items_purchased_type":["Relic","Relic","Card","Card","Card","Relic","Relic","Relic","Card","Card","Relic","Potion","Potion"],"build_version":"2020-12-22","purchased_purges":1,"victory":false,"max_hp_per_floor":[66,66,66,66,66,66,66],"card_choices":[{"not_picked":["Deadly Poison","PiercingWail"],"picked":"Footwork","floor":1},{"not_picked":["Flechettes","Skewer"],"picked":"Blade Dance","floor":3},{"not_picked":["Choke","Dagger Spray"],"picked":"Accuracy","floor":4}],"player_experience":556789,"relics_obtained":[],"event_choices":[{"damage_healed":0,"gold_gain":0,"player_choice":"Success","damage_taken":26,"relics_obtained":["Dream Catcher"],"max_hp_gain":0,"max_hp_loss":0,"event_name":"Scrap Ooze","floor":2,"gold_loss":0}],"is_beta":false,"boss_relics":[],"items_purged_floors":[5],"is_endless":false,"potions_floor_spawned":[],"killed_by":"Gremlin Nob","ascension_level":19}}