{"host":"am0cr9xwekqmrere","time":1612923038,"event":{"mods":["AchievementEnabler","Act Like it!","BaseMod","Better Altar","Better Match","Better Note","Better Sensory Stone","Better Skull","Better Third Choice","BetterRewards","Conspire","Downfall","Hubris","Infinite Spire","Minty Spire (QoL Compilation)","Rare Cards Sparkle","Spicy Shops","StSLib","Unceasing Turn Reminder"],"gold_per_floor":[99,118,68,86,101,132,132,32,32,32,32],"floor_reached":9,"language":"ENG","playtime":462,"items_purged":[],"score":86,"play_id":"60786103-2da7-4090-b8be-07cc1d26eb66","local_time":"20210209201038","is_ascension_mode":false,"campfire_choices":[{"floor":1,"key":"RECALL"},{"floor":8,"key":"REST"}],"circlet_count":0,"master_deck":["bronze:Strike","bronze:Strike","bronze:Strike","bronze:Strike","bronze:Defend","bronze:Defend","bronze:Defend","bronze:Defend","bronze:Replicate","bronze:Goto","bronze:Shell","bronze:DarkDash","bronze:Optimize","bronze:ForceShield","bronze:Boost"],"relics":["bronze:BronzeCore","Oddly Smooth Stone","downfall:HeartBlessingBlue"],"acts_visited":["Exordium"],"potions_floor_usage":[9],"damage_taken":[{"damage":4,"enemies":"Cultist","floor":2,"turns":4},{"damage":0,"enemies":"downfall:FleeingMerchant","floor":3,"turns":4},{"damage":7,"enemies":"Small Slimes","floor":4,"turns":4},{"damage":6,"enemies":"Jaw Worm","floor":5,"turns":4},{"damage":48,"enemies":"3 Sentries","floor":6,"turns":15},{"damage":65,"enemies":"Gremlin Nob","floor":9,"turns":6}],"seed_played":"-6145526632922134073","potions_obtained":[{"floor":6,"key":"bronze:BuildAFunctionPotion"}],"is_trial":false,"path_per_floor":["R","M","$","M","M","E","T","R","E"],"character_chosen":"THE_AUTOMATON","items_purchased":["bronze:Optimize"],"campfire_rested":1,"item_purchase_floors":[3],"current_hp_per_floor":[77,73,73,66,60,12,12,48,0,0,0],"gold":32,"neow_bonus":"TEN_PERCENT_HP_BONUS","is_daily":false,"chose_seed":false,"campfire_upgraded":0,"win_rate":0.0,"timestamp":1612923038,"path_taken":["R","M","?","M","M","E","T","R","E"],"items_purchased_type":["Card"],"build_version":"2020-12-22","purchased_purges":0,"victory":false,"max_hp_per_floor":[77,77,77,77,77,77,77,87,87,87,87],"card_choices":[{"not_picked":["bronze:Optimize","bronze:Repulsor"],"picked":"bronze:Shell","floor":2},{"not_picked":["bronze:BugBarrage","bronze:DelayedGuard"],"picked":"bronze:DarkDash","floor":3},{"not_picked":["bronze:FineTuning","bronze:Refactor"],"picked":"bronze:ForceShield","floor":4},{"not_picked":["bronze:Invalidate","bronze:Allocate","bronze:Backtrace"],"picked":"SKIP","floor":5},{"not_picked":["bronze:Turbo","bronze:FineTuning"],"picked":"bronze:Boost","floor":6}],"player_experience":2754143,"relics_obtained":[{"floor":6,"key":"Oddly Smooth Stone"}],"event_choices":[],"is_beta":false,"boss_relics":[],"items_purged_floors":[],"is_endless":false,"potions_floor_spawned":[6],"killed_by":"Gremlin Nob","ascension_level":0}}