{"host":"h1l2j95f0ioyx0nx","time":1612969104,"event":{"mods":["100% Spire Juice","AchievementEnabler","Act Like it!","Arknights","Ascension Reborn","BaseMod","BetterRewards","Gold Saver","GungeonMod","Hermit","Minty Spire (QoL Compilation)","Permanent Neow","Quick Restart","Shop Mod","Spicy Shops","StSLib","The Bug Knight","The Cursed","The Dragon Tamer","The Gatherer","The Hierophant","The Jungle","The Poker Player","The Runesmith"],"gold_per_floor":[2027,631,650,664,681,681,697,757,757,757,847,302,302,334,334,458,458,471,489,506,520,18,18,42,80,80,80,94,136,153,167,190,190,190,305,305,317,337,357,357,26,26,50,50,50,74,92,92,152,190,190,190,190,190,30,72,72],"floor_reached":58,"language":"KOR","playtime":6672,"items_purged":["Writhe","Gatherer:Defend_Gatherer+1","Pain"],"score":1342,"play_id":"a8c4e73c-24fd-4072-9eac-9a3907cd64bc","local_time":"20210210235824","is_ascension_mode":true,"metric_token":1565,"campfire_choices":[{"floor":6,"key":"RECALL"},{"data":"Jack Of All Trades","floor":13,"key":"SMITH"},{"data":"Gatherer:BigPouch","floor":15,"key":"SMITH"},{"data":"Gatherer:Examine","floor":23,"key":"SMITH"},{"data":"Gatherer:Snatch","floor":27,"key":"SMITH"},{"data":"Gatherer:Enchant","floor":33,"key":"SMITH"},{"data":"Gatherer:Bulldoze","floor":42,"key":"SMITH"},{"data":"Gatherer:Misfortune","floor":44,"key":"SMITH"},{"data":"DemoMod:Elimentaler","floor":51,"key":"SMITH"},{"data":"Finesse","floor":54,"key":"SMITH"}],"circlet_count":0,"master_deck":["Gatherer:Strike_Gatherer+1","Gatherer:Strike_Gatherer+1","Gatherer:Strike_Gatherer+1","Gatherer:Strike_Gatherer+1","Gatherer:Strike_Gatherer+1","Gatherer:Defend_Gatherer+1","Gatherer:Defend_Gatherer+1","Gatherer:Defend_Gatherer+1","Gatherer:Defend_Gatherer+1","Gatherer:Centralize+1","Gatherer:FlowerWhip+2","Finesse+1","Gatherer:GlowingPlant+1","Gatherer:Shadow","Gatherer:Light+1","Gatherer:WitheringStrike","Gatherer:BalancedGrowth+1","Mayhem+1","Gatherer:QuickSynthesis+1","Jack Of All Trades+1","Gatherer:AlchemyTrial+1","Gatherer:OddSpoils+1","Gatherer:BigPouch+1","Gatherer:Liquidism+1","Gatherer:Examine+1","Gatherer:Enchant+1","Gatherer:ScrollOfWall","Gatherer:Snatch+1","Gatherer:BomberForm+1","Gatherer:Uplift+1","Gatherer:Liquidism+1","Gatherer:RecipeChange+1","Gatherer:EchoOfNature+1","DemoMod:Elimentaler+1","Gatherer:StoneFence+1","Gatherer:Bulldoze+1","Gatherer:BomberForm+1","Gatherer:Misfortune+1","Gatherer:Duplicator+1","Gatherer:Transmute+1","Gatherer:Snatch+1","Thinking Ahead+1","Discovery+1","Gatherer:EnergyBasket+1","Gatherer:Liquidism+1","Gatherer:FruitForce+1","Enlightenment+1","Gatherer:Solidify+1"],"relics":["Gatherer:AlchemyBag","DemoMod:DecoyRelic","MerchantsRug","DemoMod:WeirdEgg","Frozen Egg 2","Runesmith:AutoHammer","Mercury Hourglass","Frozen Eye","DemoMod:MeatBun","Anchor","MealTicket","Happy Flower","Strange Spoon","Vajra","DemoMod:Metronome","HandDrill","Shuriken","DemoMod:AgedBell","SacredBark","Calipers","DemoMod:BlueGuonStone","Membership Card","Potion Belt","Chemical X","HornCleat","Darkstone Periapt","White Beast Statue","DemoMod:VorpalBullet","DemoMod:RatBoots","DemoMod:ResourcefulSack","DemoMod:PartiallyEatenCheese","Runic Pyramid","WarpedTongs","Mango","Bottled Flame","Toxic Egg 2","Juzu Bracelet","Toolbox","Meat on the Bone","Blue Candle","Dead Branch","Boot","Pen Nib","Bag of Preparation","DemoMod:GlassGuonStoneRelic","Whetstone"],"acts_visited":["Exordium","Exordium","theJungle:Jungle","TheBeyond","TheEnding"],"potions_floor_usage":[28,35,52,57,57,57,57],"damage_taken":[{"damage":0,"enemies":"ats:Genji","floor":1,"turns":2},{"damage":0,"enemies":"Small Slimes","floor":3,"turns":1},{"damage":0,"enemies":"Cultist","floor":4,"turns":1},{"damage":2,"enemies":"Exordium Wildlife","floor":5,"turns":3},{"damage":0,"enemies":"Lots of Slimes","floor":7,"turns":1},{"damage":0,"enemies":"Lagavulin","floor":14,"turns":3},{"damage":0,"enemies":"Slime Boss","floor":16,"turns":5},{"damage":0,"enemies":"theJungle:MUSHROOMGANG","floor":18,"turns":4},{"damage":0,"enemies":"theJungle:GiantWrat","floor":19,"turns":3},{"damage":8,"enemies":"theJungle:JungleHuntersEncounter","floor":20,"turns":4},{"damage":0,"enemies":"theJungle:Lyon","floor":21,"turns":2},{"damage":0,"enemies":"theJungle:SlimyTreeVines","floor":24,"turns":4},{"damage":1,"enemies":"theJungle:Cassacara","floor":25,"turns":3},{"damage":0,"enemies":"DemoMod:Veteran_shot_gun_kin_and_red_shotgun_kin","floor":28,"turns":2},{"damage":0,"enemies":"DemoMod:4_Bullet_Kins_with_one_veteran","floor":29,"turns":2},{"damage":0,"enemies":"DemoMod:2_Mousers","floor":30,"turns":2},{"damage":0,"enemies":"DemoMod:Veteran_shot_gun_kin_and_blue_shotgun_kin_with_gunsinger","floor":31,"turns":1},{"damage":0,"enemies":"DemoMod:Red_and_blue_shotgun_kin_with_gunsinger","floor":32,"turns":1},{"damage":0,"enemies":"DemoMod:ResourcefulRat","floor":35,"turns":8},{"damage":10,"enemies":"3 Shapes","floor":37,"turns":3},{"damage":0,"enemies":"3 Darklings","floor":38,"turns":3},{"damage":0,"enemies":"Sphere and 2 Shapes","floor":39,"turns":3},{"damage":0,"enemies":"Transient","floor":43,"turns":5},{"damage":0,"enemies":"3 Darklings","floor":46,"turns":3},{"damage":0,"enemies":"Jaw Worm Horde","floor":47,"turns":2},{"damage":0,"enemies":"Mind Bloom Boss Battle","floor":49,"turns":3},{"damage":3,"enemies":"Reptomancer","floor":50,"turns":3},{"damage":41,"enemies":"Time Eater","floor":52,"turns":6},{"damage":14,"enemies":"Shield and Spear","floor":56,"turns":4},{"damage":0,"enemies":"The Heart","floor":57,"turns":4}],"seed_played":"2098382407263886193","potions_obtained":[{"floor":1,"key":"SkillPotion"},{"floor":1,"key":"GamblersBrew"},{"floor":3,"key":"Explosive Potion"},{"floor":4,"key":"DemoMod:LeadSkinPotion"},{"floor":14,"key":"EssenceOfSteel"},{"floor":16,"key":"EntropicBrew"},{"floor":18,"key":"GhostInAJar"},{"floor":24,"key":"SneckoOil"},{"floor":24,"key":"DuplicationPotion"},{"floor":25,"key":"Strength Potion"},{"floor":25,"key":"GamblersBrew"},{"floor":28,"key":"Fruit Juice"},{"floor":28,"key":"Regen Potion"},{"floor":30,"key":"BottledMiracle"},{"floor":35,"key":"Poison Potion"},{"floor":43,"key":"BottledMiracle"},{"floor":43,"key":"GamblersBrew"},{"floor":46,"key":"BottledMiracle"},{"floor":46,"key":"GamblersBrew"},{"floor":50,"key":"DistilledChaos"},{"floor":56,"key":"SkillPotion"}],"is_trial":false,"path_per_floor":["M","$","M","M","M","R","M","?","T","?","?","$","R","E","R","B",null,"M","M","M","M","$","R","M","E","T","R","M","M","M","M","M","R","B","B",null,"M","M","M","?","$","R","M","R","T","M","M","?","?","E","R","B",null,"R","$","E","B",null],"character_chosen":"THE_GATHERER","items_purchased":["MerchantsRug","DemoMod:WeirdEgg","Frozen Egg 2","Runesmith:AutoHammer","DemoMod:GnawedKey","Mercury Hourglass","Frozen Eye","DemoMod:MeatBun","Gatherer:WitheringStrike","Gatherer:BalancedGrowth+1","Mayhem+1","Gatherer:QuickSynthesis","Jack Of All Trades","Happy Flower","Strange Spoon","Vajra","DemoMod:Metronome","HandDrill","Membership Card","Potion Belt","Chemical X","HornCleat","Darkstone Periapt","White Beast Statue","Mango","Gatherer:BomberForm+1","Gatherer:Misfortune","Bottled Flame","Toxic Egg 2","Juzu Bracelet","Toolbox","Gatherer:Duplicator+1","Pen Nib","Gatherer:FruitForce","Enlightenment+1","Bag of Preparation"],"campfire_rested":0,"item_purchase_floors":[2,2,2,2,2,2,2,2,2,2,2,2,2,12,12,12,12,12,22,22,22,22,22,22,41,41,41,41,41,41,41,41,55,55,55,55],"current_hp_per_floor":[77,77,77,77,75,75,75,75,75,60,53,74,74,74,74,81,82,82,82,74,74,82,82,82,81,82,82,92,92,92,92,92,92,92,97,97,87,87,87,95,117,117,117,117,117,117,117,112,112,109,109,75,122,122,126,112,119],"gold":72,"neow_bonus":"RANDOM_COLORLESS","is_daily":false,"chose_seed":false,"campfire_upgraded":9,"win_rate":0.0,"timestamp":1612969104,"path_taken":["M","$","M","M","M","R","M","?","T","?","?","$","R","E","R","BOSS","M","?","M","?","$","R","M","E","T","R","M","M","M","M","M","R","BOSS","BOSS","M","M","M","?","$","R","M","R","T","M","M","?","?","E","R","BOSS","R","$","E","BOSS"],"items_purchased_type":["Relic","Relic","Relic","Relic","Relic","Relic","Relic","Relic","Card","Card","Card","Card","Card","Relic","Relic","Relic","Relic","Relic","Relic","Relic","Relic","Relic","Relic","Relic","Relic","Card","Card","Relic","Relic","Relic","Relic","Card","Relic","Card","Card","Relic"],"build_version":"2020-12-22","purchased_purges":3,"victory":true,"max_hp_per_floor":[77,77,77,77,77,77,77,77,77,77,77,77,77,77,77,82,82,82,82,82,82,82,82,82,82,82,82,92,92,92,92,92,92,92,97,97,97,97,97,103,117,117,117,117,117,117,117,117,117,117,117,122,122,122,126,126,131],"card_choices":[{"not_picked":["Blind","Forethought"],"picked":"Finesse","floor":0},{"not_picked":["Gatherer:FlowerFalling","Gatherer:WoolGloves+1"],"picked":"Gatherer:GlowingPlant+1","floor":1},{"not_picked":["Gatherer:Frenzy","Gatherer:Herbalism"],"picked":"Gatherer:AlchemyTrial+1","floor":3},{"not_picked":["Gatherer:EnergyBasket","Gatherer:FragileHammer"],"picked":"Gatherer:OddSpoils+1","floor":4},{"not_picked":["Gatherer:DrugPower","Gatherer:Snatch"],"picked":"Gatherer:BigPouch","floor":5},{"not_picked":["Gatherer:DrugPower+1","Gatherer:ScherryThrow","Gatherer:RecipeChange"],"picked":"SKIP","floor":7},{"not_picked":["Gatherer:Convert","Gatherer:CarefulStrike"],"picked":"Gatherer:Liquidism+1","floor":14},{"not_picked":["Gatherer:RecoveryHerb","Gatherer:WoolGloves+1","Gatherer:BalancedGrowth+1"],"picked":"SKIP","floor":14},{"not_picked":["Gatherer:Bulldoze","Gatherer:FinishingStrike"],"picked":"Gatherer:Examine","floor":16},{"not_picked":["Gatherer:Convert","Gatherer:Misfortune"],"picked":"Gatherer:Enchant","floor":18},{"not_picked":["Gatherer:Frenzy","Gatherer:FlowerShield","Gatherer:SaveValuables+1"],"picked":"SKIP","floor":19},{"not_picked":["Gatherer:BambuSword","Gatherer:SmartManeuver"],"picked":"Gatherer:ScrollOfWall","floor":20},{"not_picked":["Gatherer:BambuSword","Gatherer:WoolGloves"],"picked":"Gatherer:Snatch","floor":21},{"not_picked":["Gatherer:Convert","Gatherer:AcidicSpray","Gatherer:TacticalStrike"],"picked":"SKIP","floor":24},{"not_picked":["Gatherer:BigPouch","Gatherer:BambuSword"],"picked":"Gatherer:BomberForm+1","floor":25},{"not_picked":["Gatherer:Duality+1","Gatherer:TacticalStrike"],"picked":"Gatherer:Uplift+1","floor":28},{"not_picked":["Gatherer:ScherryThrow+1","Gatherer:DrugPower+1"],"picked":"Gatherer:Liquidism+1","floor":29},{"not_picked":["Gatherer:ScentOfRosmari+1","Gatherer:SaveValuables+1"],"picked":"Gatherer:RecipeChange+1","floor":30},{"not_picked":["Gatherer:VenomBarrier+1","Gatherer:FragileHammer","Gatherer:MiningStrike"],"picked":"SKIP","floor":31},{"not_picked":["Gatherer:WoolGloves","Gatherer:FlowerBeam+1"],"picked":"Gatherer:EchoOfNature+1","floor":32},{"not_picked":[],"picked":"DemoMod:Elimentaler","floor":35},{"not_picked":["Gatherer:ScrollOfPurity","Gatherer:Photoscythe"],"picked":"Gatherer:StoneFence+1","floor":35},{"not_picked":["Gatherer:ScrollOfWall+1","Gatherer:RecipeChange+1","Gatherer:WoolGloves+1"],"picked":"SKIP","floor":37},{"not_picked":["Gatherer:Frenzy+1","Gatherer:DrugPower+1"],"picked":"Gatherer:Bulldoze","floor":38},{"not_picked":["Gatherer:TreeGrowth+1","Gatherer:CarefulStrike+1","Gatherer:BalancedGrowth+1"],"picked":"SKIP","floor":39},{"not_picked":["Gatherer:RottenStipe+1","Gatherer:TacticalStrike+1","Gatherer:PotentialSlash"],"picked":"SKIP","floor":43},{"not_picked":["Gatherer:SmartManeuver+1","Gatherer:Uplift+1"],"picked":"Gatherer:Transmute+1","floor":46},{"not_picked":["Gatherer:BambuSword+1","Gatherer:Polymorphism+1"],"picked":"Gatherer:Snatch+1","floor":47},{"not_picked":["Forethought+1","Trip+1"],"picked":"Thinking Ahead+1","floor":48},{"not_picked":["Enlightenment+1","Panacea+1"],"picked":"Discovery+1","floor":48},{"not_picked":["Gatherer:MiningStrike+1","Gatherer:CarefulStrike+1"],"picked":"Gatherer:EnergyBasket+1","floor":49},{"not_picked":["Gatherer:CollectorsShot+1","Gatherer:Duality+1"],"picked":"Gatherer:Liquidism+1","floor":50},{"not_picked":["Gatherer:ScrollOfWall+1","Gatherer:UpgradeBag+1"],"picked":"Gatherer:Solidify+1","floor":56}],"player_experience":193732,"relics_obtained":[{"floor":1,"key":"DemoMod:DecoyRelic"},{"floor":5,"key":"Anchor"},{"floor":9,"key":"MealTicket"},{"floor":14,"key":"Shuriken"},{"floor":16,"key":"DemoMod:AgedBell"},{"floor":20,"key":"Calipers"},{"floor":21,"key":"DemoMod:BlueGuonStone"},{"floor":25,"key":"HollowMod:PaleOreRelic"},{"floor":35,"key":"DemoMod:VorpalBullet"},{"floor":36,"key":"DemoMod:RatBoots"},{"floor":36,"key":"DemoMod:ResourcefulSack"},{"floor":36,"key":"DemoMod:PartiallyEatenCheese"},{"floor":36,"key":"Runic Pyramid"},{"floor":36,"key":"Sozu"},{"floor":45,"key":"Meat on the Bone"},{"floor":45,"key":"Blue Candle"},{"floor":49,"key":"Dead Branch"},{"floor":50,"key":"Boot"},{"floor":56,"key":"Whetstone"}],"event_choices":[{"damage_healed":0,"gold_gain":50,"player_choice":"Gained Gold","damage_taken":0,"max_hp_gain":0,"max_hp_loss":0,"event_name":"Golden Wing","floor":8,"gold_loss":0},{"damage_healed":0,"gold_gain":0,"player_choice":"Entered Light","damage_taken":15,"max_hp_gain":0,"max_hp_loss":0,"event_name":"Shining Light","floor":10,"gold_loss":0,"cards_upgraded":["Gatherer:Light","Gatherer:QuickSynthesis"]},{"damage_healed":0,"gold_gain":75,"player_choice":"Touch","damage_taken":7,"max_hp_gain":0,"max_hp_loss":0,"event_name":"FaceTrader","floor":11,"gold_loss":0},{"damage_healed":0,"gold_gain":0,"player_choice":"Rummage","damage_taken":0,"relics_obtained":["WarpedTongs"],"max_hp_gain":0,"max_hp_loss":0,"event_name":"Accursed Blacksmith","floor":40,"gold_loss":0,"cards_obtained":["Pain"]},{"damage_healed":0,"gold_gain":0,"player_choice":"Memory 2","damage_taken":5,"max_hp_gain":0,"max_hp_loss":0,"event_name":"SensoryStone","floor":48,"gold_loss":0},{"damage_healed":0,"gold_gain":0,"player_choice":"Fight","damage_taken":0,"max_hp_gain":0,"max_hp_loss":0,"event_name":"MindBloom","floor":49,"gold_loss":0}],"is_beta":false,"boss_relics":[{"not_picked":["Busted Crown","Philosopher\u0027s Stone"],"picked":"SacredBark"},{"not_picked":[]}],"items_purged_floors":[2,22,41],"is_endless":false,"potions_floor_spawned":[1,5,16,18,20,24,25,28,29,30,31,32,35,37,38,39,43,46,47,49,50,56],"ascension_level":0}}