{"host":"88lvt7gsyxh4j61b","time":1612994363,"event":{"mods":["BaseMod","Colored Powertips","Highlight Path","Minty Spire (QoL Compilation)","Quick Restart"],"gold_per_floor":[115,115,133,308,49,84,84,103,103,136,136,61,84,84,84,204,204,222,235,91,107,127,127,127],"floor_reached":23,"language":"ITA","playtime":8998,"items_purged":["Doubt"],"score":226,"play_id":"d6574df5-16d9-42d0-95ac-71222066488c","local_time":"20210210225923","is_ascension_mode":false,"campfire_choices":[{"floor":11,"key":"RECALL"},{"data":"Prostrate","floor":15,"key":"SMITH"}],"circlet_count":0,"master_deck":["Strike_P","Strike_P","Strike_P","Strike_P","Defend_P","Defend_P","Defend_P","Defend_P","Eruption","Vigilance","BattleHymn","Prostrate+1","ConjureBlade","Judgement","Collect","Worship+1","BattleHymn"],"relics":["PureWater","NeowsBlessing","Golden Idol","Singing Bowl","MealTicket","Shuriken","PreservedInsect","Fusion Hammer","Orichalcum"],"acts_visited":["Exordium","TheCity"],"potions_floor_usage":[10,16,16,18,19,21],"damage_taken":[{"damage":0,"enemies":"Small Slimes","floor":1,"turns":1},{"damage":0,"enemies":"Jaw Worm","floor":3,"turns":1},{"damage":0,"enemies":"Lagavulin","floor":6,"turns":1},{"damage":5,"enemies":"Cultist","floor":8,"turns":4},{"damage":12,"enemies":"3 Sentries","floor":10,"turns":7},{"damage":16,"enemies":"Lots of Slimes","floor":13,"turns":6},{"damage":28,"enemies":"Slime Boss","floor":16,"turns":7},{"damage":3,"enemies":"Chosen","floor":18,"turns":5},{"damage":15,"enemies":"3 Byrds","floor":19,"turns":4},{"damage":25,"enemies":"Cultist and Chosen","floor":21,"turns":7},{"damage":44,"enemies":"Snecko","floor":22,"turns":7},{"damage":13,"enemies":"Slavers","floor":23,"turns":1}],"seed_played":"-7563285631633567579","potions_obtained":[{"floor":3,"key":"SteroidPotion"},{"floor":6,"key":"DuplicationPotion"},{"floor":13,"key":"Weak Potion"},{"floor":16,"key":"Weak Potion"},{"floor":18,"key":"BlessingOfTheForge"},{"floor":19,"key":"Fruit Juice"}],"is_trial":false,"path_per_floor":["M","?","M","?","$","E","$","M","T","E","R","$","M","$","R","B",null,"M","M","$","M","M","E"],"character_chosen":"WATCHER","items_purchased":["Singing Bowl","Orichalcum"],"campfire_rested":0,"item_purchase_floors":[5,20],"current_hp_per_floor":[72,54,54,54,54,54,69,66,66,56,56,71,57,72,72,44,78,75,62,77,57,13,0,0],"gold":127,"neow_bonus":"THREE_ENEMY_KILL","is_daily":false,"chose_seed":false,"campfire_upgraded":1,"win_rate":0.0,"timestamp":1612994363,"path_taken":["M","?","M","?","$","E","?","M","T","E","R","$","?","$","R","BOSS","M","M","$","M","?","E"],"items_purchased_type":["Relic","Relic"],"build_version":"2020-12-22","purchased_purges":1,"victory":false,"max_hp_per_floor":[72,72,72,72,72,72,72,74,74,76,76,76,78,78,78,78,78,78,80,80,85,85,85,85],"card_choices":[{"not_picked":["BowlingBash","EmptyBody"],"picked":"BattleHymn","floor":1},{"not_picked":["ClearTheMind","BowlingBash"],"picked":"Prostrate","floor":3},{"not_picked":["Judgement","CrushJoints"],"picked":"ConjureBlade","floor":6},{"not_picked":["FlurryOfBlows","Sanctity","Vengeance"],"picked":"Singing Bowl","floor":8},{"not_picked":["ClearTheMind","Tantrum","FlyingSleeves"],"picked":"Singing Bowl","floor":10},{"not_picked":["ThirdEye","Nirvana","WreathOfFlame"],"picked":"Singing Bowl","floor":13},{"not_picked":["Omniscience","Ragnarok"],"picked":"Judgement","floor":16},{"not_picked":["TalkToTheHand","Weave"],"picked":"Collect","floor":18},{"not_picked":["InnerPeace","Weave","FearNoEvil"],"picked":"Singing Bowl","floor":19},{"not_picked":["Study","SashWhip"],"picked":"Worship+1","floor":21},{"not_picked":["Conclude","FlurryOfBlows"],"picked":"BattleHymn","floor":22}],"player_experience":311375,"relics_obtained":[{"floor":6,"key":"MealTicket"},{"floor":9,"key":"Shuriken"},{"floor":10,"key":"PreservedInsect"}],"event_choices":[{"damage_healed":0,"gold_gain":0,"player_choice":"Take Damage","damage_taken":18,"relics_obtained":["Golden Idol"],"max_hp_gain":0,"max_hp_loss":0,"event_name":"Golden Idol","floor":2,"gold_loss":0},{"damage_healed":0,"gold_gain":175,"player_choice":"AGREE","damage_taken":0,"max_hp_gain":0,"max_hp_loss":0,"event_name":"Liars Game","floor":4,"gold_loss":0,"cards_obtained":["Doubt"]}],"is_beta":false,"boss_relics":[{"not_picked":["VioletLotus","Busted Crown"],"picked":"Fusion Hammer"}],"items_purged_floors":[12],"is_endless":false,"potions_floor_spawned":[3,6,13,16,18,19],"killed_by":"Slavers","ascension_level":0}}