{"host":"vumwfieg2b2mnrfl","time":1612998248,"event":{"mods":["AchievementEnabler","BaseMod","Minty Spire (QoL Compilation)","Rare Cards Sparkle","Relic Stats"],"gold_per_floor":[10,10,20,34,34,63,63,75,102,137,194,207,41,41,41,41,41],"floor_reached":16,"language":"ENG","playtime":519,"items_purged":[],"score":220,"play_id":"5bd641f5-ec03-432a-8a73-0fc78c2afd0d","local_time":"20210210170408","is_ascension_mode":true,"campfire_choices":[{"data":"Demon Form","floor":7.0,"key":"SMITH"},{"data":"Bash","floor":15.0,"key":"SMITH"}],"circlet_count":0,"master_deck":["AscendersBane","Strike_R","Strike_R","Strike_R","Strike_R","Strike_R","Defend_R+1","Defend_R","Defend_R","Defend_R","Bash+1","Apotheosis+1","Battle Trance+1","Clothesline","Iron Wave","Demon Form+1","Twin Strike","Twin Strike","Cleave","Battle Trance","Regret"],"relics":["Burning Blood","Strawberry","War Paint","Happy Flower","PreservedInsect","OrangePellets","FossilizedHelix"],"acts_visited":["Exordium"],"potions_floor_usage":[16],"damage_taken":[{"damage":6.0,"enemies":"2 Louse","floor":1.0,"turns":4.0},{"damage":0.0,"enemies":"Cultist","floor":3.0,"turns":4.0},{"damage":5.0,"enemies":"Jaw Worm","floor":4.0,"turns":4.0},{"damage":36.0,"enemies":"3 Sentries","floor":6.0,"turns":11.0},{"damage":16.0,"enemies":"Exordium Thugs","floor":8.0,"turns":6.0},{"damage":8.0,"enemies":"Gremlin Nob","floor":10.0,"turns":3.0},{"damage":18.0,"enemies":"Gremlin Nob","floor":11.0,"turns":4.0},{"damage":0.0,"enemies":"Red Slaver","floor":12.0,"turns":3.0},{"damage":37,"enemies":"The Guardian","floor":16,"turns":8}],"seed_played":"591633490588175789","potions_obtained":[{"floor":3.0,"key":"DistilledChaos"},{"floor":8.0,"key":"Ancient Potion"},{"floor":11.0,"key":"GamblersBrew"},{"floor":12.0,"key":"Strength Potion"}],"is_trial":false,"path_per_floor":["M","?","M","M","$","E","R","M","T","E","?","M","$","?","R","B"],"character_chosen":"IRONCLAD","items_purchased":["OrangePellets"],"campfire_rested":0,"item_purchase_floors":[13],"current_hp_per_floor":[68,68,74,75,75,52,52,42,42,40,28,34,34,34,34,0,0],"gold":41,"neow_bonus":"RANDOM_COLORLESS_2","is_daily":false,"chose_seed":false,"campfire_upgraded":2,"win_rate":0.0,"timestamp":1612998248,"path_taken":["M","?","M","M","$","E","R","?","T","E","?","M","$","?","R","BOSS"],"items_purchased_type":["Relic"],"build_version":"2020-12-22","purchased_purges":0,"victory":false,"max_hp_per_floor":[75,75,75,75,75,82,82,82,82,82,82,82,82,82,82,82,82],"relic_stats":{"OrangePellets":[0],"Happy Flower":[5],"counters":[9,47],"PreservedInsect":0,"War Paint":["Defend_R","Battle Trance"],"obtain_stats":[{"OrangePellets":13,"Happy Flower":10,"Strawberry":6,"PreservedInsect":11,"War Paint":9,"Burning Blood":0,"FossilizedHelix":14},{"OrangePellets":8,"Happy Flower":6,"Strawberry":4,"PreservedInsect":7,"War Paint":5,"Burning Blood":0,"FossilizedHelix":8},{"OrangePellets":39,"Happy Flower":32,"Strawberry":23,"PreservedInsect":36,"War Paint":29,"Burning Blood":0,"FossilizedHelix":39}],"Burning Blood":48},"card_choices":[{"not_picked":["Magnetism","Chrysalis"],"picked":"Apotheosis","floor":0.0},{"not_picked":["Havoc","Dark Embrace"],"picked":"Battle Trance","floor":1.0},{"not_picked":["Armaments","Infernal Blade"],"picked":"Clothesline","floor":3.0},{"not_picked":["Pummel","Perfected Strike"],"picked":"Iron Wave","floor":4.0},{"not_picked":["Disarm","Feel No Pain"],"picked":"Demon Form","floor":6.0},{"not_picked":["Seeing Red","Blood for Blood"],"picked":"Twin Strike","floor":8.0},{"not_picked":["Clothesline","Thunderclap"],"picked":"Twin Strike","floor":10.0},{"not_picked":["Blood for Blood","Anger"],"picked":"Cleave","floor":11.0},{"not_picked":["Anger","Combust"],"picked":"Battle Trance","floor":12.0}],"player_experience":544733,"relics_obtained":[{"floor":6.0,"key":"Strawberry"},{"floor":9.0,"key":"War Paint"},{"floor":10.0,"key":"Happy Flower"},{"floor":11.0,"key":"PreservedInsect"}],"event_choices":[{"damage_healed":0.0,"max_hp_gain":0.0,"max_hp_loss":0.0,"gold_gain":0.0,"event_name":"Upgrade Shrine","player_choice":"Upgraded","floor":2.0,"gold_loss":0.0,"damage_taken":0.0,"cards_upgraded":["Apotheosis"]},{"damage_healed":0.0,"max_hp_gain":0.0,"max_hp_loss":0.0,"gold_gain":0.0,"event_name":"Dead Adventurer","player_choice":"Searched \u00271\u0027 times","floor":11.0,"gold_loss":0.0,"damage_taken":0.0},{"damage_healed":0.0,"max_hp_gain":0.0,"max_hp_loss":0.0,"gold_gain":0.0,"event_name":"Big Fish","player_choice":"Box","floor":14.0,"gold_loss":0.0,"damage_taken":0.0,"relics_obtained":["FossilizedHelix"],"cards_obtained":["Regret"]}],"is_beta":false,"boss_relics":[],"items_purged_floors":[],"is_endless":false,"potions_floor_spawned":[3,8,11,12],"killed_by":"The Guardian","ascension_level":20}}